3017 4942
485 357 617 425 848

484 529 588 568 nec
612 521 787 566 tamen
817 515 894 565 irs
927 515 1217 580 languescit
1238 522 1296 566 et
1327 517 1551 567 remitti-

488 599 591 645 tur.
658 592 831 642 Etiam
867 591 1049 641 Curtio
1067 597 1224 641 nno.
1247 594 1263 622 ‘
1282 592 1552 642 laxate-vis

486 666 691 732 morbi,’
711 669 905 718 dicitur
927 683 1026 733 pro
1057 669 1287 719 remissa.
1376 669 1563 731 Magis'

488 755 665 797 tsmen
692 747 863 810 placet
896 747 1128 810 vulgata,
1160 753 1216 796 et
1251 760 1284 794 a
1322 744 1554 809 plurimis

490 822 647 875 etism
694 822 960 873 codicibus
998 822 1320 879 confirmate,
1365 820 1556 882 lectio3

487 898 579 952 ubi
602 902 809 950 lassatur
832 898 971 949 idem
993 906 1090 961 est,
1107 898 1262 964 quod,
1279 897 1559 962 fatigatur,

489 974 713 1038 fatiscit,
732 988 896 1039 prope
918 974 1131 1024 desinit.
1166 976 1257 1024 Sic
1276 975 1554 1024 Terentius

491 1054 659 1103 utitur
693 1051 899 1101 nomine
939 1050 1198 1115 adjectivo
1227 1049 1461 1114 ‘lassus,'
1501 1051 1555 1100 in

492 1130 659 1181 Andr.
692 1144 757 1183 ιι.
796 1135 842 1182 t.
877 1136 927 1182 «t.
968 1131 984 1159 ‘
1010 1130 1229 1181 Animus
1254 1163 1269 1180 .
1294 1164 1309 1181 .
1334 1164 1349 1181 .
1373 1132 1557 1188 lassus,

491 1222 619 1258 euru
662 1207 951 1266 confectus,
991 1207 1220 1273 stupet.’·
1284 1208 1443 1260 Ovid.
1489 1223 1558 1258 ex

492 1285 684 1346 Ponto,
708 1298 785 1334 ιν.
805 1289 854 1334 8.
876 1288 927 1347 7,
947 1288 997 1335 8.
1021 1287 1037 1313 ‘
1057 1284 1292 1350 Impetus
1313 1285 1412 1335 iste
1437 1292 1556 1335 tuus

490 1361 702 1425 longum
726 1360 881 1410 modo
910 1360 1064 1410 duret
1088 1361 1140 1410 in
1176 1375 1368 1424 oevum,
1406 1361 1558 1410 Neve

492 1438 641 1486 malis
667 1437 836 1500 pietas
858 1436 930 1486 sit
956 1444 1043 1486 tus
1076 1436 1210 1486 lassa
1232 1438 1389 1498 meis3
1409 1436 1423 1458 '
1456 1438 1489 1485 i.
1514 1451 1563 1486 e.

494 1514 646 1564 modo
669 1513 770 1564 ista
792 1512 1029 1563 voluntas
1057 1520 1146 1563 tua
1165 1520 1226 1577 et
1253 1514 1405 1581 srdpr
1426 1513 1561 1563 bene

493 1590 725 1641 merendi
764 1597 967 1655 perstet
996 1590 1049 1639 in
1090 1591 1297 1655 longum
1338 1597 1565 1655 tempus,

494 1678 661 1731 neque
686 1673 806 1716 tuus
829 1679 975 1715 amor
1012 1666 1239 1716 lassetur
1273 1674 1430 1732 atque
1471 1667 1562 1716 de-

493 1740 746 1805 fetigetur
768 1741 998 1791 adversis
1017 1742 1171 1792 rebus
1190 1745 1334 1793 meis.
1365 1744 1564 1797 Quidni

494 1819 655 1882 enim,
678 1824 737 1868 ut
774 1819 1045 1881 ‘animum'
1081 1828 1136 1869 et
1173 1819 1454 1878 ‘fortunuss
1486 1822 1563 1872 sic

496 1897 654 1944 etism
697 1895 946 1946 dicantur
986 1895 1368 1948 benefaciendo
1411 1899 1563 1963 qussi

492 1975 509 2004 ⁴
529 1973 716 2023 lassari
731 1972 766 2022 ?’
798 1973 945 2022 Aliss
970 1974 1202 2024 Fortuna
1227 1976 1409 2024 eodem
1445 1989 1577 2025 sen-¹

496 2063 556 2098 sn
570 2048 763 2098 dicitur
778 2055 793 2079 ‘
809 2045 1065 2110 fatigaris
1088 2065 1135 2098 v.
1151 2065 1201 2114 g.
1215 2051 1352 2114 apud
1372 2051 1565 2103 Quinc·

499 2126 579 2177 til.
604 2124 841 2176 Decium.
873 2129 989 2174 271.
1028 2128 1044 2154 ‘
1066 2126 1355 2176 Fortiorem
1380 2140 1460 2176 me
1483 2124 1563 2175 fa-

497 2201 607 2252 ciet
628 2209 684 2252 et
724 2199 952 2252 fortuna.
1017 2202 1167 2253 Solet
1200 2201 1446 2267 fatigari3
1481 2217 1565 2252 so-

499 2280 594 2335 let,
616 2284 954 2344 posteaquam
992 2280 1203 2330 nimium
1244 2280 1480 2343 indulsit,
1514 2281 1565 2329 in

501 2355 605 2406 fine
649 2354 910 2407 deficere?
974 2356 1063 2407 Sic
1100 2364 1157 2407 et
1199 2357 1342 2409 Veli.
1387 2371 1447 2408 n.
1480 2361 1567 2407 69.

499 2434 515 2462 ‘
546 2433 728 2498 Neque
761 2433 1010 2497 reperias,
1045 2447 1173 2498 quos
1218 2441 1308 2484 aut
1357 2433 1570 2498 pronior

501 2508 712 2560 fortuna
734 2510 991 2559 comitata
1013 2509 1120 2572 sit,’
1135 2518 1224 2561 aut
1248 2510 1409 2560 veluti
1446 2508 1569 2559 fati·

504 2595 627 2650 gato
650 2586 898 2636 maturius
917 2585 1235 2648 destituerit,
1258 2601 1412 2652 quam
1436 2587 1572 2636 Bru-

505 2670 614 2713 tum
654 2672 710 2714 et
743 2662 1013 2713 Cassium.'
1079 2663 1194 2713 Nec
1233 2678 1355 2713 vero
1385 2664 1572 2713 mirum

505 2747 605 2795 est,
629 2738 893 2789 librarium
926 2739 1122 2790 codicis
1146 2740 1271 2796 mei,
1305 2754 1400 2804 pro
1427 2742 1585 2791 lasse··

505 2820 608 2877 tur,
629 2815 902 2879 scripsisse
923 2817 1139 2879 laxetur,
1158 2830 1275 2865 cum
1308 2815 1393 2866 bic
1425 2831 1574 2867 error

506 2892 661 2942 etiam
706 2892 761 2941 in
808 2892 1022 2941 aliorum
1069 2893 1385 2956 scriptorum
1422 2893 1572 2943 libris

507 2969 641 3019 haud
668 2978 784 3019 raro
806 2977 1067 3032 occurrat,
1091 2978 1247 3034 prout
1265 2971 1376 3034 jum
1392 2971 1573 3021 obser-

506 3047 654 3101 vavit
692 3046 1020 3097 Burmannus
1056 3048 1121 3096 ad
1145 3049 1361 3098 Petrou.
1400 3063 1447 3098 c.
1490 3054 1591 3099 82.-

507 3137 631 3187 pag.
669 3127 789 3174 40⁷.
807 3124 933 3172 item
956 3130 1011 3174 et
1035 3124 1469 3175 Drackenborcb.
1506 3124 1574 3174 ad

507 3200 602 3251 Sil.
626 3214 702 3250 vi.
720 3204 835 3250 2⁷8.
859 3200 1145 3250 Aunotavit
1170 3209 1429 3265 praeterea
1450 3203 1575 3252 Cas·

507 3277 635 3326 talio
675 3276 741 3326 ad
769 3277 952 3327 Rutilii
973 3277 1105 3341 Iter,
1140 3290 1180 3328 1.
1215 3281 1331 3327 3⁷1.
1364 3279 1578 3329 ubisiti·

510 3352 629 3402 dem
652 3358 667 3382 ⁴
688 3353 936 3402 lassatum
952 3355 967 3378 '
993 3358 1049 3402 et
1070 3352 1333 3403 ‘laxatum
1351 3352 1365 3375 '
1401 3353 1578 3404 confu-

507 3443 567 3479 sa
588 3427 758 3491 fuere,
771 3427 1122 3479 confusionem
1142 3428 1434 3493 hujusmodi
1450 3432 1576 3481 irre·

510 3520 639 3572 pere
663 3507 865 3556 solitum
900 3520 967 3555 ex
1003 3507 1146 3570 vulgi
1166 3520 1432 3566 sermoue3
1467 3509 1580 3557 vul·

511 3599 607 3649 gns
641 3583 778 3634 enim
815 3583 1069 3634 Italorum
1090 3597 1141 3632 ss
1162 3597 1258 3646 pro
1278 3598 1317 3632 x
1349 3576 1578 3649 pro'uun·

509 3662 662 3712 tiore.
682 3661 930 3712 Schwarz.

576 3740 668 3802 Et,
687 3752 792 3787 cum
823 3736 1049 3800 plurimis
1083 3736 1253 3786 tertios
1282 3738 1575 3802 consulatus]

513 3816 615 3867 11ae
661 3816 890 3880 quinque
926 3829 1080 3865 voces
1125 3813 1493 3864 desiderantur
1525 3817 1579 3864 in

513 3892 779 3941 codicibus
804 3893 926 3941 Mss.
950 3902 1138 3955 nempe
1157 3890 1413 3941 Vaticano
1431 3896 1581 3941 3⁴61.

513 3969 721 4018 Veneto
743 3973 793 4018 2.
818 3976 871 4017 et
891 3982 1041 4028 meo3
1077 3968 1203 4019 item
1238 3976 1294 4018 et
1329 3969 1382 4018 in
1418 3969 1580 4018 Salis-

514 4043 798 4107 burgensi3
833 4044 883 4093 iu
924 4044 1073 4107 cujus
1099 4059 1220 4095 vero
1253 4045 1447 4095 codicis
1484 4060 1580 4096 ora

515 4121 582 4171 ab
622 4121 726 4170 alia
753 4121 978 4183 untiqna
1011 4135 1163 4170 niano
1207 4129 1329 4172 sunt
1360 4123 1580 4174 additae.

516 4199 658 4249 Huic
679 4195 909 4248 defectui
944 4200 1272 4250 occasionem
1305 4201 1450 4251 dedit
1490 4216 1580 4252 vo-

517 4274 757 4331 cabulum
776 4275 1062 4339 consulatus,
1082 4276 1219 4341 quod
1234 4277 1467 4342 proxime
1488 4293 1599 4329 ιιι·-

1185 372 1402 425 NOTAE
1452 371 1864 424 VAmoRtJM
1916 370 2029 422 m·

1625 515 1825 567 tecedit
1846 531 1862 578 3
1884 514 2053 566 ‘simili
2071 526 2264 571 errore,
2287 513 2433 579 cujus
2447 514 2561 578 jam
2577 511 2689 579 pln-

1627 606 1684 643 ra
1704 592 1946 657 exemplu
1969 591 2230 641 annotavi.
2294 591 2359 640 In
2396 591 2579 641 codice
2602 604 2701 641 aux

1627 676 1733 720 tem
1750 667 2231 732 Guelpherbytano‚
2249 678 2343 728 pro
2360 680 2489 716 voce
2505 667 2691 726 tertios,

1627 745 1876 808 scriptum
1899 751 1980 794 est
2006 747 2185 793 ternos.
2210 742 2408 806 ·Optut
2434 755 2561 791 vero
2588 741 2692 790 Pli-

1628 821 1764 882 nius,
1785 828 1845 871 ut
1879 833 2084 885 semper
2108 820 2283 882 plures
2319 819 2419 869 viri
2458 817 2604 882 digni
2638 825 2693 868 et

1630 886 1763 949 bene
1778 898 1949 947 meriti
1962 897 2242 961 supersint,
2254 895 2463 961 quibus,
2477 904 2696 959 propter

1630 976 1836 1031 merite,
1856 975 2113 1038 Trsjsnus
2138 973 2262 1024 dere
2290 971 2488 1023 debeat
2511 985 2696 1022 consu·

1629 1053 1782 1103 istus.
1807 1054 1960 1102 Idem.

1697 1129 1835 1179 cn.
1853 1142 1994 1178 mxu.
2032 1127 2278 1177 Gaudium
2299 1123 2474 1188 mm‘us]
2501 1124 2697 1187 Vulgo,

1631 1220 1729 1269 pro
1775 1219 1901 1255 voce
1939 1204 2112 1266 sunjus,
2146 1202 2341 1253 editum
2383 1208 2469 1252 est
2513 1200 2698 1262 megin

1620 1286 1688 1333 'at
1714 1284 1766 1332 in
1787 1282 2054 1332 codicibus
2082 1281 2212 1329 Mss.
2232 1279 2528 1340 Vaticanis,
2551 1277 2700 1327 Pari·

1633 1360 1812 1422 siensi,
1856 1366 2079 1422 utroque
2121 1357 2351 1413 Veneto,
2384 1369 2522 1412 meo,
2564 1353 2700 1404 Livi·

1636 1435 1756 1492 neii,
1792 1441 1847 1485 et
1880 1435 2015 1484 libro
2047 1434 2319 1499 Vossisno,
2354 1439 2617 1496 praetereu
2649 1431 2705 1479 in
2738 1426 2741 1429 “

1635 1512 1841 1562 excusis
1889 1511 2036 1561 libris
2087 1510 2384 1571 Puteolani,
2431 1506 2703 1568 Beroaldi,

1637 1589 1957 1654 cuspiniani,
1987 1595 2146 1652 atque
2181 1586 2439 1650 Rhenani,
2471 1592 2528 1636 et
2563 1594 2707 1634 nune

1637 1668 1796 1718 etiam
1820 1666 2110 1727 Arntzenii,
2129 1671 2279 1715 extat
2295 1662 2465 1726 majus.
2515 1661 2707 1711 Potest

1639 1743 1885 1797 utralibet
1920 1743 2081 1792 lectio
2116 1741 2432 1791 consistere:
2469 1738 2599 1789 duxi
2628 1744 2705 1787 ta-

1638 1835 1757 1872 men
1792 1817 2117 1870 retinendam
2149 1817 2319 1879 iniqius,
2342 1831 2460 1866 cum
2485 1819 2706 1879 propter

1637 1911 1949 1950 consensum
1977 1902 2059 1947 tot
2081 1895 2317 1946 codicum
2342 1893 2475 1944 Mss.
2497 1898 2553 1941 et
2577 1890 2706 1940 anti·

1637 1976 1875 2042 quiorum
1915 1973 2223 2033 editionum,
2262 1977 2395 2030 tum,
2429 1969 2555 2033 quis
2596 1966 2713 2031 pari

1637 2043 1755 2102 fer'e
1787 2051 1938 2101 modo
1973 2051 2158 2101 Cicero
2190 2062 2290 2112 pro
2321 2045 2562 2096 Marcell.
2588 2057 2637 2095 c.
2663 2047 2711 2092 1.

1638 2129 1791 2186 dixit,
1840 2128 1979 2178 ‘Est
2018 2142 2141 2179 vere
2188 2124 2514 2183 fortunatus,
2558 2121 2705 2185 cujus

1641 2220 1708 2256 ex
1729 2207 1898 2255 salute
1922 2218 2025 2254 non
2056 2204 2222 2254 minor
2243 2213 2397 2266 paeue
2420 2198 2485 2248 ud
2513 2210 2713 2252 omnes,

1641 2298 1793 2346 quam
1839 2283 1904 2332 ad
1949 2282 2093 2332 ilium
2135 2287 2354 2330 ventura
2392 2277 2482 2340 sit,
2524 2275 2709 2326 laetitia

1642 2357 1981 2425 pervenerit?
2013 2359 2166 2407 Idem.

1709 2438 1952 2488 Gaudium
1975 2434 2148 2498 maius]
2184 2431 2427 2483 Gaudium
2445 2429 2603 2492 magis
2623 2428 2707 2478 Li-

1645 2517 1748 2568 vin.
1780 2517 1832 2564 in
1869 2519 2048 2575 textu3
2082 2512 2174 2563 sed
2206 2512 2257 2560 in
2289 2507 2542 2572 margine,
2578 2495 2714 2556 Gou-

1640 2592 1941 2653 diunsmujus
1962 2590 2031 2639 V.
2055 2589 2116 2639 C.
2139 2589 2202 2638 R.

1706 2672 1778 2721 Et
1817 2666 2029 2732 dedisse]
2097 2668 2308 2728 Nempe
2354 2675 2451 2727 per
2494 2660 2708 2711 electio-

1644 2761 1793 2808 nem3
1827 2745 1967 2810 quia,
1988 2742 2125 2809 quod
2161 2756 2278 2791 mox
2309 2738 2607 2795 ostendam,
2629 2750 2709 2786 se·

1645 2823 1787 2873 notui
1823 2830 1948 2871 tunc
1986 2817 2322 2883 competebat
2350 2815 2613 2880 quoddam
2647 2812 2713 2862 si·

1644 2901 1928 2949 mulacrum
1955 2897 2093 2962 juris
2130 2892 2489 2959 eligendorum
2530 2903 2711 2941 consu·

1644 2978 1769 3028 lum.
1803 2976 2063 3026 Schmun.-

1712 3052 1927 3113 Publicis
1948 3048 2203 3113 sumtibus]
2239 3046 2380 3100 Quia
2413 3059 2511 3109 per
2534 3045 2712 3096 Domi·

1649 3129 1842 3179 tianum
1868 3128 2121 3177 exhausto
2139 3125 2340 3189 aersrio,
2359 3137 2456 3186 par
2474 3138 2579 3173 non
2603 3128 2713 3173 eret

1647 3206 1710 3256 iis
1754 3202 2069 3269 respublica.
2136 3202 2323 3266 Itaque
2367 3198 2566 3249 fectum
2619 3200 2712 3249 boc

1649 3283 1823 3333 stetim
1853 3281 1951 3331 sub
1985 3280 2162 3343 Nerva
2173 3297 2189 3341 3
2221 3278 2288 3328 de
2312 3293 2417 3341 qno
2441 3279 2583 3328 Dios
2625 3275 2717 3327 Kal

1648 3358 1838 3411 πολλὰς
1869 3355 1958 3417 μὲν
1980 3354 2160 3417 Ouolas,
2182 3353 2374 3404 πολλὰς
2405 3351 2457 3403 δὲ
2491 3354 2733 3417 imon-'-

1647 3434 1774 3499 μίας.
1797 3434 2031 3490 mass-s
2049 3432 2182 3482 τινὰς
2212 3428 2321 3482 θέας
2347 3428 2610 3491 κατέλυσε,
2631 3446 2712 3481 συ·

1648 3510 1872 3563 στέλλων
1887 3511 1949 3561 ὣς
1966 3508 2066 3560 οἷόν
2083 3528 2142 3558 τε
2161 3506 2488 3569 δαπανήματα.
2555 3509 2716 3558 Malta

1647 3589 1904 3656 sacrificio,
1943 3588 2114 3636 munos
2131 3585 2403 3646 siranus,
2439 3589 2586 3649 utque
2620 3584 2717 3633 olio

1648 3665 1931 3732 spectacula,
1955 3662 2173 3713 dissolvit
2206 3667 2254 3712 et
2286 3661 2497 3716 sustulit,
2530 3665 2714 3711 contru-

1651 3745 1766 3795 Iseus
1786 3747 2011 3805 quantum
2029 3745 2217 3849 poterat
2240 3739 2480 3803 impendia
2510 3739 2717 3803 publiea
2728 3762 2735 3773 ·

1652 3823 1715 3871 Li
1758 3836 1801 3871 s.

1717 3837 1936 3947 zublicis
1968 3893 2200 3944 sumtibus
2238 3892 2535 3957 minuendis]
2588 3894 2715 3944 Fec-

1653 3978 1764 4024 tum
1809 3972 1910 4021 hoc
1951 3970 2047 4021 sub
2087 3971 2284 4033 Nerva,
2326 3977 2464 4021 teste
2511 3971 2713 4031 Dione3

1651 4048 1766 4113 ipse
1791 4046 1987 4096 etenim
2012 4044 2162 4094 valde
2195 4046 2498 4096 exhaustum
2522 4046 2717 4096 invenit

1652 4125 1912 4182 erarium,
1939 4129 2159 4186 propter
2191 4120 2511 4173 immodicos
2539 4122 2717 4173 Domi·

1652 4200 1781 4252 tiani
1802 4206 2019 4249 sumtus.
2054 4199 2274 4248 Pataros.

1716 4275 1965 4331 Sumtibus
1983 4273 2273 4338 minuendis]
2310 4274 2587 4334 Nimirum,
2603 4289 2712 4328 cum
2731 4290 2739 4303 ·
