<?xml version="1.0" encoding="UTF-8"?>
<!DOCTYPE html PUBLIC "-//W3C//DTD XHTML 1.0 Transitional//EN"
    "http://www.w3.org/TR/xhtml1/DTD/xhtml1-transitional.dtd">
<html xmlns="http://www.w3.org/1999/xhtml" xml:lang="en" lang="en">
 <head>
  <title>
</title>
<meta http-equiv="Content-Type" content="text/html;charset=utf-8" />
  <meta name='ocr-system' content='tesseract 3.04.00' />
  <meta name='ocr-capabilities' content='ocr_page ocr_carea ocr_par ocr_line ocrx_word'/>
</head>
<body>
  <div class='ocr_page' id='page_1' title='image "./panegyriciveter01unkngoog_0105.png"; bbox 0 0 3017 4942; ppageno 0'>
   <div class='ocr_carea' id='block_1_1' title="bbox 732 394 2080 474">
    <p class='ocr_par' dir='ltr' id='par_1_1' title="bbox 732 394 2080 474">
     <span class='ocr_line' id='line_1_1' title="bbox 732 394 2080 474; baseline -0.01 -2"><span class='ocrx_word' id='word_1_1' title='bbox 732 424 799 472; x_wconf 85' lang='lat' dir='ltr'><strong>c.</strong></span> <span class='ocrx_word' id='word_1_2' title='bbox 843 420 1093 472; x_wconf 72' lang='lat' dir='ltr'><strong>Pmmt</strong></span> <span class='ocrx_word' id='word_1_3' title='bbox 1141 416 1479 474; x_wconf 66' lang='lat' dir='ltr'><strong>saeuum.</strong></span> <span class='ocrx_word' id='word_1_4' title='bbox 1528 414 1803 466; x_wconf 66' lang='lat' dir='ltr'><strong>nuso.</strong></span> <span class='ocrx_word' id='word_1_5' title='bbox 1878 412 1927 459; x_wconf 88' lang='lat'><strong>1.</strong></span> <span class='ocrx_word' id='word_1_6' title='bbox 1969 394 2080 461; x_wconf 76' lang='lat'><strong>23.</strong></span> 
     </span>
    </p>
   </div>
   <div class='ocr_carea' id='block_1_2' title="bbox 297 568 1409 4323">
    <p class='ocr_par' dir='ltr' id='par_1_2' title="bbox 297 568 1369 1017">
     <span class='ocr_line' id='line_1_2' title="bbox 297 568 1366 634; baseline -0.007 -10"><span class='ocrx_word' id='word_1_7' title='bbox 297 584 500 627; x_wconf 79' lang='lat' dir='ltr'><strong>manos,</strong></span> <span class='ocrx_word' id='word_1_8' title='bbox 522 582 775 634; x_wconf 79' lang='lat' dir='ltr'><strong>proceros</strong></span> <span class='ocrx_word' id='word_1_9' title='bbox 796 568 1046 625; x_wconf 74' lang='lat' dir='ltr'><strong>homines,</strong></span> <span class='ocrx_word' id='word_1_10' title='bbox 1075 573 1132 620; x_wconf 90' lang='lat' dir='ltr'><strong>et</strong></span> <span class='ocrx_word' id='word_1_11' title='bbox 1153 568 1280 618; x_wconf 82' lang='lat' dir='ltr'><strong>alios</strong></span> <span class='ocrx_word' id='word_1_12' title='bbox 1300 579 1366 616; x_wconf 78' lang='lat' dir='ltr'><strong>ex</strong></span> 
     </span>
     <span class='ocr_line' id='line_1_3' title="bbox 300 644 1368 700; baseline -0.008 -2"><span class='ocrx_word' id='word_1_13' title='bbox 300 649 441 698; x_wconf 85' lang='lat' dir='ltr'><strong>omni</strong></span> <span class='ocrx_word' id='word_1_14' title='bbox 478 661 696 700; x_wconf 80' lang='lat' dir='ltr'><strong>numero</strong></span> <span class='ocrx_word' id='word_1_15' title='bbox 727 648 971 696; x_wconf 84' lang='lat' dir='ltr'><strong>selectos.</strong></span> <span class='ocrx_word' id='word_1_16' title='bbox 1041 644 1178 696; x_wconf 82' lang='lat' dir='ltr'><strong>Vide</strong></span> <span class='ocrx_word' id='word_1_17' title='bbox 1204 644 1368 693; x_wconf 84' lang='lat' dir='ltr'><strong>Hero-</strong></span> 
     </span>
     <span class='ocr_line' id='line_1_4' title="bbox 300 716 1368 785; baseline -0.004 -13"><span class='ocrx_word' id='word_1_18' title='bbox 300 726 442 782; x_wconf 75' lang='lat' dir='ltr'><strong>dian.</strong></span> <span class='ocrx_word' id='word_1_19' title='bbox 470 738 522 773; x_wconf 74' lang='grc' dir='ltr'><strong>ν.</strong></span> <span class='ocrx_word' id='word_1_20' title='bbox 546 727 597 776; x_wconf 79' lang='grc'><strong>4.</strong></span> <span class='ocrx_word' id='word_1_21' title='bbox 662 722 912 785; x_wconf 81' lang='lat' dir='ltr'><strong>Trajanus</strong></span> <span class='ocrx_word' id='word_1_22' title='bbox 945 735 1089 778; x_wconf 78' lang='lat' dir='ltr'><strong>vero,</strong></span> <span class='ocrx_word' id='word_1_23' title='bbox 1124 719 1212 783; x_wconf 80' lang='lat' dir='ltr'><strong>qui</strong></span> <span class='ocrx_word' id='word_1_24' title='bbox 1242 716 1368 770; x_wconf 82' lang='lat' dir='ltr'><strong>foris</strong></span> 
     </span>
     <span class='ocr_line' id='line_1_5' title="bbox 301 791 1369 864; baseline -0.004 -12"><span class='ocrx_word' id='word_1_25' title='bbox 301 802 548 864; x_wconf 77' lang='lat' dir='ltr'><strong>domique</strong></span> <span class='ocrx_word' id='word_1_26' title='bbox 582 799 753 854; x_wconf 63' lang='lat' dir='ltr'><strong>cistilio</strong></span> <span class='ocrx_word' id='word_1_27' title='bbox 795 798 978 848; x_wconf 82' lang='lat' dir='ltr'><strong>haberi</strong></span> <span class='ocrx_word' id='word_1_28' title='bbox 1018 791 1244 853; x_wconf 78' lang='lat' dir='ltr'><strong>voleb&#39;at.</strong></span> <span class='ocrx_word' id='word_1_29' title='bbox 1291 795 1369 848; x_wconf 79' lang='lat' dir='ltr'><strong>in·</strong></span> 
     </span>
     <span class='ocr_line' id='line_1_6' title="bbox 302 870 1368 943; baseline -0.005 -18"><span class='ocrx_word' id='word_1_30' title='bbox 302 891 509 943; x_wconf 73' lang='lat' dir='ltr'><strong>gressus</strong></span> <span class='ocrx_word' id='word_1_31' title='bbox 538 875 774 933; x_wconf 84' lang='lat' dir='ltr'><strong>Romam,</strong></span> <span class='ocrx_word' id='word_1_32' title='bbox 809 874 1098 926; x_wconf 69' lang='lat' dir='ltr'><strong>istiusmodi</strong></span> <span class='ocrx_word' id='word_1_33' title='bbox 1120 870 1368 928; x_wconf 77' lang='lat' dir='ltr'><strong>satellitio</strong></span> 
     </span>
     <span class='ocr_line' id='line_1_7' title="bbox 299 951 892 1017; baseline -0.007 -13"><span class='ocrx_word' id='word_1_34' title='bbox 299 954 484 1017; x_wconf 74' lang='lat' dir='ltr'><strong>stipari</strong></span> <span class='ocrx_word' id='word_1_35' title='bbox 512 952 701 1008; x_wconf 73' lang='lat' dir='ltr'><strong>noluit.</strong></span> <span class='ocrx_word' id='word_1_36' title='bbox 736 951 892 1011; x_wconf 59' lang='lat' dir='ltr'><strong>[dem.</strong></span> 
     </span>
    </p>

    <p class='ocr_par' dir='ltr' id='par_1_3' title="bbox 299 1026 1385 1702">
     <span class='ocr_line' id='line_1_8' title="bbox 375 1026 1385 1094; baseline -0.004 -14"><span class='ocrx_word' id='word_1_37' title='bbox 375 1028 676 1093; x_wconf 65' lang='lat' dir='ltr'><strong>Frequeneioe</strong></span> <span class='ocrx_word' id='word_1_38' title='bbox 695 1027 868 1091; x_wconf 63' lang='lat' dir='ltr'><strong>genus]</strong></span> <span class='ocrx_word' id='word_1_39' title='bbox 907 1028 953 1078; x_wconf 90' lang='grc' dir='ltr'><strong>Ι.</strong></span> <span class='ocrx_word' id='word_1_40' title='bbox 968 1042 1017 1078; x_wconf 88' lang='lat' dir='ltr'><strong>e.</strong></span> <span class='ocrx_word' id='word_1_41' title='bbox 1036 1033 1191 1091; x_wconf 73' lang='lat' dir='ltr'><strong>prout</strong></span> <span class='ocrx_word' id='word_1_42' title='bbox 1204 1026 1385 1094; x_wconf 76' lang='lat' dir='ltr'><strong>majos.</strong></span> 
     </span>
     <span class='ocr_line' id='line_1_9' title="bbox 299 1104 1370 1172; baseline 0 -16"><span class='ocrx_word' id='word_1_43' title='bbox 299 1106 598 1172; x_wconf 75' lang='lat' dir='ltr'><strong>frequentia</strong></span> <span class='ocrx_word' id='word_1_44' title='bbox 619 1113 681 1154; x_wconf 90' lang='lat' dir='ltr'><strong>et</strong></span> <span class='ocrx_word' id='word_1_45' title='bbox 698 1105 975 1155; x_wconf 85' lang='lat' dir='ltr'><strong>multitudo</strong></span> <span class='ocrx_word' id='word_1_46' title='bbox 991 1104 1145 1156; x_wconf 82' lang='lat' dir='ltr'><strong>modo</strong></span> <span class='ocrx_word' id='word_1_47' title='bbox 1167 1112 1370 1164; x_wconf 77' lang='lat' dir='ltr'><strong>senato·</strong></span> 
     </span>
     <span class='ocr_line' id='line_1_10' title="bbox 304 1181 1375 1245; baseline -0.005 -11"><span class='ocrx_word' id='word_1_48' title='bbox 304 1199 438 1242; x_wconf 82' lang='lat' dir='ltr'><strong>tum,</strong></span> <span class='ocrx_word' id='word_1_49' title='bbox 462 1181 616 1232; x_wconf 87' lang='lat' dir='ltr'><strong>modo</strong></span> <span class='ocrx_word' id='word_1_50' title='bbox 642 1182 879 1245; x_wconf 86' lang='lat' dir='ltr'><strong>equitum</strong></span> <span class='ocrx_word' id='word_1_51' title='bbox 915 1182 1277 1244; x_wconf 77' lang='lat' dir='ltr'><strong>Romanorum,</strong></span> <span class='ocrx_word' id='word_1_52' title='bbox 1314 1194 1375 1229; x_wconf 83' lang='lat' dir='ltr'><strong>se</strong></span> 
     </span>
     <span class='ocr_line' id='line_1_11' title="bbox 301 1259 1373 1322; baseline 0 -13"><span class='ocrx_word' id='word_1_53' title='bbox 301 1262 525 1310; x_wconf 79' lang='lat' dir='ltr'><strong>invicem</strong></span> <span class='ocrx_word' id='word_1_54' title='bbox 555 1259 935 1322; x_wconf 60' lang='lat' dir='ltr'><strong>praevertisset,</strong></span> <span class='ocrx_word' id='word_1_55' title='bbox 959 1259 1199 1322; x_wconf 80' lang='lat' dir='ltr'><strong>latusque</strong></span> <span class='ocrx_word' id='word_1_56' title='bbox 1226 1267 1373 1310; x_wconf 81' lang='lat' dir='ltr'><strong>tuum</strong></span> 
     </span>
     <span class='ocr_line' id='line_1_12' title="bbox 303 1333 1374 1403; baseline -0.005 -16"><span class='ocrx_word' id='word_1_57' title='bbox 303 1339 577 1403; x_wconf 80' lang='lat' dir='ltr'><strong>stipasset.</strong></span> <span class='ocrx_word' id='word_1_58' title='bbox 610 1336 720 1388; x_wconf 85' lang='lat' dir='ltr'><strong>Cic.</strong></span> <span class='ocrx_word' id='word_1_59' title='bbox 746 1335 811 1384; x_wconf 83' lang='lat' dir='ltr'><strong>ad</strong></span> <span class='ocrx_word' id='word_1_60' title='bbox 833 1334 998 1386; x_wconf 76' lang='lat' dir='ltr'><strong>Attio.</strong></span> <span class='ocrx_word' id='word_1_61' title='bbox 1017 1349 1092 1385; x_wconf 84' lang='lat' dir='ltr'><strong>rv.</strong></span> <span class='ocrx_word' id='word_1_62' title='bbox 1120 1340 1168 1384; x_wconf 86' lang='lat'><strong>1.</strong></span> <span class='ocrx_word' id='word_1_63' title='bbox 1189 1338 1204 1363; x_wconf 76' lang='lat'>⁴</span> <span class='ocrx_word' id='word_1_64' title='bbox 1220 1333 1374 1386; x_wconf 78' lang='lat' dir='ltr'><strong>simi-</strong></span> 
     </span>
     <span class='ocr_line' id='line_1_13' title="bbox 304 1411 1374 1476; baseline -0.001 -13"><span class='ocrx_word' id='word_1_65' title='bbox 304 1414 365 1466; x_wconf 87' lang='lat' dir='ltr'><strong>lis</strong></span> <span class='ocrx_word' id='word_1_66' title='bbox 399 1422 452 1463; x_wconf 89' lang='lat' dir='ltr'><strong>et</strong></span> <span class='ocrx_word' id='word_1_67' title='bbox 481 1411 800 1476; x_wconf 74' lang='lat' dir='ltr'><strong>frequentia,</strong></span> <span class='ocrx_word' id='word_1_68' title='bbox 836 1419 892 1461; x_wconf 87' lang='lat' dir='ltr'><strong>et</strong></span> <span class='ocrx_word' id='word_1_69' title='bbox 927 1413 1154 1475; x_wconf 77' lang='lat' dir='ltr'><strong>plausus,</strong></span> <span class='ocrx_word' id='word_1_70' title='bbox 1178 1426 1259 1466; x_wconf 75' lang='lat' dir='ltr'><strong>me</strong></span> <span class='ocrx_word' id='word_1_71' title='bbox 1295 1426 1374 1462; x_wconf 85' lang='lat' dir='ltr'><strong>us·</strong></span> 
     </span>
     <span class='ocr_line' id='line_1_14' title="bbox 304 1486 1376 1557; baseline -0.002 -15"><span class='ocrx_word' id='word_1_72' title='bbox 304 1506 406 1557; x_wconf 77' lang='lat' dir='ltr'><strong>que</strong></span> <span class='ocrx_word' id='word_1_73' title='bbox 431 1490 503 1548; x_wconf 65' lang='lat' dir='ltr'><strong>ad</strong></span> <span class='ocrx_word' id='word_1_74' title='bbox 536 1489 843 1554; x_wconf 86' lang='lat' dir='ltr'><strong>capitolium</strong></span> <span class='ocrx_word' id='word_1_75' title='bbox 876 1490 1196 1550; x_wconf 80' lang='lat' dir='ltr'><strong>celebravit3</strong></span> <span class='ocrx_word' id='word_1_76' title='bbox 1223 1488 1274 1537; x_wconf 86' lang='lat' dir='ltr'><strong>in</strong></span> <span class='ocrx_word' id='word_1_77' title='bbox 1300 1486 1376 1540; x_wconf 72' lang='lat' dir='ltr'><strong>fo·</strong></span> 
     </span>
     <span class='ocr_line' id='line_1_15' title="bbox 306 1564 1379 1634; baseline -0.007 -12"><span class='ocrx_word' id='word_1_78' title='bbox 306 1583 490 1634; x_wconf 72' lang='lat' dir='ltr'><strong>toque,</strong></span> <span class='ocrx_word' id='word_1_79' title='bbox 522 1575 579 1617; x_wconf 88' lang='lat' dir='ltr'><strong>et</strong></span> <span class='ocrx_word' id='word_1_80' title='bbox 614 1568 666 1616; x_wconf 88' lang='lat' dir='ltr'><strong>in</strong></span> <span class='ocrx_word' id='word_1_81' title='bbox 698 1568 813 1630; x_wconf 89' lang='lat' dir='ltr'><strong>ipso</strong></span> <span class='ocrx_word' id='word_1_82' title='bbox 846 1566 1116 1631; x_wconf 83' lang='lat' dir='ltr'><strong>capitolio,</strong></span> <span class='ocrx_word' id='word_1_83' title='bbox 1143 1564 1379 1619; x_wconf 75' lang='lat' dir='ltr'><strong>miranda</strong></span> 
     </span>
     <span class='ocr_line' id='line_1_16' title="bbox 306 1644 937 1702; baseline -0.005 -6"><span class='ocrx_word' id='word_1_84' title='bbox 306 1645 593 1702; x_wconf 80' lang='lat' dir='ltr'><strong>multitudo</strong></span> <span class='ocrx_word' id='word_1_85' title='bbox 619 1644 753 1696; x_wconf 65' lang='lat' dir='ltr'><strong>fult!</strong></span> <span class='ocrx_word' id='word_1_86' title='bbox 787 1645 937 1702; x_wconf 66' lang='lat' dir='ltr'><strong>Idem.</strong></span> 
     </span>
    </p>

    <p class='ocr_par' dir='ltr' id='par_1_4' title="bbox 306 1724 1389 2717">
     <span class='ocr_line' id='line_1_17' title="bbox 374 1724 1378 1791; baseline -0.002 -14"><span class='ocrx_word' id='word_1_87' title='bbox 374 1728 590 1778; x_wconf 64' lang='lat' dir='ltr'><strong>Silenus</strong></span> <span class='ocrx_word' id='word_1_88' title='bbox 627 1725 919 1791; x_wconf 72' lang='lat' dir='ltr'><strong>quietosque]</strong></span> <span class='ocrx_word' id='word_1_89' title='bbox 974 1725 1090 1776; x_wconf 79' lang='lat' dir='ltr'><strong>Duo</strong></span> <span class='ocrx_word' id='word_1_90' title='bbox 1134 1724 1378 1775; x_wconf 86' lang='lat' dir='ltr'><strong>lictorum</strong></span> 
     </span>
     <span class='ocr_line' id='line_1_18' title="bbox 306 1802 1379 1866; baseline -0.005 -13"><span class='ocrx_word' id='word_1_91' title='bbox 306 1802 514 1866; x_wconf 78' lang='lat' dir='ltr'><strong>efficia3</strong></span> <span class='ocrx_word' id='word_1_92' title='bbox 539 1804 768 1853; x_wconf 79' lang='lat' dir='ltr'><strong>clamore</strong></span> <span class='ocrx_word' id='word_1_93' title='bbox 811 1808 868 1853; x_wconf 84' lang='lat' dir='ltr'><strong>et</strong></span> <span class='ocrx_word' id='word_1_94' title='bbox 899 1803 1042 1866; x_wconf 81' lang='lat' dir='ltr'><strong>virga</strong></span> <span class='ocrx_word' id='word_1_95' title='bbox 1079 1802 1379 1857; x_wconf 86' lang='lat' dir='ltr'><strong>monebant,</strong></span> 
     </span>
     <span class='ocr_line' id='line_1_19' title="bbox 310 1877 1381 1940; baseline -0.007 -8"><span class='ocrx_word' id='word_1_96' title='bbox 310 1888 401 1940; x_wconf 62' lang='lat' dir='ltr'><strong>aut</strong></span> <span class='ocrx_word' id='word_1_97' title='bbox 423 1878 821 1930; x_wconf 81' lang='lat' dir='ltr'><strong>submovebant.</strong></span> <span class='ocrx_word' id='word_1_98' title='bbox 890 1880 970 1928; x_wconf 92' lang='lat' dir='ltr'><strong>De</strong></span> <span class='ocrx_word' id='word_1_99' title='bbox 996 1880 1101 1940; x_wconf 87' lang='lat' dir='ltr'><strong>illo,</strong></span> <span class='ocrx_word' id='word_1_100' title='bbox 1123 1877 1257 1928; x_wconf 78' lang='lat' dir='ltr'><strong>infra</strong></span> <span class='ocrx_word' id='word_1_101' title='bbox 1279 1878 1381 1927; x_wconf 85' lang='lat' dir='ltr'><strong>eti-</strong></span> 
     </span>
     <span class='ocr_line' id='line_1_20' title="bbox 313 1947 1383 2018; baseline -0.003 -11"><span class='ocrx_word' id='word_1_102' title='bbox 313 1973 392 2007; x_wconf 85' lang='lat' dir='ltr'><strong>am</strong></span> <span class='ocrx_word' id='word_1_103' title='bbox 417 1971 536 2008; x_wconf 76' lang='lat' dir='ltr'><strong>mu.</strong></span> <span class='ocrx_word' id='word_1_104' title='bbox 567 1961 616 2006; x_wconf 79' lang='grc'><strong>7.</strong></span> <span class='ocrx_word' id='word_1_105' title='bbox 649 1958 663 1984; x_wconf 92' lang='lat'>‘</span> <span class='ocrx_word' id='word_1_106' title='bbox 683 1956 919 2018; x_wconf 74' lang='lat' dir='ltr'><strong>Solennis</strong></span> <span class='ocrx_word' id='word_1_107' title='bbox 947 1957 1036 2005; x_wconf 89' lang='lat' dir='ltr'><strong>ille</strong></span> <span class='ocrx_word' id='word_1_108' title='bbox 1056 1947 1298 2005; x_wconf 82' lang='lat' dir='ltr'><strong>lictorum</strong></span> <span class='ocrx_word' id='word_1_109' title='bbox 1323 1961 1383 2005; x_wconf 87' lang='lat' dir='ltr'><strong>et</strong></span> 
     </span>
     <span class='ocr_line' id='line_1_21' title="bbox 313 2030 1383 2100; baseline -0.004 -15"><span class='ocrx_word' id='word_1_110' title='bbox 313 2034 652 2100; x_wconf 72' lang='lat' dir='ltr'><strong>praeunncius</strong></span> <span class='ocrx_word' id='word_1_111' title='bbox 674 2033 903 2084; x_wconf 61' lang='lat' dir='ltr'><strong>clamor?</strong></span> <span class='ocrx_word' id='word_1_112' title='bbox 940 2032 1079 2084; x_wconf 76' lang='lat' dir='ltr'><strong>Quid</strong></span> <span class='ocrx_word' id='word_1_113' title='bbox 1095 2030 1383 2095; x_wconf 75' lang='lat' dir='ltr'><strong>praenunci·</strong></span> 
     </span>
     <span class='ocr_line' id='line_1_22' title="bbox 314 2114 1383 2176; baseline -0.006 -9"><span class='ocrx_word' id='word_1_114' title='bbox 314 2118 432 2167; x_wconf 81' lang='lat' dir='ltr'><strong>ant?</strong></span> <span class='ocrx_word' id='word_1_115' title='bbox 487 2116 765 2167; x_wconf 78' lang='lat' dir='ltr'><strong>Consulem</strong></span> <span class='ocrx_word' id='word_1_116' title='bbox 788 2123 879 2164; x_wconf 91' lang='lat' dir='ltr'><strong>aut</strong></span> <span class='ocrx_word' id='word_1_117' title='bbox 908 2114 1263 2176; x_wconf 79' lang='lat' dir='ltr'><strong>magistratum</strong></span> <span class='ocrx_word' id='word_1_118' title='bbox 1298 2125 1383 2161; x_wconf 79' lang='lat' dir='ltr'><strong>ve·</strong></span> 
     </span>
     <span class='ocr_line' id='line_1_23' title="bbox 313 2186 1386 2252; baseline -0.007 -10"><span class='ocrx_word' id='word_1_119' title='bbox 313 2194 449 2252; x_wconf 83' lang='lat' dir='ltr'><strong>nire,</strong></span> <span class='ocrx_word' id='word_1_120' title='bbox 477 2193 681 2243; x_wconf 88' lang='lat' dir='ltr'><strong>solenni</strong></span> <span class='ocrx_word' id='word_1_121' title='bbox 710 2192 886 2248; x_wconf 83' lang='lat' dir='ltr'><strong>verbo,</strong></span> <span class='ocrx_word' id='word_1_122' title='bbox 919 2186 1386 2240; x_wconf 79' lang='lat' dir='ltr'><strong>‘animadvertite.&#39;</strong></span> 
     </span>
     <span class='ocr_line' id='line_1_24' title="bbox 314 2266 1385 2334; baseline -0.007 -13"><span class='ocrx_word' id='word_1_123' title='bbox 314 2272 402 2321; x_wconf 84' lang='lat' dir='ltr'><strong>De</strong></span> <span class='ocrx_word' id='word_1_124' title='bbox 434 2271 599 2334; x_wconf 62' lang='grc' dir='ltr'><strong>γίνῃ,</strong></span> <span class='ocrx_word' id='word_1_125' title='bbox 636 2283 737 2334; x_wconf 73' lang='lat' dir='ltr'><strong>qun</strong></span> <span class='ocrx_word' id='word_1_126' title='bbox 774 2268 1060 2331; x_wconf 74' lang='lat' dir='ltr'><strong>pellebant,</strong></span> <span class='ocrx_word' id='word_1_127' title='bbox 1096 2273 1185 2316; x_wconf 79' lang='lat' dir='ltr'><strong>aut</strong></span> <span class='ocrx_word' id='word_1_128' title='bbox 1214 2266 1385 2329; x_wconf 73' lang='lat' dir='ltr'><strong>pulsa·</strong></span> 
     </span>
     <span class='ocr_line' id='line_1_25' title="bbox 313 2344 1385 2411; baseline -0.008 -11"><span class='ocrx_word' id='word_1_129' title='bbox 313 2350 465 2411; x_wconf 74' lang='lat' dir='ltr'><strong>bant,</strong></span> <span class='ocrx_word' id='word_1_130' title='bbox 489 2347 852 2411; x_wconf 75' lang='lat' dir='ltr'><strong>Panegyricus</strong></span> <span class='ocrx_word' id='word_1_131' title='bbox 875 2344 1199 2396; x_wconf 78' lang='lat' dir='ltr'><strong>Theodosio:</strong></span> <span class='ocrx_word' id='word_1_132' title='bbox 1221 2346 1237 2370; x_wconf 80' lang='lat'>⁸</span> <span class='ocrx_word' id='word_1_133' title='bbox 1254 2344 1385 2392; x_wconf 87' lang='lat' dir='ltr'><strong>Tum</strong></span> 
     </span>
     <span class='ocr_line' id='line_1_26' title="bbox 315 2421 1387 2489; baseline -0.005 -14"><span class='ocrx_word' id='word_1_134' title='bbox 315 2428 471 2489; x_wconf 79' lang='lat' dir='ltr'><strong>longe</strong></span> <span class='ocrx_word' id='word_1_135' title='bbox 508 2425 730 2488; x_wconf 85' lang='lat' dir='ltr'><strong>populus</strong></span> <span class='ocrx_word' id='word_1_136' title='bbox 763 2423 1096 2486; x_wconf 76' lang='lat' dir='ltr'><strong>abigebatur,</strong></span> <span class='ocrx_word' id='word_1_137' title='bbox 1131 2435 1229 2471; x_wconf 88' lang='lat' dir='ltr'><strong>nee</strong></span> <span class='ocrx_word' id='word_1_138' title='bbox 1253 2421 1387 2470; x_wconf 88' lang='lat' dir='ltr'><strong>otio·</strong></span> 
     </span>
     <span class='ocr_line' id='line_1_27' title="bbox 315 2496 1387 2562; baseline -0.008 -9"><span class='ocrx_word' id='word_1_139' title='bbox 315 2516 374 2554; x_wconf 78' lang='lat' dir='ltr'><strong>sa</strong></span> <span class='ocrx_word' id='word_1_140' title='bbox 413 2501 645 2552; x_wconf 80' lang='lat' dir='ltr'><strong>viatoris&#39;</strong></span> <span class='ocrx_word' id='word_1_141' title='bbox 682 2514 861 2548; x_wconf 85' lang='lat' dir='ltr'><strong>manus</strong></span> <span class='ocrx_word' id='word_1_142' title='bbox 907 2498 1113 2562; x_wconf 85' lang='lat' dir='ltr'><strong>plebem</strong></span> <span class='ocrx_word' id='word_1_143' title='bbox 1170 2496 1387 2548; x_wconf 85' lang='lat' dir='ltr'><strong>verbere</strong></span> 
     </span>
     <span class='ocr_line' id='line_1_28' title="bbox 317 2571 1389 2642; baseline -0.006 -13"><span class='ocrx_word' id='word_1_144' title='bbox 317 2576 604 2642; x_wconf 55' lang='lat' dir='ltr'><strong>abigebat?</strong></span> <span class='ocrx_word' id='word_1_145' title='bbox 660 2573 819 2626; x_wconf 71' lang='lat' dir='ltr'><strong>Plura</strong></span> <span class='ocrx_word' id='word_1_146' title='bbox 852 2576 905 2624; x_wconf 83' lang='lat' dir='ltr'><strong>in</strong></span> <span class='ocrx_word' id='word_1_147' title='bbox 941 2576 1110 2625; x_wconf 75' lang='lat' dir='ltr'><strong>Elect.</strong></span> <span class='ocrx_word' id='word_1_148' title='bbox 1140 2588 1180 2624; x_wconf 90' lang='lat'><strong>1.</strong></span> <span class='ocrx_word' id='word_1_149' title='bbox 1213 2577 1294 2624; x_wconf 74' lang='lat'><strong>28.</strong></span> <span class='ocrx_word' id='word_1_150' title='bbox 1320 2571 1389 2623; x_wconf 73' lang='lat' dir='ltr'><strong>de</strong></span> 
     </span>
     <span class='ocr_line' id='line_1_29' title="bbox 314 2652 936 2717; baseline -0.01 -11"><span class='ocrx_word' id='word_1_151' title='bbox 314 2655 545 2706; x_wconf 73' lang='lat' dir='ltr'><strong>lictorib.</strong></span> <span class='ocrx_word' id='word_1_152' title='bbox 576 2669 632 2717; x_wconf 86' lang='lat' dir='ltr'><strong>p.</strong></span> <span class='ocrx_word' id='word_1_153' title='bbox 650 2657 768 2703; x_wconf 79' lang='lat'><strong>427.</strong></span> <span class='ocrx_word' id='word_1_154' title='bbox 801 2652 936 2716; x_wconf 77' lang='lat' dir='ltr'><strong>Lips.</strong></span> 
     </span>
    </p>

    <p class='ocr_par' dir='ltr' id='par_1_5' title="bbox 316 2727 1392 2953">
     <span class='ocr_line' id='line_1_30' title="bbox 386 2727 1390 2793; baseline 0 -15"><span class='ocrx_word' id='word_1_155' title='bbox 386 2728 701 2793; x_wconf 72' lang='lat' dir='ltr'><strong>Quietosque]</strong></span> <span class='ocrx_word' id='word_1_156' title='bbox 733 2729 845 2779; x_wconf 87' lang='lat' dir='ltr'><strong>Cic.</strong></span> <span class='ocrx_word' id='word_1_157' title='bbox 880 2728 946 2779; x_wconf 87' lang='lat' dir='ltr'><strong>ad</strong></span> <span class='ocrx_word' id='word_1_158' title='bbox 986 2728 1055 2781; x_wconf 75' lang='lat' dir='ltr'><strong>Q.</strong></span> <span class='ocrx_word' id='word_1_159' title='bbox 1088 2727 1175 2778; x_wconf 85' lang='lat' dir='ltr'><strong>Fr.</strong></span> <span class='ocrx_word' id='word_1_160' title='bbox 1217 2728 1317 2791; x_wconf 89' lang='lat' dir='ltr'><strong>Ep.</strong></span> <span class='ocrx_word' id='word_1_161' title='bbox 1349 2740 1390 2778; x_wconf 84' lang='lat'><strong>1.</strong></span> 
     </span>
     <span class='ocr_line' id='line_1_31' title="bbox 316 2801 1392 2873; baseline -0.004 -16"><span class='ocrx_word' id='word_1_162' title='bbox 316 2801 495 2873; x_wconf 82' lang='lat' dir='ltr'><strong>‘apud</strong></span> <span class='ocrx_word' id='word_1_163' title='bbox 543 2807 644 2858; x_wconf 83' lang='lat' dir='ltr'><strong>Cn.</strong></span> <span class='ocrx_word' id='word_1_164' title='bbox 684 2805 959 2858; x_wconf 66' lang='lat' dir='ltr'><strong>Octavium</strong></span> <span class='ocrx_word' id='word_1_165' title='bbox 998 2805 1192 2869; x_wconf 88' lang='lat' dir='ltr'><strong>primus</strong></span> <span class='ocrx_word' id='word_1_166' title='bbox 1236 2805 1392 2855; x_wconf 83' lang='lat' dir='ltr'><strong>lictor</strong></span> 
     </span>
     <span class='ocr_line' id='line_1_32' title="bbox 320 2882 1226 2953; baseline -0.007 -16"><span class='ocrx_word' id='word_1_167' title='bbox 320 2885 543 2953; x_wconf 77' lang='lat' dir='ltr'><strong>quievit,</strong></span> <span class='ocrx_word' id='word_1_168' title='bbox 566 2885 729 2935; x_wconf 83' lang='lat' dir='ltr'><strong>tacuit</strong></span> <span class='ocrx_word' id='word_1_169' title='bbox 750 2882 1039 2934; x_wconf 77' lang='lat' dir='ltr'><strong>accensus-⁹</strong></span> <span class='ocrx_word' id='word_1_170' title='bbox 1069 2882 1226 2932; x_wconf 69' lang='lat' dir='ltr'><strong>Bere.</strong></span> 
     </span>
    </p>

    <p class='ocr_par' dir='ltr' id='par_1_6' title="bbox 322 2961 1409 4323">
     <span class='ocr_line' id='line_1_33' title="bbox 384 2961 1394 3028; baseline -0.005 -13"><span class='ocrx_word' id='word_1_171' title='bbox 384 2963 596 3015; x_wconf 66' lang='lat' dir='ltr'><strong>Sitones</strong></span> <span class='ocrx_word' id='word_1_172' title='bbox 614 2962 887 3028; x_wconf 73' lang='lat' dir='ltr'><strong>quietosque</strong></span> <span class='ocrx_word' id='word_1_173' title='bbox 911 2964 1102 3013; x_wconf 76' lang='lat' dir='ltr'><strong>lictores</strong></span> <span class='ocrx_word' id='word_1_174' title='bbox 1120 2961 1250 3025; x_wconf 72' lang='lat' dir='ltr'><strong>tuos]</strong></span> <span class='ocrx_word' id='word_1_175' title='bbox 1273 2961 1394 3011; x_wconf 86' lang='lat' dir='ltr'><strong>Lic-</strong></span> 
     </span>
     <span class='ocr_line' id='line_1_34' title="bbox 322 3036 1397 3105; baseline -0.005 -13"><span class='ocrx_word' id='word_1_176' title='bbox 322 3047 464 3093; x_wconf 79' lang='lat' dir='ltr'><strong>tores</strong></span> <span class='ocrx_word' id='word_1_177' title='bbox 487 3040 631 3105; x_wconf 87' lang='lat' dir='ltr'><strong>apud</strong></span> <span class='ocrx_word' id='word_1_178' title='bbox 666 3041 926 3090; x_wconf 85' lang='lat' dir='ltr'><strong>Romanos</strong></span> <span class='ocrx_word' id='word_1_179' title='bbox 959 3048 1110 3090; x_wconf 86' lang='lat' dir='ltr'><strong>erant</strong></span> <span class='ocrx_word' id='word_1_180' title='bbox 1143 3036 1397 3089; x_wconf 86' lang='lat' dir='ltr'><strong>ordinarii</strong></span> 
     </span>
     <span class='ocr_line' id='line_1_35' title="bbox 324 3115 1393 3182; baseline -0.004 -15"><span class='ocrx_word' id='word_1_181' title='bbox 324 3117 727 3182; x_wconf 73' lang='lat' dir='ltr'><strong>magistratuum</strong></span> <span class='ocrx_word' id='word_1_182' title='bbox 760 3115 1011 3180; x_wconf 81' lang='lat' dir='ltr'><strong>majorum</strong></span> <span class='ocrx_word' id='word_1_183' title='bbox 1038 3115 1284 3178; x_wconf 88' lang='lat' dir='ltr'><strong>ministri,</strong></span> <span class='ocrx_word' id='word_1_184' title='bbox 1306 3116 1393 3177; x_wconf 86' lang='lat' dir='ltr'><strong>qui</strong></span> 
     </span>
     <span class='ocr_line' id='line_1_36' title="bbox 325 3190 1393 3255; baseline -0.006 -11"><span class='ocrx_word' id='word_1_185' title='bbox 325 3192 477 3244; x_wconf 87' lang='lat' dir='ltr'><strong>liberi</strong></span> <span class='ocrx_word' id='word_1_186' title='bbox 502 3192 665 3255; x_wconf 80' lang='lat' dir='ltr'><strong>cives,</strong></span> <span class='ocrx_word' id='word_1_187' title='bbox 685 3205 788 3241; x_wconf 87' lang='lat' dir='ltr'><strong>non</strong></span> <span class='ocrx_word' id='word_1_188' title='bbox 808 3193 946 3242; x_wconf 85' lang='lat' dir='ltr'><strong>servi</strong></span> <span class='ocrx_word' id='word_1_189' title='bbox 973 3190 1202 3241; x_wconf 82' lang='lat' dir='ltr'><strong>fuerunt.</strong></span> <span class='ocrx_word' id='word_1_190' title='bbox 1272 3190 1393 3240; x_wconf 82' lang='lat' dir='ltr'><strong>Fes-</strong></span> 
     </span>
     <span class='ocr_line' id='line_1_37' title="bbox 324 3268 1399 3333; baseline -0.007 -11"><span class='ocrx_word' id='word_1_191' title='bbox 324 3279 435 3324; x_wconf 77' lang='lat' dir='ltr'><strong>tus:</strong></span> <span class='ocrx_word' id='word_1_192' title='bbox 484 3270 501 3298; x_wconf 87' lang='lat'>‘</span> <span class='ocrx_word' id='word_1_193' title='bbox 524 3268 794 3333; x_wconf 84' lang='lat' dir='ltr'><strong>Lictores‚’</strong></span> <span class='ocrx_word' id='word_1_194' title='bbox 849 3268 1039 3333; x_wconf 88' lang='lat' dir='ltr'><strong>inquit,</strong></span> <span class='ocrx_word' id='word_1_195' title='bbox 1101 3268 1399 3328; x_wconf 46' lang='lat' dir='ltr'><strong>‘dicuntum</strong></span> 
     </span>
     <span class='ocr_line' id='line_1_38' title="bbox 325 3335 1396 3410; baseline -0.006 -16"><span class='ocrx_word' id='word_1_196' title='bbox 325 3344 462 3410; x_wconf 84' lang='lat' dir='ltr'><strong>quod</strong></span> <span class='ocrx_word' id='word_1_197' title='bbox 485 3343 656 3394; x_wconf 84' lang='lat' dir='ltr'><strong>fasces</strong></span> <span class='ocrx_word' id='word_1_198' title='bbox 686 3343 953 3408; x_wconf 73' lang='lat' dir='ltr'><strong>virgarum</strong></span> <span class='ocrx_word' id='word_1_199' title='bbox 975 3344 1163 3409; x_wconf 79' lang='lat' dir='ltr'><strong>ligatos</strong></span> <span class='ocrx_word' id='word_1_200' title='bbox 1181 3335 1396 3393; x_wconf 67' lang='lat' dir='ltr'><strong>ferunt!</strong></span> 
     </span>
     <span class='ocr_line' id='line_1_39' title="bbox 323 3419 1399 3484; baseline -0.006 -9"><span class='ocrx_word' id='word_1_201' title='bbox 323 3423 448 3475; x_wconf 78' lang='lat' dir='ltr'><strong>Jam</strong></span> <span class='ocrx_word' id='word_1_202' title='bbox 485 3419 756 3484; x_wconf 85' lang='lat' dir='ltr'><strong>Romulus,</strong></span> <span class='ocrx_word' id='word_1_203' title='bbox 793 3426 929 3472; x_wconf 87' lang='lat' dir='ltr'><strong>teste</strong></span> <span class='ocrx_word' id='word_1_204' title='bbox 958 3420 1073 3471; x_wconf 82' lang='lat' dir='ltr'><strong>Liv.</strong></span> <span class='ocrx_word' id='word_1_205' title='bbox 1095 3434 1137 3470; x_wconf 92' lang='lat'><strong>1.</strong></span> <span class='ocrx_word' id='word_1_206' title='bbox 1167 3424 1216 3472; x_wconf 84' lang='grc'><strong>8.</strong></span> <span class='ocrx_word' id='word_1_207' title='bbox 1254 3422 1267 3448; x_wconf 91' lang='lat'>‘</span> <span class='ocrx_word' id='word_1_208' title='bbox 1288 3427 1399 3469; x_wconf 89' lang='lat' dir='ltr'><strong>tum</strong></span> 
     </span>
     <span class='ocr_line' id='line_1_40' title="bbox 325 3497 1399 3567; baseline -0.005 -17"><span class='ocrx_word' id='word_1_209' title='bbox 325 3505 508 3556; x_wconf 81' lang='lat' dir='ltr'><strong>cetero</strong></span> <span class='ocrx_word' id='word_1_210' title='bbox 550 3497 732 3552; x_wconf 80' lang='lat' dir='ltr'><strong>habitu</strong></span> <span class='ocrx_word' id='word_1_211' title='bbox 774 3511 831 3549; x_wconf 81' lang='lat' dir='ltr'><strong>se</strong></span> <span class='ocrx_word' id='word_1_212' title='bbox 867 3497 1244 3567; x_wconf 68' lang='lat' dir='ltr'><strong>augustiorem,</strong></span> <span class='ocrx_word' id='word_1_213' title='bbox 1291 3503 1399 3546; x_wconf 88' lang='lat' dir='ltr'><strong>tum</strong></span> 
     </span>
     <span class='ocr_line' id='line_1_41' title="bbox 326 3561 1402 3630; baseline -0.007 -3"><span class='ocrx_word' id='word_1_214' title='bbox 326 3575 555 3627; x_wconf 81' lang='lat' dir='ltr'><strong>maxime</strong></span> <span class='ocrx_word' id='word_1_215' title='bbox 591 3574 860 3626; x_wconf 81' lang='lat' dir='ltr'><strong>lictoribus</strong></span> <span class='ocrx_word' id='word_1_216' title='bbox 893 3561 1165 3626; x_wconf 75' lang='lat' dir='ltr'><strong>duodecim</strong></span> <span class='ocrx_word' id='word_1_217' title='bbox 1198 3572 1402 3630; x_wconf 81' lang='lat' dir='ltr'><strong>sumtis,</strong></span> 
     </span>
     <span class='ocr_line' id='line_1_42' title="bbox 326 3649 1400 3716; baseline -0.004 -13"><span class='ocrx_word' id='word_1_218' title='bbox 326 3652 494 3704; x_wconf 77' lang='lat' dir='ltr'><strong>fecit-³</strong></span> <span class='ocrx_word' id='word_1_219' title='bbox 554 3652 826 3716; x_wconf 75' lang='lat' dir='ltr'><strong>Deinceps</strong></span> <span class='ocrx_word' id='word_1_220' title='bbox 849 3666 971 3704; x_wconf 85' lang='lat' dir='ltr'><strong>vero</strong></span> <span class='ocrx_word' id='word_1_221' title='bbox 993 3653 1152 3701; x_wconf 84' lang='lat' dir='ltr'><strong>etiam</strong></span> <span class='ocrx_word' id='word_1_222' title='bbox 1177 3649 1400 3706; x_wconf 81' lang='lat' dir='ltr'><strong>consuli·</strong></span> 
     </span>
     <span class='ocr_line' id='line_1_43' title="bbox 327 3729 1400 3792; baseline -0.001 -14"><span class='ocrx_word' id='word_1_223' title='bbox 327 3729 426 3784; x_wconf 84' lang='lat' dir='ltr'><strong>bus</strong></span> <span class='ocrx_word' id='word_1_224' title='bbox 449 3729 665 3780; x_wconf 83' lang='lat' dir='ltr'><strong>lictores</strong></span> <span class='ocrx_word' id='word_1_225' title='bbox 689 3736 1062 3792; x_wconf 75' lang='lat' dir='ltr'><strong>apparuerunt.</strong></span> <span class='ocrx_word' id='word_1_226' title='bbox 1093 3729 1205 3780; x_wconf 83' lang='lat' dir='ltr'><strong>Liv.</strong></span> <span class='ocrx_word' id='word_1_227' title='bbox 1229 3743 1293 3779; x_wconf 81' lang='lat' dir='ltr'><strong>u.</strong></span> <span class='ocrx_word' id='word_1_228' title='bbox 1316 3733 1400 3779; x_wconf 79' lang='lat'><strong>⁵5.</strong></span> 
     </span>
     <span class='ocr_line' id='line_1_44' title="bbox 330 3805 1404 3870; baseline -0.001 -13"><span class='ocrx_word' id='word_1_229' title='bbox 330 3806 536 3857; x_wconf 88' lang='lat' dir='ltr'><strong>Horum</strong></span> <span class='ocrx_word' id='word_1_230' title='bbox 579 3805 903 3870; x_wconf 77' lang='lat' dir='ltr'><strong>proecipunm</strong></span> <span class='ocrx_word' id='word_1_231' title='bbox 941 3820 1124 3855; x_wconf 88' lang='lat' dir='ltr'><strong>munus</strong></span> <span class='ocrx_word' id='word_1_232' title='bbox 1166 3812 1299 3862; x_wconf 85' lang='lat' dir='ltr'><strong>erat,</strong></span> <span class='ocrx_word' id='word_1_233' title='bbox 1345 3810 1404 3856; x_wconf 84' lang='lat' dir='ltr'><strong>ut</strong></span> 
     </span>
     <span class='ocr_line' id='line_1_45' title="bbox 329 3880 1399 3945; baseline -0.003 -11"><span class='ocrx_word' id='word_1_234' title='bbox 329 3880 541 3945; x_wconf 78' lang='lat' dir='ltr'><strong>singuli,</strong></span> <span class='ocrx_word' id='word_1_235' title='bbox 582 3881 716 3934; x_wconf 64' lang='lat' dir='ltr'><strong>nlius</strong></span> <span class='ocrx_word' id='word_1_236' title='bbox 757 3887 876 3943; x_wconf 80' lang='lat' dir='ltr'><strong>post</strong></span> <span class='ocrx_word' id='word_1_237' title='bbox 918 3882 1096 3943; x_wconf 81' lang='lat' dir='ltr'><strong>alium,</strong></span> <span class='ocrx_word' id='word_1_238' title='bbox 1128 3882 1399 3945; x_wconf 79' lang='lat' dir='ltr'><strong>magistra·</strong></span> 
     </span>
     <span class='ocr_line' id='line_1_46' title="bbox 330 3956 1402 4021; baseline -0.003 -11"><span class='ocrx_word' id='word_1_239' title='bbox 330 3964 442 4012; x_wconf 80' lang='lat' dir='ltr'><strong>turn</strong></span> <span class='ocrx_word' id='word_1_240' title='bbox 465 3972 562 4021; x_wconf 78' lang='lat' dir='ltr'><strong>per</strong></span> <span class='ocrx_word' id='word_1_241' title='bbox 584 3957 718 4010; x_wconf 83' lang='lat' dir='ltr'><strong>viam</strong></span> <span class='ocrx_word' id='word_1_242' title='bbox 744 3956 1218 4021; x_wconf 62' lang='lat' dir='ltr'><strong>pregrederentnr,</strong></span> <span class='ocrx_word' id='word_1_243' title='bbox 1241 3967 1294 4008; x_wconf 90' lang='lat' dir='ltr'><strong>et</strong></span> <span class='ocrx_word' id='word_1_244' title='bbox 1313 3958 1402 4007; x_wconf 86' lang='lat' dir='ltr'><strong>ad·</strong></span> 
     </span>
     <span class='ocr_line' id='line_1_47' title="bbox 333 4032 1403 4105; baseline -0.001 -21"><span class='ocrx_word' id='word_1_245' title='bbox 333 4040 606 4084; x_wconf 87' lang='lat' dir='ltr'><strong>monerent</strong></span> <span class='ocrx_word' id='word_1_246' title='bbox 637 4032 820 4105; x_wconf 55' lang='lat' dir='ltr'><strong>obuios</strong></span> <span class='ocrx_word' id='word_1_247' title='bbox 846 4034 1058 4086; x_wconf 78' lang='lat' dir='ltr'><strong>honoris</strong></span> <span class='ocrx_word' id='word_1_248' title='bbox 1092 4034 1403 4098; x_wconf 77' lang='lat' dir='ltr'><strong>magistrati-</strong></span> 
     </span>
     <span class='ocr_line' id='line_1_48' title="bbox 334 4109 1409 4174; baseline 0.002 -14"><span class='ocrx_word' id='word_1_249' title='bbox 334 4111 430 4172; x_wconf 72' lang='lat' dir='ltr'><strong>bus</strong></span> <span class='ocrx_word' id='word_1_250' title='bbox 481 4109 673 4171; x_wconf 85' lang='lat' dir='ltr'><strong>debiti,</strong></span> <span class='ocrx_word' id='word_1_251' title='bbox 720 4109 1092 4174; x_wconf 70' lang='lat' dir='ltr'><strong>obstantesque</strong></span> <span class='ocrx_word' id='word_1_252' title='bbox 1131 4112 1409 4162; x_wconf 69' lang='lat' dir='ltr'><strong>submove-v</strong></span> 
     </span>
     <span class='ocr_line' id='line_1_49' title="bbox 337 4185 1403 4249; baseline -0.004 -10"><span class='ocrx_word' id='word_1_253' title='bbox 337 4195 469 4249; x_wconf 77' lang='lat' dir='ltr'><strong>rent.</strong></span> <span class='ocrx_word' id='word_1_254' title='bbox 518 4186 683 4239; x_wconf 74' lang='lat' dir='ltr'><strong>Quod.</strong></span> <span class='ocrx_word' id='word_1_255' title='bbox 696 4186 1041 4242; x_wconf 83' lang='lat' dir='ltr'><strong>submovendi</strong></span> <span class='ocrx_word' id='word_1_256' title='bbox 1056 4185 1280 4240; x_wconf 86' lang='lat' dir='ltr'><strong>officium</strong></span> <span class='ocrx_word' id='word_1_257' title='bbox 1304 4186 1403 4236; x_wconf 88' lang='lat' dir='ltr'><strong>eti-</strong></span> 
     </span>
     <span class='ocr_line' id='line_1_50' title="bbox 341 4262 1403 4323; baseline 0 -8"><span class='ocrx_word' id='word_1_258' title='bbox 341 4279 420 4323; x_wconf 72' lang='lat' dir='ltr'><strong>am</strong></span> <span class='ocrx_word' id='word_1_259' title='bbox 446 4263 647 4315; x_wconf 81' lang='lat' dir='ltr'><strong>indicat</strong></span> <span class='ocrx_word' id='word_1_260' title='bbox 682 4262 796 4314; x_wconf 83' lang='lat' dir='ltr'><strong>Liv.</strong></span> <span class='ocrx_word' id='word_1_261' title='bbox 835 4275 963 4313; x_wconf 81' lang='lat' dir='ltr'><strong>vm.</strong></span> <span class='ocrx_word' id='word_1_262' title='bbox 993 4268 1075 4314; x_wconf 77' lang='lat'><strong>33.</strong></span> <span class='ocrx_word' id='word_1_263' title='bbox 1117 4278 1243 4314; x_wconf 74' lang='lat' dir='ltr'><strong>va.</strong></span> <span class='ocrx_word' id='word_1_264' title='bbox 1273 4267 1322 4314; x_wconf 85' lang='grc'><strong>7.</strong></span> <span class='ocrx_word' id='word_1_265' title='bbox 1347 4271 1403 4315; x_wconf 87' lang='lat' dir='ltr'><strong>et</strong></span> 
     </span>
    </p>
   </div>
   <div class='ocr_carea' id='block_1_3' title="bbox 339 4338 1400 4406">
    <p class='ocr_par' dir='ltr' id='par_1_7' title="bbox 339 4338 1400 4406">
     <span class='ocr_line' id='line_1_51' title="bbox 339 4338 1400 4406; baseline 0.002 -16"><span class='ocrx_word' id='word_1_266' title='bbox 339 4344 418 4394; x_wconf 80' lang='lat'><strong>29.</strong></span> <span class='ocrx_word' id='word_1_267' title='bbox 474 4339 540 4402; x_wconf 74' lang='lat' dir='ltr'><strong>Id</strong></span> <span class='ocrx_word' id='word_1_268' title='bbox 570 4338 707 4406; x_wconf 83' lang='lat' dir='ltr'><strong>quod</strong></span> <span class='ocrx_word' id='word_1_269' title='bbox 740 4338 1006 4394; x_wconf 80' lang='lat' dir='ltr'><strong>ordinarie</strong></span> <span class='ocrx_word' id='word_1_270' title='bbox 1048 4338 1209 4394; x_wconf 81' lang='lat' dir='ltr'><strong>fiebat</strong></span> <span class='ocrx_word' id='word_1_271' title='bbox 1245 4340 1400 4392; x_wconf 81' lang='lat' dir='ltr'><strong>incla-</strong></span> 
     </span>
    </p>
   </div>
   <div class='ocr_carea' id='block_1_4' title="bbox 2371 390 2504 458">
    <p class='ocr_par' dir='ltr' id='par_1_8' title="bbox 2371 390 2504 458">
     <span class='ocr_line' id='line_1_52' title="bbox 2371 390 2504 458; baseline -0.015 1"><span class='ocrx_word' id='word_1_272' title='bbox 2371 390 2504 458; x_wconf 75' lang='lat'><strong>535</strong></span> 
     </span>
    </p>
   </div>
   <div class='ocr_carea' id='block_1_5' title="bbox 1444 551 2548 4398">
    <p class='ocr_par' dir='ltr' id='par_1_9' title="bbox 1444 551 2546 4234">
     <span class='ocr_line' id='line_1_53' title="bbox 1444 551 2504 621; baseline -0.011 -9"><span class='ocrx_word' id='word_1_273' title='bbox 1444 560 1633 612; x_wconf 74' lang='lat' dir='ltr'><strong>niando</strong></span> <span class='ocrx_word' id='word_1_274' title='bbox 1669 559 1865 621; x_wconf 81' lang='lat' dir='ltr'><strong>obvios,</strong></span> <span class='ocrx_word' id='word_1_275' title='bbox 1900 563 1957 606; x_wconf 90' lang='lat' dir='ltr'><strong>ut</strong></span> <span class='ocrx_word' id='word_1_276' title='bbox 1997 551 2504 615; x_wconf 47' lang='lat' dir='ltr'><strong>animadverteram</strong></span> 
     </span>
     <span class='ocr_line' id='line_1_54' title="bbox 1444 627 2505 701; baseline -0.012 -9"><span class='ocrx_word' id='word_1_277' title='bbox 1444 638 1722 701; x_wconf 72' lang='lat' dir='ltr'><strong>aliquando</strong></span> <span class='ocrx_word' id='word_1_278' title='bbox 1763 644 1818 686; x_wconf 88' lang='lat' dir='ltr'><strong>et</strong></span> <span class='ocrx_word' id='word_1_279' title='bbox 1855 631 2125 698; x_wconf 80' lang='lat' dir='ltr'><strong>pulsando.</strong></span> <span class='ocrx_word' id='word_1_280' title='bbox 2175 630 2307 681; x_wconf 87' lang='lat' dir='ltr'><strong>Inde</strong></span> <span class='ocrx_word' id='word_1_281' title='bbox 2347 627 2505 684; x_wconf 81' lang='lat' dir='ltr'><strong>infra.</strong></span> 
     </span>
     <span class='ocr_line' id='line_1_55' title="bbox 1444 707 2505 772; baseline -0.01 -5"><span class='ocrx_word' id='word_1_282' title='bbox 1444 730 1560 772; x_wconf 72' lang='lat' dir='ltr'><strong>mci,-</strong></span> <span class='ocrx_word' id='word_1_283' title='bbox 1580 720 1630 765; x_wconf 83' lang='grc'><strong>7.</strong></span> <span class='ocrx_word' id='word_1_284' title='bbox 1667 713 1837 764; x_wconf 85' lang='lat' dir='ltr'><strong>Plinio</strong></span> <span class='ocrx_word' id='word_1_285' title='bbox 1858 712 2051 768; x_wconf 80' lang='lat' dir='ltr'><strong>dicitur</strong></span> <span class='ocrx_word' id='word_1_286' title='bbox 2069 708 2085 737; x_wconf 90' lang='lat'>‘</span> <span class='ocrx_word' id='word_1_287' title='bbox 2104 708 2329 760; x_wconf 88' lang='lat' dir='ltr'><strong>solennis</strong></span> <span class='ocrx_word' id='word_1_288' title='bbox 2353 707 2505 757; x_wconf 89' lang='lat' dir='ltr'><strong>licto·</strong></span> 
     </span>
     <span class='ocr_line' id='line_1_56' title="bbox 1446 778 2507 854; baseline -0.013 -10"><span class='ocrx_word' id='word_1_289' title='bbox 1446 809 1559 854; x_wconf 76' lang='lat' dir='ltr'><strong>rum</strong></span> <span class='ocrx_word' id='word_1_290' title='bbox 1595 800 1650 842; x_wconf 90' lang='lat' dir='ltr'><strong>et</strong></span> <span class='ocrx_word' id='word_1_291' title='bbox 1685 790 2010 854; x_wconf 77' lang='lat' dir='ltr'><strong>praenuntius</strong></span> <span class='ocrx_word' id='word_1_292' title='bbox 2043 783 2276 838; x_wconf 84' lang='lat' dir='ltr'><strong>clamor.’</strong></span> <span class='ocrx_word' id='word_1_293' title='bbox 2354 778 2507 834; x_wconf 75' lang='lat' dir='ltr'><strong>Conf-</strong></span> 
     </span>
     <span class='ocr_line' id='line_1_57' title="bbox 1446 863 2506 940; baseline -0.011 -21"><span class='ocrx_word' id='word_1_294' title='bbox 1446 870 1660 940; x_wconf 75' lang='lat' dir='ltr'><strong>Suetop.</strong></span> <span class='ocrx_word' id='word_1_295' title='bbox 1691 868 1825 920; x_wconf 78' lang='lat' dir='ltr'><strong>Caes.</strong></span> <span class='ocrx_word' id='word_1_296' title='bbox 1863 879 2041 918; x_wconf 61' lang='grc' dir='ltr'><strong>ωαχ.</strong></span> <span class='ocrx_word' id='word_1_297' title='bbox 2072 870 2124 916; x_wconf 76' lang='grc'><strong>4.</strong></span> <span class='ocrx_word' id='word_1_298' title='bbox 2182 863 2351 913; x_wconf 83' lang='lat' dir='ltr'><strong>Quem</strong></span> <span class='ocrx_word' id='word_1_299' title='bbox 2381 873 2506 909; x_wconf 81' lang='lat' dir='ltr'><strong>vero</strong></span> 
     </span>
     <span class='ocr_line' id='line_1_58' title="bbox 1445 937 2507 1014; baseline -0.014 -14"><span class='ocrx_word' id='word_1_300' title='bbox 1445 948 1691 1014; x_wconf 64' lang='lat' dir='ltr'><strong>bonorem</strong></span> <span class='ocrx_word' id='word_1_301' title='bbox 1716 943 2043 1009; x_wconf 78' lang='lat' dir='ltr'><strong>magistratui</strong></span> <span class='ocrx_word' id='word_1_302' title='bbox 2076 938 2342 992; x_wconf 84' lang='lat' dir='ltr'><strong>incedenti</strong></span> <span class='ocrx_word' id='word_1_303' title='bbox 2362 937 2507 987; x_wconf 80' lang='lat' dir='ltr'><strong>exhi-</strong></span> 
     </span>
     <span class='ocr_line' id='line_1_59' title="bbox 1446 1016 2509 1078; baseline -0.011 -2"><span class='ocrx_word' id='word_1_304' title='bbox 1446 1026 1573 1078; x_wconf 87' lang='lat' dir='ltr'><strong>here</strong></span> <span class='ocrx_word' id='word_1_305' title='bbox 1594 1022 1873 1075; x_wconf 79' lang='lat' dir='ltr'><strong>debuerint</strong></span> <span class='ocrx_word' id='word_1_306' title='bbox 1892 1020 2049 1078; x_wconf 80' lang='lat' dir='ltr'><strong>obvii,</strong></span> <span class='ocrx_word' id='word_1_307' title='bbox 2085 1018 2278 1068; x_wconf 75' lang='lat' dir='ltr'><strong>indicat</strong></span> <span class='ocrx_word' id='word_1_308' title='bbox 2306 1016 2509 1070; x_wconf 77' lang='lat' dir='ltr'><strong>Seneca</strong></span> 
     </span>
     <span class='ocr_line' id='line_1_60' title="bbox 1452 1092 2509 1168; baseline -0.015 -14"><span class='ocrx_word' id='word_1_309' title='bbox 1452 1105 1616 1168; x_wconf 78' lang='lat' dir='ltr'><strong>Epist.</strong></span> <span class='ocrx_word' id='word_1_310' title='bbox 1635 1103 1723 1154; x_wconf 80' lang='lat' dir='ltr'><strong>lib.</strong></span> <span class='ocrx_word' id='word_1_311' title='bbox 1743 1113 1900 1151; x_wconf 61' lang='lat' dir='ltr'><strong>mxiv.</strong></span> <span class='ocrx_word' id='word_1_312' title='bbox 1920 1101 1936 1125; x_wconf 83' lang='lat'>⁸</span> <span class='ocrx_word' id='word_1_313' title='bbox 1952 1098 2009 1148; x_wconf 89' lang='lat' dir='ltr'><strong>Si</strong></span> <span class='ocrx_word' id='word_1_314' title='bbox 2025 1096 2285 1146; x_wconf 83' lang='lat' dir='ltr'><strong>consulem</strong></span> <span class='ocrx_word' id='word_1_315' title='bbox 2309 1092 2509 1155; x_wconf 83' lang='lat' dir='ltr'><strong>videto,</strong></span> 
     </span>
     <span class='ocr_line' id='line_1_61' title="bbox 1447 1170 2511 1243; baseline -0.014 -11"><span class='ocrx_word' id='word_1_316' title='bbox 1447 1189 1542 1238; x_wconf 67' lang='lat' dir='ltr'><strong>aut</strong></span> <span class='ocrx_word' id='word_1_317' title='bbox 1566 1187 1877 1243; x_wconf 65' lang='lat' dir='ltr'><strong>pretorem3</strong></span> <span class='ocrx_word' id='word_1_318' title='bbox 1914 1174 2103 1235; x_wconf 81' lang='lat' dir='ltr'><strong>omnia,</strong></span> <span class='ocrx_word' id='word_1_319' title='bbox 2136 1171 2319 1238; x_wconf 85' lang='lat' dir='ltr'><strong>quibus</strong></span> <span class='ocrx_word' id='word_1_320' title='bbox 2351 1170 2511 1220; x_wconf 81' lang='lat' dir='ltr'><strong>honor</strong></span> 
     </span>
     <span class='ocr_line' id='line_1_62' title="bbox 1448 1245 2512 1315; baseline -0.015 -7"><span class='ocrx_word' id='word_1_321' title='bbox 1448 1256 1631 1308; x_wconf 79' lang='lat' dir='ltr'><strong>baberi</strong></span> <span class='ocrx_word' id='word_1_322' title='bbox 1654 1255 1808 1315; x_wconf 81' lang='lat' dir='ltr'><strong>solet,</strong></span> <span class='ocrx_word' id='word_1_323' title='bbox 1830 1250 2052 1304; x_wconf 73' lang='lat' dir='ltr'><strong>faciamz</strong></span> <span class='ocrx_word' id='word_1_324' title='bbox 2089 1264 2223 1315; x_wconf 82' lang='lat' dir='ltr'><strong>equo</strong></span> <span class='ocrx_word' id='word_1_325' title='bbox 2256 1245 2512 1306; x_wconf 74' lang='lat' dir='ltr'><strong>desiliam,</strong></span> 
     </span>
     <span class='ocr_line' id='line_1_63' title="bbox 1449 1324 2512 1398; baseline -0.009 -13"><span class='ocrx_word' id='word_1_326' title='bbox 1449 1341 1610 1398; x_wconf 80' lang='lat' dir='ltr'><strong>eaput</strong></span> <span class='ocrx_word' id='word_1_327' title='bbox 1628 1333 1944 1395; x_wconf 73' lang='lat' dir='ltr'><strong>adoperiam,</strong></span> <span class='ocrx_word' id='word_1_328' title='bbox 1958 1330 2142 1380; x_wconf 88' lang='lat' dir='ltr'><strong>semita</strong></span> <span class='ocrx_word' id='word_1_329' title='bbox 2157 1324 2374 1380; x_wconf 76' lang='lat' dir='ltr'><strong>cedam-⁹</strong></span> <span class='ocrx_word' id='word_1_330' title='bbox 2410 1325 2512 1376; x_wconf 83' lang='lat' dir='ltr'><strong>Lu·</strong></span> 
     </span>
     <span class='ocr_line' id='line_1_64' title="bbox 1450 1401 2511 1466; baseline -0.013 -4"><span class='ocrx_word' id='word_1_331' title='bbox 1450 1410 1689 1466; x_wconf 79' lang='lat' dir='ltr'><strong>eul&#39;enter</strong></span> <span class='ocrx_word' id='word_1_332' title='bbox 1745 1411 1857 1460; x_wconf 83' lang='lat' dir='ltr'><strong>haec</strong></span> <span class='ocrx_word' id='word_1_333' title='bbox 1896 1408 2131 1458; x_wconf 83' lang='lat' dir='ltr'><strong>declarat</strong></span> <span class='ocrx_word' id='word_1_334' title='bbox 2184 1402 2399 1455; x_wconf 83' lang='lat' dir='ltr'><strong>historia</strong></span> <span class='ocrx_word' id='word_1_335' title='bbox 2442 1401 2511 1453; x_wconf 84' lang='lat' dir='ltr'><strong>Q.</strong></span> 
     </span>
     <span class='ocr_line' id='line_1_65' title="bbox 1456 1476 2514 1552; baseline -0.012 -14"><span class='ocrx_word' id='word_1_336' title='bbox 1456 1488 1605 1538; x_wconf 83' lang='lat' dir='ltr'><strong>Fabii</strong></span> <span class='ocrx_word' id='word_1_337' title='bbox 1628 1486 1842 1552; x_wconf 68' lang='lat' dir='ltr'><strong>Maximi</strong></span> <span class='ocrx_word' id='word_1_338' title='bbox 1866 1482 2087 1540; x_wconf 81' lang='lat' dir='ltr'><strong>consulis</strong></span> <span class='ocrx_word' id='word_1_339' title='bbox 2117 1479 2256 1543; x_wconf 81' lang='lat' dir='ltr'><strong>apud</strong></span> <span class='ocrx_word' id='word_1_340' title='bbox 2283 1478 2395 1529; x_wconf 70' lang='lat' dir='ltr'><strong>niv.</strong></span> <span class='ocrx_word' id='word_1_341' title='bbox 2420 1476 2514 1526; x_wconf 88' lang='lat' dir='ltr'><strong>lib.</strong></span> 
     </span>
     <span class='ocr_line' id='line_1_66' title="bbox 1455 1553 2517 1623; baseline -0.012 -8"><span class='ocrx_word' id='word_1_342' title='bbox 1455 1577 1621 1616; x_wconf 72' lang='lat' dir='ltr'><strong>xxxv.</strong></span> <span class='ocrx_word' id='word_1_343' title='bbox 1638 1567 1722 1613; x_wconf 75' lang='lat'><strong>44.</strong></span> <span class='ocrx_word' id='word_1_344' title='bbox 1757 1565 1772 1590; x_wconf 89' lang='lat'>‘</span> <span class='ocrx_word' id='word_1_345' title='bbox 1792 1558 1985 1618; x_wconf 77' lang='lat' dir='ltr'><strong>Pater,’</strong></span> <span class='ocrx_word' id='word_1_346' title='bbox 2011 1559 2105 1623; x_wconf 81' lang='lat' dir='ltr'><strong>[Q.</strong></span> <span class='ocrx_word' id='word_1_347' title='bbox 2130 1556 2315 1607; x_wconf 77' lang='lat' dir='ltr'><strong>Fabius</strong></span> <span class='ocrx_word' id='word_1_348' title='bbox 2342 1553 2517 1606; x_wconf 73' lang='lat' dir='ltr'><strong>Maxi·</strong></span> 
     </span>
     <span class='ocr_line' id='line_1_67' title="bbox 1454 1632 2516 1705; baseline -0.008 -14"><span class='ocrx_word' id='word_1_349' title='bbox 1454 1638 1615 1703; x_wconf 88' lang='lat' dir='ltr'><strong>mns,]</strong></span> <span class='ocrx_word' id='word_1_350' title='bbox 1642 1641 1829 1705; x_wconf 83' lang='lat' dir='ltr'><strong>inquit,</strong></span> <span class='ocrx_word' id='word_1_351' title='bbox 1864 1641 1878 1666; x_wconf 91' lang='lat'>‘</span> <span class='ocrx_word' id='word_1_352' title='bbox 1898 1637 2001 1690; x_wconf 78' lang='lat' dir='ltr'><strong>filio</strong></span> <span class='ocrx_word' id='word_1_353' title='bbox 2029 1637 2229 1698; x_wconf 79' lang='lat' dir='ltr'><strong>legatus</strong></span> <span class='ocrx_word' id='word_1_354' title='bbox 2259 1632 2325 1682; x_wconf 80' lang='lat' dir='ltr'><strong>ad</strong></span> <span class='ocrx_word' id='word_1_355' title='bbox 2360 1633 2516 1682; x_wconf 73' lang='lat' dir='ltr'><strong>Sues·</strong></span> 
     </span>
     <span class='ocr_line' id='line_1_68' title="bbox 1455 1708 2518 1768; baseline -0.011 0"><span class='ocrx_word' id='word_1_356' title='bbox 1455 1719 1616 1768; x_wconf 86' lang='lat' dir='ltr'><strong>sulam</strong></span> <span class='ocrx_word' id='word_1_357' title='bbox 1642 1718 1692 1766; x_wconf 84' lang='lat' dir='ltr'><strong>in</strong></span> <span class='ocrx_word' id='word_1_358' title='bbox 1716 1723 1889 1768; x_wconf 85' lang='lat' dir='ltr'><strong>castra</strong></span> <span class='ocrx_word' id='word_1_359' title='bbox 1912 1714 2071 1765; x_wconf 83' lang='lat' dir='ltr'><strong>venit.</strong></span> <span class='ocrx_word' id='word_1_360' title='bbox 2113 1712 2285 1768; x_wconf 79' lang='lat' dir='ltr'><strong>Quum</strong></span> <span class='ocrx_word' id='word_1_361' title='bbox 2309 1708 2518 1768; x_wconf 75' lang='lat' dir='ltr'><strong>obviam</strong></span> 
     </span>
     <span class='ocr_line' id='line_1_69' title="bbox 1455 1790 2517 1858; baseline -0.011 -12"><span class='ocrx_word' id='word_1_362' title='bbox 1455 1794 1591 1846; x_wconf 86' lang='lat' dir='ltr'><strong>filius</strong></span> <span class='ocrx_word' id='word_1_363' title='bbox 1618 1795 2041 1858; x_wconf 77' lang='lat' dir='ltr'><strong>progrederetur,</strong></span> <span class='ocrx_word' id='word_1_364' title='bbox 2064 1790 2400 1851; x_wconf 77' lang='lat' dir='ltr'><strong>lictoresque,</strong></span> <span class='ocrx_word' id='word_1_365' title='bbox 2427 1800 2517 1835; x_wconf 81' lang='lat' dir='ltr'><strong>ve-</strong></span> 
     </span>
     <span class='ocr_line' id='line_1_70' title="bbox 1457 1864 2518 1935; baseline -0.013 -11"><span class='ocrx_word' id='word_1_366' title='bbox 1457 1871 1703 1924; x_wconf 85' lang='lat' dir='ltr'><strong>recundia</strong></span> <span class='ocrx_word' id='word_1_367' title='bbox 1747 1869 2038 1935; x_wconf 78' lang='lat' dir='ltr'><strong>mejestatis</strong></span> <span class='ocrx_word' id='word_1_368' title='bbox 2075 1867 2205 1933; x_wconf 84' lang='lat' dir='ltr'><strong>ejus,</strong></span> <span class='ocrx_word' id='word_1_369' title='bbox 2243 1864 2389 1922; x_wconf 82' lang='lat' dir='ltr'><strong>taciti</strong></span> <span class='ocrx_word' id='word_1_370' title='bbox 2426 1876 2518 1911; x_wconf 80' lang='lat' dir='ltr'><strong>an-</strong></span> 
     </span>
     <span class='ocr_line' id='line_1_71' title="bbox 1459 1942 2519 2011; baseline -0.009 -11"><span class='ocrx_word' id='word_1_371' title='bbox 1459 1949 1684 2009; x_wconf 78' lang='lat' dir='ltr'><strong>teirent3</strong></span> <span class='ocrx_word' id='word_1_372' title='bbox 1711 1953 1905 2011; x_wconf 81' lang='lat' dir='ltr'><strong>praeter</strong></span> <span class='ocrx_word' id='word_1_373' title='bbox 1929 1946 2169 2002; x_wconf 84' lang='lat' dir='ltr'><strong>undecim</strong></span> <span class='ocrx_word' id='word_1_374' title='bbox 2194 1942 2359 1994; x_wconf 73' lang='lat' dir='ltr'><strong>fasces</strong></span> <span class='ocrx_word' id='word_1_375' title='bbox 2382 1954 2519 2006; x_wconf 84' lang='lat' dir='ltr'><strong>equo</strong></span> 
     </span>
     <span class='ocr_line' id='line_1_72' title="bbox 1459 2016 2523 2089; baseline -0.009 -14"><span class='ocrx_word' id='word_1_376' title='bbox 1459 2032 1754 2089; x_wconf 78' lang='lat' dir='ltr'><strong>praevectus</strong></span> <span class='ocrx_word' id='word_1_377' title='bbox 1786 2038 1963 2082; x_wconf 83' lang='lat' dir='ltr'><strong>senex,</strong></span> <span class='ocrx_word' id='word_1_378' title='bbox 1999 2030 2057 2072; x_wconf 90' lang='lat' dir='ltr'><strong>ut</strong></span> <span class='ocrx_word' id='word_1_379' title='bbox 2089 2019 2268 2078; x_wconf 80' lang='lat' dir='ltr'><strong>consul</strong></span> <span class='ocrx_word' id='word_1_380' title='bbox 2291 2016 2523 2067; x_wconf 87' lang='lat' dir='ltr'><strong>animad-</strong></span> 
     </span>
     <span class='ocr_line' id='line_1_73' title="bbox 1459 2097 2524 2166; baseline -0.008 -12"><span class='ocrx_word' id='word_1_381' title='bbox 1459 2109 1668 2154; x_wconf 87' lang='lat' dir='ltr'><strong>vertere</strong></span> <span class='ocrx_word' id='word_1_382' title='bbox 1694 2102 1981 2166; x_wconf 84' lang='lat' dir='ltr'><strong>proximum</strong></span> <span class='ocrx_word' id='word_1_383' title='bbox 2012 2100 2245 2150; x_wconf 79' lang='lat' dir='ltr'><strong>lictorem</strong></span> <span class='ocrx_word' id='word_1_384' title='bbox 2263 2097 2441 2162; x_wconf 77' lang='lat' dir='ltr'><strong>jussit,</strong></span> <span class='ocrx_word' id='word_1_385' title='bbox 2465 2099 2524 2146; x_wconf 83' lang='lat' dir='ltr'><strong>et</strong></span> 
     </span>
     <span class='ocr_line' id='line_1_74' title="bbox 1457 2174 2525 2241; baseline -0.006 -11"><span class='ocrx_word' id='word_1_386' title='bbox 1457 2179 1522 2237; x_wconf 81' lang='lat' dir='ltr'><strong>is,</strong></span> <span class='ocrx_word' id='word_1_387' title='bbox 1559 2188 1619 2230; x_wconf 87' lang='lat' dir='ltr'><strong>nt</strong></span> <span class='ocrx_word' id='word_1_388' title='bbox 1640 2179 1987 2229; x_wconf 84' lang='lat' dir='ltr'><strong>descenderet</strong></span> <span class='ocrx_word' id='word_1_389' title='bbox 2009 2192 2073 2227; x_wconf 80' lang='lat' dir='ltr'><strong>ex</strong></span> <span class='ocrx_word' id='word_1_390' title='bbox 2096 2190 2246 2241; x_wconf 87' lang='lat' dir='ltr'><strong>equo,</strong></span> <span class='ocrx_word' id='word_1_391' title='bbox 2275 2174 2525 2224; x_wconf 71' lang='lat' dir='ltr'><strong>inclama·</strong></span> 
     </span>
     <span class='ocr_line' id='line_1_75' title="bbox 1465 2249 2525 2318; baseline -0.006 -14"><span class='ocrx_word' id='word_1_392' title='bbox 1465 2258 1567 2318; x_wconf 60' lang='grc' dir='ltr'><strong>νίας</strong></span> <span class='ocrx_word' id='word_1_393' title='bbox 1604 2262 1711 2307; x_wconf 86' lang='lat' dir='ltr'><strong>tum</strong></span> <span class='ocrx_word' id='word_1_394' title='bbox 1742 2256 1948 2308; x_wconf 85' lang='lat' dir='ltr'><strong>demum</strong></span> <span class='ocrx_word' id='word_1_395' title='bbox 1981 2253 2245 2316; x_wconf 79' lang='lat' dir='ltr'><strong>desiliens,</strong></span> <span class='ocrx_word' id='word_1_396' title='bbox 2268 2253 2283 2279; x_wconf 89' lang='lat'>‘</span> <span class='ocrx_word' id='word_1_397' title='bbox 2305 2249 2525 2313; x_wconf 84' lang='lat' dir='ltr'><strong>Experi-</strong></span> 
     </span>
     <span class='ocr_line' id='line_1_76' title="bbox 1462 2327 2527 2398; baseline -0.011 -13"><span class='ocrx_word' id='word_1_398' title='bbox 1462 2334 1542 2391; x_wconf 90' lang='lat' dir='ltr'><strong>ri‚’</strong></span> <span class='ocrx_word' id='word_1_399' title='bbox 1576 2334 1761 2398; x_wconf 86' lang='lat' dir='ltr'><strong>inquit,</strong></span> <span class='ocrx_word' id='word_1_400' title='bbox 1804 2340 1821 2363; x_wconf 78' lang='lat'><strong><em>⁴</em></strong></span> <span class='ocrx_word' id='word_1_401' title='bbox 1842 2332 1997 2392; x_wconf 81' lang='lat' dir='ltr'><strong>volui,</strong></span> <span class='ocrx_word' id='word_1_402' title='bbox 2031 2329 2125 2393; x_wconf 85' lang='lat' dir='ltr'><strong>fili,</strong></span> <span class='ocrx_word' id='word_1_403' title='bbox 2160 2327 2313 2380; x_wconf 85' lang='lat' dir='ltr'><strong>satin&#39;</strong></span> <span class='ocrx_word' id='word_1_404' title='bbox 2345 2328 2527 2389; x_wconf 87' lang='lat' dir='ltr'><strong>scires,</strong></span> 
     </span>
     <span class='ocr_line' id='line_1_77' title="bbox 1463 2403 2527 2461; baseline -0.011 0"><span class='ocrx_word' id='word_1_405' title='bbox 1463 2409 1727 2461; x_wconf 83' lang='lat' dir='ltr'><strong>consulem</strong></span> <span class='ocrx_word' id='word_1_406' title='bbox 1753 2414 1806 2458; x_wconf 88' lang='lat' dir='ltr'><strong>te</strong></span> <span class='ocrx_word' id='word_1_407' title='bbox 1827 2405 1977 2457; x_wconf 89' lang='lat' dir='ltr'><strong>esse.’</strong></span> <span class='ocrx_word' id='word_1_408' title='bbox 1993 2404 2007 2425; x_wconf 90' lang='lat'>’</span> <span class='ocrx_word' id='word_1_409' title='bbox 2061 2403 2140 2455; x_wconf 84' lang='lat' dir='ltr'><strong>cf.</strong></span> <span class='ocrx_word' id='word_1_410' title='bbox 2164 2404 2281 2453; x_wconf 76' lang='lat' dir='ltr'><strong>Vel.</strong></span> <span class='ocrx_word' id='word_1_411' title='bbox 2298 2403 2446 2452; x_wconf 84' lang='lat' dir='ltr'><strong>Max.</strong></span> <span class='ocrx_word' id='word_1_412' title='bbox 2464 2414 2527 2450; x_wconf 82' lang='grc' dir='ltr'><strong>ιι.</strong></span> 
     </span>
     <span class='ocr_line' id='line_1_78' title="bbox 1464 2478 2526 2548; baseline -0.01 -11"><span class='ocrx_word' id='word_1_413' title='bbox 1464 2502 1512 2537; x_wconf 89' lang='lat' dir='ltr'><strong>c.</strong></span> <span class='ocrx_word' id='word_1_414' title='bbox 1531 2490 1579 2537; x_wconf 80' lang='lat'><strong>2.</strong></span> <span class='ocrx_word' id='word_1_415' title='bbox 1597 2501 1682 2537; x_wconf 85' lang='lat' dir='ltr'><strong>ex.</strong></span> <span class='ocrx_word' id='word_1_416' title='bbox 1701 2490 1751 2535; x_wconf 81' lang='grc'><strong>4.</strong></span> <span class='ocrx_word' id='word_1_417' title='bbox 1780 2485 2039 2548; x_wconf 83' lang='lat' dir='ltr'><strong>Trajanus</strong></span> <span class='ocrx_word' id='word_1_418' title='bbox 2062 2494 2207 2542; x_wconf 84' lang='lat' dir='ltr'><strong>vero,</strong></span> <span class='ocrx_word' id='word_1_419' title='bbox 2227 2481 2314 2546; x_wconf 88' lang='lat' dir='ltr'><strong>qui</strong></span> <span class='ocrx_word' id='word_1_420' title='bbox 2332 2478 2526 2532; x_wconf 82' lang='lat' dir='ltr'><strong>ceteris</strong></span> 
     </span>
     <span class='ocr_line' id='line_1_79' title="bbox 1463 2559 2532 2628; baseline -0.008 -15"><span class='ocrx_word' id='word_1_421' title='bbox 1463 2562 1666 2628; x_wconf 80' lang='lat' dir='ltr'><strong>civilior</strong></span> <span class='ocrx_word' id='word_1_422' title='bbox 1688 2561 1864 2611; x_wconf 83' lang='lat' dir='ltr'><strong>baberi</strong></span> <span class='ocrx_word' id='word_1_423' title='bbox 1901 2560 2083 2616; x_wconf 85' lang='lat' dir='ltr'><strong>voluit,</strong></span> <span class='ocrx_word' id='word_1_424' title='bbox 2117 2559 2424 2610; x_wconf 86' lang='lat' dir='ltr'><strong>subsecutus</strong></span> <span class='ocrx_word' id='word_1_425' title='bbox 2447 2560 2532 2604; x_wconf 86' lang='lat' dir='ltr'><strong>est</strong></span> 
     </span>
     <span class='ocr_line' id='line_1_80' title="bbox 1466 2631 2535 2701; baseline -0.008 -11"><span class='ocrx_word' id='word_1_426' title='bbox 1466 2640 1683 2691; x_wconf 84' lang='lat' dir='ltr'><strong>lictores</strong></span> <span class='ocrx_word' id='word_1_427' title='bbox 1726 2639 1958 2694; x_wconf 85' lang='lat' dir='ltr'><strong>silentes,</strong></span> <span class='ocrx_word' id='word_1_428' title='bbox 2003 2649 2132 2701; x_wconf 84' lang='lat' dir='ltr'><strong>quos</strong></span> <span class='ocrx_word' id='word_1_429' title='bbox 2175 2635 2359 2694; x_wconf 81' lang='lat' dir='ltr'><strong>tacitos</strong></span> <span class='ocrx_word' id='word_1_430' title='bbox 2394 2631 2535 2692; x_wconf 80' lang='lat' dir='ltr'><strong>dixit</strong></span> 
     </span>
     <span class='ocr_line' id='line_1_81' title="bbox 1465 2709 2535 2780; baseline -0.014 -10"><span class='ocrx_word' id='word_1_431' title='bbox 1465 2719 1680 2778; x_wconf 78' lang='lat' dir='ltr'><strong>Livius3</strong></span> <span class='ocrx_word' id='word_1_432' title='bbox 1706 2731 1861 2780; x_wconf 83' lang='lat' dir='ltr'><strong>quum</strong></span> <span class='ocrx_word' id='word_1_433' title='bbox 1885 2719 1983 2764; x_wconf 82' lang='lat' dir='ltr'><strong>non</strong></span> <span class='ocrx_word' id='word_1_434' title='bbox 2016 2712 2353 2764; x_wconf 72' lang='lat' dir='ltr'><strong>inclamarent</strong></span> <span class='ocrx_word' id='word_1_435' title='bbox 2385 2709 2535 2758; x_wconf 80' lang='lat' dir='ltr'><strong>obvi·</strong></span> 
     </span>
     <span class='ocr_line' id='line_1_82' title="bbox 1467 2785 2530 2857; baseline -0.013 -12"><span class='ocrx_word' id='word_1_436' title='bbox 1467 2809 1543 2857; x_wconf 86' lang='lat' dir='ltr'><strong>os,</strong></span> <span class='ocrx_word' id='word_1_437' title='bbox 1579 2800 1637 2843; x_wconf 89' lang='lat' dir='ltr'><strong>ut</strong></span> <span class='ocrx_word' id='word_1_438' title='bbox 1671 2791 2180 2848; x_wconf 81' lang='lat' dir='ltr'><strong>animadverterent;</strong></span> <span class='ocrx_word' id='word_1_439' title='bbox 2216 2793 2269 2834; x_wconf 91' lang='lat' dir='ltr'><strong>et</strong></span> <span class='ocrx_word' id='word_1_440' title='bbox 2307 2785 2530 2848; x_wconf 82' lang='lat' dir='ltr'><strong>quietos,</strong></span> 
     </span>
     <span class='ocr_line' id='line_1_83' title="bbox 1464 2861 2531 2937; baseline -0.011 -16"><span class='ocrx_word' id='word_1_441' title='bbox 1464 2885 1621 2937; x_wconf 87' lang='lat' dir='ltr'><strong>quum</strong></span> <span class='ocrx_word' id='word_1_442' title='bbox 1646 2870 1902 2919; x_wconf 89' lang='lat' dir='ltr'><strong>neminem</strong></span> <span class='ocrx_word' id='word_1_443' title='bbox 1929 2867 2216 2930; x_wconf 85' lang='lat' dir='ltr'><strong>pulsarent,</strong></span> <span class='ocrx_word' id='word_1_444' title='bbox 2252 2871 2342 2924; x_wconf 77' lang='lat' dir='ltr'><strong>aut</strong></span> <span class='ocrx_word' id='word_1_445' title='bbox 2358 2861 2425 2912; x_wconf 88' lang='lat' dir='ltr'><strong>de</strong></span> <span class='ocrx_word' id='word_1_446' title='bbox 2449 2875 2531 2910; x_wconf 88' lang='lat' dir='ltr'><strong>se·</strong></span> 
     </span>
     <span class='ocr_line' id='line_1_84' title="bbox 1470 2938 2534 3000; baseline -0.012 -1"><span class='ocrx_word' id='word_1_447' title='bbox 1470 2950 1597 3000; x_wconf 86' lang='lat' dir='ltr'><strong>mita</strong></span> <span class='ocrx_word' id='word_1_448' title='bbox 1639 2947 2021 2997; x_wconf 85' lang='lat' dir='ltr'><strong>submoverent.</strong></span> <span class='ocrx_word' id='word_1_449' title='bbox 2086 2942 2171 2992; x_wconf 85' lang='lat' dir='ltr'><strong>Sic</strong></span> <span class='ocrx_word' id='word_1_450' title='bbox 2214 2948 2271 2991; x_wconf 87' lang='lat' dir='ltr'><strong>et</strong></span> <span class='ocrx_word' id='word_1_451' title='bbox 2328 2938 2534 2990; x_wconf 80' lang='lat' dir='ltr'><strong>Plinius</strong></span> 
     </span>
     <span class='ocr_line' id='line_1_85' title="bbox 1471 3014 2533 3084; baseline -0.014 -6"><span class='ocrx_word' id='word_1_452' title='bbox 1471 3032 1652 3078; x_wconf 79' lang='lat' dir='ltr'><strong>noster</strong></span> <span class='ocrx_word' id='word_1_453' title='bbox 1686 3023 1842 3084; x_wconf 86' lang='lat' dir='ltr'><strong>infra,</strong></span> <span class='ocrx_word' id='word_1_454' title='bbox 1875 3022 2142 3074; x_wconf 50' lang='lat' dir='ltr'><strong>nxxvrffl.</strong></span> <span class='ocrx_word' id='word_1_455' title='bbox 2183 3014 2423 3084; x_wconf 76' lang='lat' dir='ltr'><strong>‘Nemo,’</strong></span> <span class='ocrx_word' id='word_1_456' title='bbox 2457 3017 2533 3063; x_wconf 82' lang='lat' dir='ltr'><strong>in-</strong></span> 
     </span>
     <span class='ocr_line' id='line_1_86' title="bbox 1470 3093 2536 3169; baseline -0.009 -19"><span class='ocrx_word' id='word_1_457' title='bbox 1470 3104 1601 3169; x_wconf 73' lang='lat' dir='ltr'><strong>quit,</strong></span> <span class='ocrx_word' id='word_1_458' title='bbox 1630 3105 1646 3133; x_wconf 77' lang='lat'><em>⁶</em></span> <span class='ocrx_word' id='word_1_459' title='bbox 1667 3098 2105 3166; x_wconf 76' lang='lat' dir='ltr'><strong>perturbabatur3</strong></span> <span class='ocrx_word' id='word_1_460' title='bbox 2142 3110 2294 3148; x_wconf 85' lang='lat' dir='ltr'><strong>nemo</strong></span> <span class='ocrx_word' id='word_1_461' title='bbox 2326 3093 2536 3144; x_wconf 86' lang='lat' dir='ltr'><strong>submo-</strong></span> 
     </span>
     <span class='ocr_line' id='line_1_87' title="bbox 1475 3171 2536 3240; baseline -0.006 -12"><span class='ocrx_word' id='word_1_462' title='bbox 1475 3180 1709 3240; x_wconf 74' lang='lat' dir='ltr'><strong>vebatur.</strong></span> <span class='ocrx_word' id='word_1_463' title='bbox 1741 3178 1909 3228; x_wconf 81' lang='lat' dir='ltr'><strong>Tanta</strong></span> <span class='ocrx_word' id='word_1_464' title='bbox 1932 3173 2217 3228; x_wconf 81' lang='lat' dir='ltr'><strong>viatoribus</strong></span> <span class='ocrx_word' id='word_1_465' title='bbox 2237 3171 2402 3237; x_wconf 86' lang='lat' dir='ltr'><strong>quies,</strong></span> <span class='ocrx_word' id='word_1_466' title='bbox 2426 3178 2536 3222; x_wconf 78' lang='lat' dir='ltr'><strong>tau·</strong></span> 
     </span>
     <span class='ocr_line' id='line_1_88' title="bbox 1472 3248 2533 3320; baseline -0.011 -13"><span class='ocrx_word' id='word_1_467' title='bbox 1472 3265 1557 3307; x_wconf 82' lang='lat' dir='ltr'><strong>tus</strong></span> <span class='ocrx_word' id='word_1_468' title='bbox 1602 3256 1768 3320; x_wconf 80' lang='lat' dir='ltr'><strong>pudor</strong></span> <span class='ocrx_word' id='word_1_469' title='bbox 1815 3250 2076 3305; x_wconf 60' lang='lat' dir='ltr'><strong>fascibus?</strong></span> <span class='ocrx_word' id='word_1_470' title='bbox 2129 3248 2233 3300; x_wconf 87' lang='lat' dir='ltr'><strong>Sed</strong></span> <span class='ocrx_word' id='word_1_471' title='bbox 2279 3249 2389 3300; x_wconf 81' lang='lat' dir='ltr'><strong>haee</strong></span> <span class='ocrx_word' id='word_1_472' title='bbox 2413 3248 2533 3311; x_wconf 75' lang='lat' dir='ltr'><strong>-jatn</strong></span> 
     </span>
     <span class='ocr_line' id='line_1_89' title="bbox 1475 3327 2540 3397; baseline -0.015 -9"><span class='ocrx_word' id='word_1_473' title='bbox 1475 3335 1682 3388; x_wconf 85' lang='lat' dir='ltr'><strong>uberius</strong></span> <span class='ocrx_word' id='word_1_474' title='bbox 1705 3332 1941 3397; x_wconf 81' lang='lat' dir='ltr'><strong>exposuit</strong></span> <span class='ocrx_word' id='word_1_475' title='bbox 1963 3330 2101 3393; x_wconf 84' lang='lat' dir='ltr'><strong>Lips.</strong></span> <span class='ocrx_word' id='word_1_476' title='bbox 2124 3327 2291 3378; x_wconf 83' lang='lat' dir='ltr'><strong>Elect.</strong></span> <span class='ocrx_word' id='word_1_477' title='bbox 2314 3340 2351 3375; x_wconf 91' lang='grc' dir='ltr'><strong>ι.</strong></span> <span class='ocrx_word' id='word_1_478' title='bbox 2373 3329 2458 3375; x_wconf 75' lang='lat'><strong>23.</strong></span> <span class='ocrx_word' id='word_1_479' title='bbox 2482 3332 2540 3373; x_wconf 90' lang='lat' dir='ltr'><strong>et</strong></span> 
     </span>
     <span class='ocr_line' id='line_1_90' title="bbox 1475 3403 2536 3465; baseline -0.013 -1"><span class='ocrx_word' id='word_1_480' title='bbox 1475 3414 1527 3464; x_wconf 85' lang='lat' dir='ltr'><strong>in</strong></span> <span class='ocrx_word' id='word_1_481' title='bbox 1551 3415 1826 3462; x_wconf 85' lang='lat' dir='ltr'><strong>comment.</strong></span> <span class='ocrx_word' id='word_1_482' title='bbox 1856 3408 1922 3458; x_wconf 87' lang='lat' dir='ltr'><strong>ad</strong></span> <span class='ocrx_word' id='word_1_483' title='bbox 1952 3408 1998 3458; x_wconf 79' lang='lat' dir='ltr'><strong>lt.</strong></span> <span class='ocrx_word' id='word_1_484' title='bbox 2025 3409 2058 3456; x_wconf 90' lang='lat' dir='ltr'><strong>l.</strong></span> <span class='ocrx_word' id='word_1_485' title='bbox 2089 3406 2217 3458; x_wconf 85' lang='lat' dir='ltr'><strong>item</strong></span> <span class='ocrx_word' id='word_1_486' title='bbox 2256 3403 2536 3465; x_wconf 82' lang='lat' dir='ltr'><strong>Spanhem.</strong></span> 
     </span>
     <span class='ocr_line' id='line_1_91' title="bbox 1475 3479 2541 3548; baseline -0.008 -12"><span class='ocrx_word' id='word_1_487' title='bbox 1475 3488 1544 3540; x_wconf 78' lang='lat' dir='ltr'><strong>de</strong></span> <span class='ocrx_word' id='word_1_488' title='bbox 1561 3489 1671 3537; x_wconf 78' lang='lat' dir='ltr'><strong>Usu</strong></span> <span class='ocrx_word' id='word_1_489' title='bbox 1694 3493 1752 3536; x_wconf 91' lang='lat' dir='ltr'><strong>et</strong></span> <span class='ocrx_word' id='word_1_490' title='bbox 1773 3485 1966 3548; x_wconf 75' lang='lat' dir='ltr'><strong>Praest.</strong></span> <span class='ocrx_word' id='word_1_491' title='bbox 1991 3480 2249 3532; x_wconf 82' lang='lat' dir='ltr'><strong>Numism.</strong></span> <span class='ocrx_word' id='word_1_492' title='bbox 2268 3479 2389 3527; x_wconf 83' lang='lat' dir='ltr'><strong>Vet.</strong></span> <span class='ocrx_word' id='word_1_493' title='bbox 2414 3486 2541 3527; x_wconf 83' lang='lat' dir='ltr'><strong>tom.</strong></span> 
     </span>
     <span class='ocr_line' id='line_1_92' title="bbox 1476 3555 2538 3631; baseline -0.014 -15"><span class='ocrx_word' id='word_1_494' title='bbox 1476 3581 1542 3620; x_wconf 81' lang='lat' dir='ltr'><strong>u.</strong></span> <span class='ocrx_word' id='word_1_495' title='bbox 1583 3581 1632 3631; x_wconf 87' lang='lat' dir='ltr'><strong>p.</strong></span> <span class='ocrx_word' id='word_1_496' title='bbox 1655 3569 1737 3618; x_wconf 86' lang='grc'><strong>88.</strong></span> <span class='ocrx_word' id='word_1_497' title='bbox 1766 3577 1915 3626; x_wconf 83' lang='lat' dir='ltr'><strong>seqq.</strong></span> <span class='ocrx_word' id='word_1_498' title='bbox 1969 3558 2223 3624; x_wconf 85' lang='lat' dir='ltr'><strong>Equidem</strong></span> <span class='ocrx_word' id='word_1_499' title='bbox 2259 3555 2538 3620; x_wconf 85' lang='lat' dir='ltr'><strong>Trajanus,</strong></span> 
     </span>
     <span class='ocr_line' id='line_1_93' title="bbox 1475 3634 2546 3706; baseline -0.011 -13"><span class='ocrx_word' id='word_1_500' title='bbox 1475 3658 1594 3706; x_wconf 78' lang='lat' dir='ltr'><strong>eum</strong></span> <span class='ocrx_word' id='word_1_501' title='bbox 1640 3649 1766 3692; x_wconf 83' lang='lat' dir='ltr'><strong>tune</strong></span> <span class='ocrx_word' id='word_1_502' title='bbox 1804 3637 2166 3705; x_wconf 79' lang='lat' dir='ltr'><strong>ingrederetur</strong></span> <span class='ocrx_word' id='word_1_503' title='bbox 2202 3634 2398 3688; x_wconf 82' lang='lat' dir='ltr'><strong>urbem,</strong></span> <span class='ocrx_word' id='word_1_504' title='bbox 2435 3645 2546 3681; x_wconf 81' lang='lat' dir='ltr'><strong>non.</strong></span> 
     </span>
     <span class='ocr_line' id='line_1_94' title="bbox 1477 3713 2540 3786; baseline -0.014 -15"><span class='ocrx_word' id='word_1_505' title='bbox 1477 3728 1593 3786; x_wconf 76' lang='lat' dir='ltr'><strong>erat</strong></span> <span class='ocrx_word' id='word_1_506' title='bbox 1631 3719 1838 3771; x_wconf 83' lang='lat' dir='ltr'><strong>consul:</strong></span> <span class='ocrx_word' id='word_1_507' title='bbox 1878 3723 2107 3768; x_wconf 78' lang='lat' dir='ltr'><strong>attamen</strong></span> <span class='ocrx_word' id='word_1_508' title='bbox 2135 3714 2244 3778; x_wconf 81' lang='lat' dir='ltr'><strong>jam</strong></span> <span class='ocrx_word' id='word_1_509' title='bbox 2280 3713 2540 3774; x_wconf 75' lang='lat' dir='ltr'><strong>Augusto,</strong></span> 
     </span>
     <span class='ocr_line' id='line_1_95' title="bbox 1477 3787 2543 3854; baseline -0.009 -9"><span class='ocrx_word' id='word_1_510' title='bbox 1477 3797 1613 3845; x_wconf 82' lang='lat' dir='ltr'><strong>inter</strong></span> <span class='ocrx_word' id='word_1_511' title='bbox 1659 3795 1756 3843; x_wconf 82' lang='lat' dir='ltr'><strong>alia</strong></span> <span class='ocrx_word' id='word_1_512' title='bbox 1801 3792 1984 3843; x_wconf 86' lang='lat' dir='ltr'><strong>summi</strong></span> <span class='ocrx_word' id='word_1_513' title='bbox 2042 3790 2247 3854; x_wconf 87' lang='lat' dir='ltr'><strong>imperii</strong></span> <span class='ocrx_word' id='word_1_514' title='bbox 2299 3787 2543 3851; x_wconf 77' lang='lat' dir='ltr'><strong>insignia,</strong></span> 
     </span>
     <span class='ocr_line' id='line_1_96' title="bbox 1477 3868 2545 3934; baseline -0.012 -10"><span class='ocrx_word' id='word_1_515' title='bbox 1477 3872 1759 3924; x_wconf 86' lang='lat' dir='ltr'><strong>consularis</strong></span> <span class='ocrx_word' id='word_1_516' title='bbox 1777 3876 2011 3934; x_wconf 84' lang='lat' dir='ltr'><strong>potestas</strong></span> <span class='ocrx_word' id='word_1_517' title='bbox 2029 3868 2079 3920; x_wconf 88' lang='lat' dir='ltr'><strong>in</strong></span> <span class='ocrx_word' id='word_1_518' title='bbox 2102 3871 2407 3930; x_wconf 78' lang='lat' dir='ltr'><strong>perpetuum</strong></span> <span class='ocrx_word' id='word_1_519' title='bbox 2427 3871 2545 3916; x_wconf 86' lang='lat' dir='ltr'><strong>erat</strong></span> 
     </span>
     <span class='ocr_line' id='line_1_97' title="bbox 1477 3940 2543 4008; baseline -0.008 -7"><span class='ocrx_word' id='word_1_520' title='bbox 1477 3943 1621 4008; x_wconf 82' lang='lat' dir='ltr'><strong>data,</strong></span> <span class='ocrx_word' id='word_1_521' title='bbox 1644 3957 1697 3998; x_wconf 90' lang='lat' dir='ltr'><strong>et</strong></span> <span class='ocrx_word' id='word_1_522' title='bbox 1722 3963 1753 3998; x_wconf 93' lang='lat' dir='ltr'><strong>a</strong></span> <span class='ocrx_word' id='word_1_523' title='bbox 1775 3952 1955 3997; x_wconf 77' lang='lat' dir='ltr'><strong>senatu</strong></span> <span class='ocrx_word' id='word_1_524' title='bbox 1981 3945 2270 4005; x_wconf 86' lang='lat' dir='ltr'><strong>decretum,</strong></span> <span class='ocrx_word' id='word_1_525' title='bbox 2294 3949 2351 3991; x_wconf 89' lang='lat' dir='ltr'><strong>ut</strong></span> <span class='ocrx_word' id='word_1_526' title='bbox 2372 3940 2543 3992; x_wconf 80' lang='lat' dir='ltr'><strong>eidem</strong></span> 
     </span>
     <span class='ocr_line' id='line_1_98' title="bbox 1478 4019 2545 4092; baseline -0.014 -13"><span class='ocrx_word' id='word_1_527' title='bbox 1478 4027 1753 4092; x_wconf 78' lang='lat' dir='ltr'><strong>duodecim</strong></span> <span class='ocrx_word' id='word_1_528' title='bbox 1788 4023 1955 4073; x_wconf 81' lang='lat' dir='ltr'><strong>fasces</strong></span> <span class='ocrx_word' id='word_1_529' title='bbox 2002 4019 2387 4086; x_wconf 71' lang='lat' dir='ltr'><strong>praeferrentur,</strong></span> <span class='ocrx_word' id='word_1_530' title='bbox 2426 4030 2545 4072; x_wconf 79' lang='lat' dir='ltr'><strong>nar-</strong></span> 
     </span>
     <span class='ocr_line' id='line_1_99' title="bbox 1480 4097 2543 4161; baseline -0.011 -5"><span class='ocrx_word' id='word_1_531' title='bbox 1480 4113 1625 4156; x_wconf 80' lang='lat' dir='ltr'><strong>rante</strong></span> <span class='ocrx_word' id='word_1_532' title='bbox 1651 4103 1820 4153; x_wconf 88' lang='lat' dir='ltr'><strong>Dioue</strong></span> <span class='ocrx_word' id='word_1_533' title='bbox 1844 4102 1990 4151; x_wconf 81' lang='lat' dir='ltr'><strong>Cass.</strong></span> <span class='ocrx_word' id='word_1_534' title='bbox 2018 4100 2106 4149; x_wconf 87' lang='lat' dir='ltr'><strong>lib.</strong></span> <span class='ocrx_word' id='word_1_535' title='bbox 2132 4111 2253 4149; x_wconf 73' lang='lat' dir='ltr'><strong>nux.</strong></span> <span class='ocrx_word' id='word_1_536' title='bbox 2285 4110 2404 4161; x_wconf 73' lang='lat' dir='ltr'><strong>pag.</strong></span> <span class='ocrx_word' id='word_1_537' title='bbox 2426 4097 2543 4144; x_wconf 75' lang='lat'><strong>32⁷.</strong></span> 
     </span>
     <span class='ocr_line' id='line_1_100' title="bbox 1483 4183 1730 4234; baseline -0.02 0"><span class='ocrx_word' id='word_1_538' title='bbox 1483 4183 1730 4234; x_wconf 63' lang='lat' dir='ltr'><strong>Selmena.</strong></span> 
     </span>
    </p>

    <p class='ocr_par' dir='ltr' id='par_1_10' title="bbox 1479 4253 2548 4398">
     <span class='ocr_line' id='line_1_101' title="bbox 1568 4253 2544 4320; baseline -0.013 -11"><span class='ocrx_word' id='word_1_539' title='bbox 1568 4256 1724 4320; x_wconf 76' lang='lat' dir='ltr'><strong>Nam]</strong></span> <span class='ocrx_word' id='word_1_540' title='bbox 1758 4256 1943 4306; x_wconf 86' lang='lat' dir='ltr'><strong>Utrum</strong></span> <span class='ocrx_word' id='word_1_541' title='bbox 1989 4268 2083 4319; x_wconf 85' lang='lat' dir='ltr'><strong>pro</strong></span> <span class='ocrx_word' id='word_1_542' title='bbox 2123 4253 2253 4320; x_wconf 68' lang='lat' dir='ltr'><strong>Nam</strong></span> <span class='ocrx_word' id='word_1_543' title='bbox 2288 4262 2544 4314; x_wconf 88' lang='lat' dir='ltr'><strong>reponen-</strong></span> 
     </span>
     <span class='ocr_line' id='line_1_102' title="bbox 1479 4327 2548 4398; baseline -0.012 -9"><span class='ocrx_word' id='word_1_544' title='bbox 1479 4338 1602 4398; x_wconf 83' lang='lat' dir='ltr'><strong>dum</strong></span> <span class='ocrx_word' id='word_1_545' title='bbox 1637 4336 1707 4396; x_wconf 82' lang='lat' dir='ltr'><strong>sit</strong></span> <span class='ocrx_word' id='word_1_546' title='bbox 1735 4336 1868 4391; x_wconf 69' lang='lat' dir='ltr'><strong>dam,</strong></span> <span class='ocrx_word' id='word_1_547' title='bbox 1904 4347 1968 4384; x_wconf 84' lang='lat' dir='ltr'><strong>au</strong></span> <span class='ocrx_word' id='word_1_548' title='bbox 2002 4330 2255 4398; x_wconf 81' lang='lat' dir='ltr'><strong>particula</strong></span> <span class='ocrx_word' id='word_1_549' title='bbox 2287 4329 2418 4380; x_wconf 79' lang='lat' dir='ltr'><strong>Nam</strong></span> <span class='ocrx_word' id='word_1_550' title='bbox 2450 4327 2548 4380; x_wconf 83' lang='lat' dir='ltr'><strong>hoe</strong></span> 
     </span>
    </p>
   </div>
   <div class='ocr_carea' id='block_1_6' title="bbox 2971 2395 2985 3283">
    <p class='ocr_par' dir='ltr' id='par_1_11' title="bbox 2971 2395 2985 3283">
     <span class='ocr_line' id='line_1_103' title="bbox 2971 2395 2985 3283; baseline 0 0"><span class='ocrx_word' id='word_1_551' title='bbox 2971 2395 2985 3283; x_wconf 95' lang='lat' dir='ltr'><strong> </strong></span> 
     </span>
    </p>
   </div>
  </div>
 </body>
</html>
