3017 4942
482 371 658 438 1014

485 528 571 596 git
586 542 709 580 vero
732 528 938 580 Plinius
964 526 1286 592 potissimum
1306 540 1396 576 eos
1419 525 1548 576 libe-

485 621 592 670 τοι,
638 620 768 672 quos
817 606 911 655 Dii
958 618 1024 653 ex
1065 602 1271 652 feminis
1316 603 1550 652 humanis

490 698 796 749 procreasse
819 682 1147 732 dicebantur.
1192 683 1300 731 Pro
1318 681 1551 745 Deoraas,

487 776 663 812 omnes
698 760 811 812 fore
842 760 1052 810 codices
1074 759 1207 808 Mss.
1238 758 1435 808 liabent
1458 773 1549 821 ge-

489 839 709 889 nitivum
759 851 856 902 per
898 850 1161 901 syncopen
1202 841 1551 903 contractum,

486 915 669 977 Deam,
696 922 890 979 preter
913 912 1256 975 Guelplticum
1281 926 1298 973 ς
1333 911 1423 961 aed
1440 912 1550 975 jam

486 993 669 1056 primia
691 991 948 1040 editiones
967 989 1267 1053 Puteolani,
1286 987 1552 1050 Beroaldi,

488 1069 748 1130 Catanaei,
780 1067 1103 1131 cuspiniani,
1136 1066 1476 1128 aliorumque,
1496 1078 1551 1113 o·

486 1144 765 1209 vulgaru'nt
788 1146 998 1195 Deorum
1016 1161 1037 1202 ,-
1071 1159 1189 1208 quoe
1212 1140 1369 1192 flexio
1392 1143 1551 1190 etiam

488 1220 772 1273 discrimini
808 1221 1045 1286 genitivi,
1086 1221 1314 1282 Deorum,
1365 1219 1552 1269 melius

486 1300 795 1362 respondet,
816 1314 877 1348 ac
902 1313 966 1349 ne
983 1299 1321 1349 Ciceroniano
1341 1295 1550 1362 quidem

488 1390 604 1425 nvo
626 1376 947 1424 adversatur.
984 1374 1167 1424 Cicero
1188 1374 1326 1422 enim
1349 1373 1400 1420 in
1417 1371 1552 1422 Ora·

487 1456 625 1508 tore,
647 1466 762 1516 cap.
779 1455 863 1500 46.
897 1452 914 1478 ‘
930 1450 981 1501 A
1001 1448 1346 1516 quibusdam,’
1368 1449 1554 1511 inquit,

489 1535 636 1578 ‘aero
660 1528 772 1594 Jam
805 1527 1116 1577 emendatur
1135 1525 1442 1591 antiquitas,
1462 1523 1554 1589 qui

491 1605 609 1655 baec
656 1603 1077 1668 reprehendunt:
1111 1617 1231 1652 nam
1277 1616 1372 1665 pro
1396 1601 1557 1651 Deam

487 1689 631 1747 atque
670 1682 911 1731 nominans
936 1680 1109 1746 fidem,
1142 1682 1355 1730 Deorum
1395 1681 1557 1728 aiunt.

489 1759 741 1813 ...Quid
794 1773 970 1808 verum
1015 1761 1104 1815 sit.
1150 1757 1423 1820 intelligo;
1461 1757 1552 1806 sed

493 1838 619 1888 alias
662 1837 738 1886 ita
776 1834 978 1900 loquor,
1016 1844 1074 1885 ut
1112 1848 1409 1883 concessum
1455 1840 1556 1893 est,

487 1922 551 1982 nt
573 1917 690 1972 boc,
714 1917 794 1967 vel
819 1915 955 1966 Prole
979 1916 1139 1966 Detnn
1158 1914 1294 1975 dico,
1321 1912 1400 1961 vel
1424 1911 1560 1961 Proh

488 1994 744 2044 Deorum?
791 1994 1046 2044 Scliwarz.
1313 2029 1318 2036 .

553 2071 662 2121 Nec
675 2071 915 2133 dt'grnitute
928 2070 1205 2133 nuptiarum
1217 2064 1398 2131 magis]
1421 2068 1555 2118 Par-

487 2147 667 2200 ticuloe
709 2162 794 2197 nee
832 2146 989 2209 magis
1032 2154 1294 2211 ponuntur
1332 2159 1428 2210 pro
1460 2158 1557 2192 ιιοιι

488 2230 623 2283 taut3
667 2223 815 2289 quasi
855 2222 1052 2272 dixerit
1087 2222 1323 2272 Plinius:
1346 2224 1361 2250 ⁸
1384 2221 1557 2271 Video

490 2333 510 2350 .
535 2335 551 2353 .
572 2334 588 2352 .
610 2301 823 2350 maritos
860 2301 1113 2356 Deorum,
1135 2313 1198 2349 ac
1231 2300 1463 2349 Deorum
1499 2297 1560 2346 li-

488 2378 665 2440 beros,
705 2392 807 2429 non
864 2384 972 2428 tam
1027 2378 1288 2441 dignitate
1350 2377 1557 2438 nuptia·

486 2468 623 2511 rum,
656 2469 808 2521 quam
842 2454 921 2504 bis
955 2453 1175 2516 artibus,
1214 2450 1559 2503 inclaruisse!

486 2531 673 2595 Nepos
718 2532 771 2580 in
825 2531 1090 2588 Miltiade,
1124 2544 1243 2593 cap.
1287 2533 1339 2580 2.
1390 2528 1559 2578 ‘Erat

488 2607 630 2659 inter
652 2623 742 2659 eos
776 2608 1034 2672 dignitate
1069 2606 1211 2670 regia
1231 2621 1263 2677 ὅ
1287 2618 1457 2668 neque
1481 2604 1558 2663 id,

488 2686 658 2750 magia
703 2685 943 2749 imperio,
979 2698 1131 2749 quam
1167 2682 1398 2746 justitia,
1437 2693 1559 2731 con·

488 2758 740 2813 secutus!
826 2759 958 2823 Aut,
1002 2760 1045 2809 si
1086 2758 1269 2819 mavis,
1304 2758 1429 2807 illud
1474 2772 1561 2806 nec

491 2841 653 2891 etiam
697 2853 793 2903 per
845 2839 864 2867 ⁴
892 2852 960 2887 ne
1004 2838 1215 2903 quidem
1241 2835 1258 2860 ’
1302 2837 1562 2900 explicari

487 2922 703 2982 potest3
728 2915 804 2965 uti
837 2923 984 2976 patet
1009 2914 1093 2965 vel
1126 2927 1192 2963 ex
1227 2913 1563 2963 usitatissima

490 2993 584 3043 illa
628 2991 874 3057 loquendi
921 2991 1142 3050 ratione,
1195 2990 1212 3019 ‘
1238 3003 1338 3040 nec
1378 2990 1561 3054 opina-

490 3069 615 3127 tus,'
643 3071 659 3099 ⁴
680 3083 777 3119 uec
807 3069 1025 3131 opinato
1044 3067 1079 3130 ς’
1112 3067 1203 3116 ubi
1238 3065 1393 3117 ‘nec’
1426 3080 1561 3116 sem-

490 3159 589 3212 per
624 3161 721 3210 per
755 3147 772 3176 ‘
794 3160 860 3194 ue
900 3143 1141 3208 quidem’
1184 3149 1357 3207 potest
1394 3145 1562 3208 expli·

490 3224 619 3274 cari.
683 3223 802 3272 Val.
850 3223 992 3272 Flac.
1027 3234 1134 3269 vn.
1171 3224 1286 3270 180.
1316 3221 1561 3284 ‘Quique

489 3314 664 3350 meum
691 3300 890 3363 patrias
923 3296 1121 3347 referet
1144 3311 1243 3346 nec
1270 3309 1460 3346 nomen
1492 3297 1559 3346 ad

492 3375 687 3430 urbes!
717 3377 752 3428 J
760 3371 913 3426 ustin-
931 3387 1022 3423 ιιι.
1042 3377 1094 3422 4.
1120 3374 1135 3398 ‘
1156 3373 1340 3437 Itaque
1359 3387 1457 3424 nec
1480 3387 1562 3423 sa-

490 3453 676 3504 lutatis
692 3451 945 3502 matribus
959 3448 1392 3515 proficiscuntur-⁹
1428 3439 1561 3500 Sub-

492 3530 625 3582 oluit
659 3529 711 3578 in
746 3528 823 3578 bis
862 3527 1068 3592 quidam
1101 3524 1342 3576 defectus
1364 3527 1564 3591 Lipsio,

492 3607 746 3671 censenti,
770 3616 974 3671 partem
996 3604 1212 3654 membri
1235 3605 1453 3654 alteram
1470 3604 1560 3654 de·

492 3698 630 3749 esse,
652 3698 767 3749 quat
806 3683 1120 3746 respondeat
1143 3681 1306 3730 tiberis
1329 3683 1521 3730 deorum
1540 3698 1561 3740 ,-

491 3774 701 3824 nempe,
722 3765 771 3810 et
790 3760 1024 3809 nataliam
1036 3774 1058 3818 ,·
1092 3766 1202 3820 aut,
1224 3757 1359 3823 quod
1385 3759 1561 3822 conje-

491 3836 571 3888 cit
606 3837 846 3892 Bebrius‚
886 3849 980 3885 non
1015 3834 1274 3884 divinitate
1310 3835 1564 3897 natalium,

492 3928 580 3964 nee
618 3913 860 3976 dignitate
900 3911 1225 3975 nuptiarum3
1269 3919 1379 3973 aut,
1421 3909 1560 3975 quod

493 3990 676 4040 maluit
700 3990 986 4050 Gesnerus,
1006 4003 1089 4037 nec
1107 3990 1301 4051 generis
1325 3993 1562 4051 prestan-

492 4068 604 4127 tia‚·
648 4076 707 4117 ut
737 4069 814 4116 sic
847 4067 1046 4130 expleri
1081 4065 1322 4115 defectus
1361 4066 1562 4129 possita

505 4143 673 4208 Video,
695 4175 710 4191 .
728 4168 749 4192 ·.
772 4178 785 4193 .
805 4144 1005 4192 maritos
1027 4144 1261 4202 Deorum,
1279 4141 1564 4192 acDeoram

494 4222 686 4284 liberos,
729 4236 813 4271 nec
853 4221 1096 4283 dignitate
1128 4221 1424 4285 nuptiarum,
1462 4236 1563 4274 nec

496 4298 803 4365 praestantia
825 4297 1093 4356 natalium,
1125 4299 1298 4361 magis,
1318 4313 1460 4364 qaam
1488 4299 1566 4350 his

1181 384 1404 433 1407·AE
1451 383 1857 433 VARtoRtJM
1910 383 1995 433 IN

1624 525 1829 590 artibus,
1842 525 2141 576 melanius.
2163 525 2220 576 Si
2235 522 2548 589 reperissem
2563 524 2702 574 banc

1626 605 1938 667 scripturam
1964 605 2015 654 in
2034 604 2257 669 antiquis
2272 603 2701 664 codicibua,eam

1624 682 1736 730 sine
1755 682 2085 731 cunctatione
2102 680 2444 730 admisissem.
2475 678 2579 728 Sed
2594 677 2702 728 for·

1626 766 1763 807 tasse
1813 759 1954 808 nullo
2004 771 2133 821 opus
2175 764 2260 808 est
2304 756 2697 820 supplemento.

1626 835 1878 899 Loquitur
1900 835 2036 884 enim
2061 835 2267 886 Plinius
2289 835 2355 884 de
2374 835 2576 898 nuptiis
2593 848 2701 883 tua-

1626 911 1840 961 ritornm
1855 913 2167 977 mortalium,
2187 910 2494 976 quibuscum
2509 925 2565 959 ae
2579 924 2700 960 eou-

1617 988 1907 1052 junxerant
1953 990 2104 1039 Deae.
2171 989 2258 1039 Sic
2301 1003 2350 1037 e.
2382 1002 2438 1051 g.
2482 987 2701 1047 Peleus,

1627 1065 1754 1115 alias
1775 1066 1926 1114 bomo
1953 1064 2206 1123 mortalis,
2228 1065 2368 1130 quod
2393 1063 2701 1127 Apollodor.

1627 1155 1718 1192 ιιι.
1736 1146 1815 1192 12.
1832 1141 2012 1205 refert,
2029 1142 2128 1191 sibi
2143 1142 2537 1202 conciliaverat,
2541 1141 2566 1205 j
2574 1156 2701 1192 unx·

1627 1227 1861 1285 eratque,
1892 1222 2064 1270 Deam
2087 1220 2297 1282 Thetin,
2322 1221 2388 1269 de
2422 1219 2569 1282 cujus
2593 1234 2699 1269 ma-

1627 1298 1868 1347 trimonio
1913 1299 2028 1362 jam
2068 1298 2280 1361 Jupiter
2319 1304 2375 1347 et
2414 1298 2701 1361 Neptunus

1625 1373 2027 1424 contenderant.
2082 1374 2340 1438 Loquitur
2360 1373 2526 1423 etiam
2550 1370 2616 1421 de
2640 1371 2699 1420 B-

1627 1452 1752 1502 beris
1783 1453 2013 1508 Deorum,
2049 1466 2175 1516 quos
2212 1465 2400 1515 nempe
2424 1451 2511 1500 Dii
2538 1464 2605 1500 ex
2626 1448 2700 1498 fe-

1628 1529 1778 1579 minis
1793 1529 2100 1578 mortalibus
2118 1536 2501 1593 generaverant
2518 1543 2537 1590 ς
2551 1533 2704 1590 prout

1630 1605 1889 1656 Hercules
1912 1621 1977 1657 ex
2009 1606 2148 1658 Jove
2183 1609 2319 1670 Deo,
2345 1615 2401 1656 et
2425 1605 2704 1666 Alcmena,

1631 1701 1794 1736 uxore
1840 1686 2255 1753 Amphitruonis,
2302 1688 2443 1751 regis
2496 1686 2702 1737 Theba-

1630 1778 1762 1829 rum,
1801 1775 2106 1830 procreatus
2145 1774 2276 1816 erat.
2331 1767 2559 1831 Utrique
2596 1763 2705 1814 dici

1633 1851 1915 1906 potuerunt
1946 1845 2223 1895 inclaruisse
2247 1844 2487 1906 dignitate
2511 1842 2706 1907 nuptia-

1627 1933 1736 1969 rtnn
1774 1919 2088 1979 divinarum5
2131 1922 2240 1984 ille,
2296 1920 2515 1978 Peleus,
2562 1918 2703 1982 quod

1629 1998 1830 2059 nuptiis
1865 1998 2054 2048 divinia
2075 2000 2290 2062 junctus
2326 2005 2441 2045 erat
2476 1994 2711 2051 Thetidi,

1632 2075 1765 2125 Dea‘.
1788 2074 1804 2138 ξ
1825 2077 1927 2136 hic,
1955 2075 2238 2138 Hercules,
2262 2075 2397 2137 quod
2419 2089 2485 2122 ex
2503 2073 2710 2137 nuptiis

1632 2151 1839 2214 divinis,
1879 2151 2064 2218 (immo
2098 2150 2359 2216 innuptis)
2393 2151 2544 2203 Jovis
2583 2149 2709 2207 Dei,

1628 2233 1685 2278 et
1701 2227 1964 2279 Alcmenae
1978 2230 2193 2292 reginae,
2203 2229 2438 2293 adeoque
2452 2235 2571 2278 satu
2585 2228 2710 2285 Dei,

1629 2308 1773 2356 ortua
1791 2305 2194 2370 perhibebatur3
2213 2305 2547 2370 quantumvis
2561 2311 2709 2355 nter-

1631 2397 1732 2447 que
1753 2384 1921 2446 magis
1959 2382 2261 2433 inclaruerit
2290 2382 2517 2446 propriis
2543 2381 2707 2431 virtu·

1633 2458 1794 2521 tibus,
1815 2458 2073 2524 factisque
2094 2457 2336 2514 fortibus,
2358 2465 2414 2508 et
2437 2458 2704 2520 sigillatim

1633 2534 1826 2584 eximio
1870 2535 2090 2585 venandi
2131 2535 2326 2585 studio.
2389 2536 2532 2600 Ergo
2574 2549 2706 2598 opus

1633 2623 1735 2660 non
1757 2617 1860 2675 est,
1887 2619 1946 2662 ut
1982 2626 2170 2662 novum
2204 2611 2555 2677 procudamus
2584 2627 2703 2676 snp-

1635 2689 1974 2752 plementum.
2008 2679 2190 2738 Idem-⁶

1699 2765 1807 2814 Nee
1828 2765 2069 2828 dignitate
2086 2762 2382 2828 nuptiarum]
2416 2762 2527 2813 Ant
2551 2763 2706 2813 deest

1633 2841 1855 2891 alterum
1885 2842 2190 2904 membrum,
2224 2857 2310 2891 nee
2341 2841 2599 2899 nutatim,
2619 2855 2706 2890 nee

1633 2922 1768 2981 napt-
1802 2917 1983 2979 dignit.
2003 2918 2088 2967 vel
2120 2917 2294 2967 simile
2315 2916 2586 2980 quiddam,
2610 2924 2704 2966 aut

1631 3009 1726 3044 noa
1750 3008 1844 3058 pro
1865 3009 1967 3054 nec,
1985 2995 2225 3060 equidem
2250 3008 2514 3059 reponam.
2548 2994 2707 3058 Vide,

1635 3086 1753 3135 quae
1795 3085 1949 3135 supra
1993 3079 2234 3120 notamus
2271 3070 2339 3120 ad
2383 3085 2502 3135 cap.
2542 3084 2707 3122 xmn.

1634 3146 1824 3195 Paullo
1861 3154 1987 3196 ante
2021 3148 2037 3174 ‘
2061 3146 2238 3195 laetum
2280 3159 2442 3210 opere
2473 3159 2665 3209 corpus
2691 3144 2707 3168 ²

1632 3220 2002 3286 ποιητικώτερον
2023 3219 2180 3284 dixit,
2194 3230 2252 3271 ut
2272 3220 2546 3284 Horatius,
2565 3221 2581 3248 ⁴
2599 3221 2706 3270 Vos

1636 3300 1812 3349 ltetam
1835 3296 2024 3357 fluviis,
2040 3305 2094 3348 et
2110 3312 2376 3348 nemorum
2399 3296 2586 3361 coma,'
2601 3300 2704 3348 διο.

1639 3377 1802 3426 Licin.

1702 3449 2025 3517 Nuptiarum]
2044 3453 2177 3501 Pars
2200 3451 2417 3502 membri
2434 3451 2601 3501 altera
2616 3452 2708 3502 de-

1636 3535 1740 3591 est,
1775 3535 1824 3578 et
1856 3528 2093 3578 natalium
2112 3543 2130 3577 .·
2165 3542 2227 3578 ac
2253 3528 2486 3591 pluscula
2508 3528 2594 3578 liic
2614 3527 2705 3578 ob-

1637 3618 1788 3655 servo
1811 3604 2001 3664 hiulca,
2025 3601 2343 3653 autfoedata.
2376 3603 2512 3666 Lips.

1703 3680 1804 3729 His
1833 3679 2020 3729 artibus
2051 3679 2354 3744 inclaruisse]
2383 3681 2400 3709 ⁴
2421 3678 2526 3729 Ars
2549 3678 2564 3701 ’
2597 3679 2707 3744 qui·

1636 3757 1754 3808 dem
1815 3758 2107 3820 generatim
2160 3764 2304 3806 notat
2345 3770 2706 3821 quamcunque

1636 3835 1877 3900 peritiam
1904 3842 1960 3885 et
1979 3835 2301 3895 industriam,
2323 3833 2430 3882 sive
2453 3835 2505 3882 in
2532 3848 2590 3883 re
2615 3834 2708 3883 bo-

1634 3927 1720 3968 na,
1760 3913 1870 3963 sive
1911 3911 1962 3961 in
1996 3911 2169 3961 malae
2203 3908 2341 3960 unde
2370 3915 2386 3938 ⁸
2407 3909 2585 3968 iners‚’
2619 3908 2708 3974 qni

1636 4002 1736 4038 nec
1775 3988 1941 4045 novit,
1985 4000 2084 4036 nec
2125 3994 2379 4050 praeatare
2420 3986 2705 4051 quidquam

1636 4072 1830 4131 potest.
1887 4065 2106 4114 Terent.
2131 4062 2300 4113 Andr.
2324 4076 2364 4113 ι.
2388 4067 2434 4113 1.
2461 4067 2512 4112 3.
2546 4069 2563 4092 ‘
2592 4064 2711 4113 Sos-

1638 4141 1790 4195 Quod
1829 4140 1923 4192 tibi
1947 4155 2060 4190 mea
2083 4154 2168 4189 ars
2193 4137 2400 4189 efficere
2421 4140 2520 4189 hoc
2544 4140 2709 4203 possit

1637 4217 1897 4285 amplius?
1951 4218 2081 4268 Suu.
2117 4216 2262 4266 Nihil
2284 4216 2451 4266 isthac
2472 4231 2605 4281 opus
2628 4224 2708 4266 est

1637 4308 1754 4350 arte
1792 4296 1859 4348 ad
1891 4296 2027 4348 banc
2059 4308 2192 4360 rem,
2212 4307 2365 4361 quam
2401 4308 2570 4360 pat-03
2600 4293 2707 4347 Sed
