3017 4942
768 397 834 443 ο.
883 393 1126 444 eamn
1172 392 1512 446 aeonum
1563 393 1839 442 uuna.
1915 396 1965 443 1.
2008 378 2119 445 39.

332 538 695 589 oemmrrnieavit
748 538 913 590 fuerit
980 540 1398 605 interpretatus3

332 630 502 681 neque
536 616 589 664 id
616 618 774 679 male,
807 632 924 668 cum
956 619 1069 670 Cic.
1104 617 1271 669 Attio.
1299 630 1401 667 vn.

334 695 415 742 12.
470 693 631 741 etiam
675 694 779 743 ista
813 695 1170 759 conjunxeritt
1216 697 1233 725 4
1260 694 1398 745 Quid

331 770 422 820 ilie
455 770 579 820 mihi
615 785 720 821 non
757 773 1051 822 commisit?
1094 772 1259 824 'Quid
1297 786 1399 822 non

330 861 536 896 mecum
560 850 969 899 communicavit
983 847 1020 899 θ’
1087 849 1405 901 Arntzenins

331 922 549 973 verbum
588 925 825 973 commisit
877 926 1258 989 interpretatur
1309 940 1403 989 per

323 1000 636 1065 ‘conjunxit
651 999 684 1063 ;'
719 1015 940 1067 eumque
977 1004 1026 1052 in
1065 1002 1221 1053 finem
1258 1003 1405 1052 varia

330 1073 487 1125 affert
542 1078 786 1141 exempla
830 1092 897 1127 ex
949 1078 1141 1128 ovidio
1177 1078 1396 1130 Heroid.

328 1152 508 1215 Epist.
547 1166 631 1203 xr.
671 1158 755 1204 21.
809 1155 1032 1219 Virgilio
1069 1156 1273 1208 AEneid.
1310 1157 1398 1207 lib.

328 1240 425 1277 ιιι.
474 1241 551 1279 vs.
594 1233 711 1279 428.
812 1232 1015 1282 Seneca
1066 1233 1230 1284 Herc.
1285 1233 1398 1284 OEt.

327 1318 379 1352 c.
410 1307 493 1355 82.
537 1304 660 1356 Val.
695 1307 838 1357 Flac.
864 1320 943 1356 vr.
963 1313 1082 1358 491.
1110 1311 1212 1358 ὅτε.
1278 1310 1398 1360 Non

326 1391 490 1443 nego,
536 1382 803 1432 notionem
845 1384 999 1434 istam
1044 1386 1399 1450 conjungendi

325 1457 608 1522 aliquando
631 1459 751 1508 hnic
770 1459 928 1509 verbo
950 1460 1243 1524 subjectam
1263 1476 1401 1525 esse3

327 1534 468 1598 qnod
495 1535 668 1585 velex
703 1535 907 1587 nomine
941 1536 1181 1591 derivato
1222 1539 1239 1568 ‘
1261 1553 1400 1589 com·

327 1611 583 1660 missura’
626 1619 810 1676 patet3
857 1627 1055 1678 verum,
1091 1615 1230 1679 quod
1269 1629 1401 1680 pace

326 1687 425 1736 viri
463 1687 609 1737 docti
646 1688 887 1751 dixerim,
909 1703 1077 1755 neque
1108 1691 1210 1741 ista
1237 1691 1399 1755 notio,

326 1778 501 1828 neque
524 1766 785 1829 exempla,
809 1781 1088 1831 eorumque
1121 1773 1400 1828 structura,

325 1841 428 1891 huc
452 1842 582 1890 satis
604 1842 880 1905 quadrant.
945 1844 1160 1894 Rectius
1185 1846 1399 1896 verbum

326 1918 343 1945 4
378 1918 711 1968 committere
735 1917 752 1940 ⁹
812 1919 899 1968 hic
961 1922 1248 1984 generatim
1306 1935 1402 1986 per

326 1992 343 2021 ‘
362 1989 532 2056 dare,’
571 1995 588 2021 4
610 1993 860 2051 tradere‚'
895 1996 912 2024 4
937 1995 1270 2060 concedere,'
1308 2010 1400 2046 ex·

326 2069 575 2133 plicatur.
611 2070 867 2135 Equidem
893 2072 1103 2135 proprie
1129 2071 1283 2123 alieni
1306 2067 1400 2123 ali-

326 2146 450 2212 quid
474 2147 491 2175 4
504 2146 834 2196 committere
848 2146 863 2170 ⁹
879 2146 1116 2214 dicimur,
1131 2149 1278 2214 cnjus
1293 2145 1400 2200 fide

324 2225 561 2287 utimur-3
596 2224 736 2274 unde
758 2230 816 2274 et
835 2225 1189 2277 denominatio
1221 2234 1236 2256 4
1253 2226 1402 2277 fidei·

328 2302 594 2351 commissi
611 2300 626 2323 ’
647 2309 785 2351 orta.
832 2302 986 2353 Unde
1009 2305 1026 2332 ‘
1045 2305 1370 2356 committere
1385 2303 1402 2328 ’

327 2378 527 2445 aliquid
554 2377 776 2443 amplius
800 2388 970 2445 notat,
993 2395 1149 2446 quam
1182 2383 1199 2412 4
1219 2382 1403 2447 dare3’

327 2473 378 2510 v.
416 2474 469 2522 g.
509 2460 652 2525 apud
686 2460 799 2510 Cio.
832 2462 884 2510 in
909 2462 1059 2512 Verr.
1085 2475 1134 2513 v.
1164 2466 1245 2512 14.
1278 2466 1295 2493 4
1315 2464 1402 2515 Ita

327 2544 566 2600 quaestor
609 2550 724 2586 sum
765 2534 956 2594 factus,
993 2545 1053 2588 ut
1086 2538 1210 2588 mihi
1245 2541 1404 2591 hono·

329 2625 437 2662 nem
464 2612 610 2662 illum
633 2626 737 2661 non
768 2614 930 2662 solum
969 2613 1171 2677 datum,
1191 2615 1282 2666 sed
1308 2618 1404 2668 eti-

329 2705 412 2740 am
455 2690 718 2740 creditum
756 2706 820 2741 sc
864 2693 1209 2756 commissum,
1252 2703 1403 2759 puta·

329 2773 451 2816 rent
468 2765 501 2814 ε’
540 2766 638 2816 hoc
661 2774 837 2816 tamen
864 2781 965 2816 non
991 2767 1187 2831 obstat,
1204 2772 1326 2834 quin
1348 2778 1404 2823 et

328 2844 589 2910 generalis
626 2845 772 2895 notio
807 2846 981 2904 dandi,
1019 2847 1277 2905 tradendi,
1313 2854 1406 2898 aut

329 2922 658 2985 conferendi,
691 2923 743 2971 in
780 2922 876 2972 hoc
912 2923 1076 2973 verbo
1111 2924 1281 2973 locum
1312 2923 1405 2974 lia-

329 2998 471 3049 beat.
527 3000 623 3049 Sic
652 3000 667 3026 4
690 3006 846 3048 terrae
882 3000 1080 3050 semina
1114 2999 1407 3051 committi’

331 3076 602 3127 dicuntur.
638 3076 725 3126 Sic
742 3076 1016 3128 claudian.
1036 3077 1200 3129 Laud.
1219 3078 1406 3129 Seren.

333 3166 412 3201 vs.
448 3155 566 3202 194.
600 3152 752 3209 dixit,
785 3149 1226 3219 ‘commissosque
1256 3155 1407 3205 labor

335 3230 409 3279 sic
443 3230 611 3293 gessit
640 3229 900 3279 honores.'
966 3230 1154 3280 Cicero
1192 3230 1404 3297 quidem

335 3322 428 3371 pro
453 3309 608 3357 Font.
631 3321 748 3371 cap.
774 3312 856 3358 14.
887 3307 1009 3366 fidei
1045 3309 1309 3359 notionem
1334 3310 1406 3358 ita

333 3386 618 3435 adstrinxit
637 3385 799 3436 verbo
820 3393 838 3415 4
855 3385 1221 3444 committere,’
1243 3393 1300 3436 ut
1317 3401 1407 3437 no·

333 3465 530 3514 tionem
579 3465 858 3527 potestatis
900 3470 956 3513 et
991 3464 1194 3514 arbitrii
1235 3463 1301 3513 ab
1341 3479 1407 3515 eo

332 3542 655 3605 sejunxerit:
691 3550 707 3572 ‘
724 3541 880 3605 Frugi
903 3540 1203 3601 hominem,’
1224 3543 1408 3608 inquit,

334 3617 597 3682 ‘judices‚
639 3617 829 3667 videtis
872 3619 1098 3681 positum
1139 3620 1193 3669 in
1232 3628 1408 3669 vestra

330 3693 432 3743 fide
463 3710 528 3744 ac
565 3701 848 3759 potestate,
874 3702 1033 3758 atque
1068 3695 1142 3744 ita
1170 3700 1230 3744 ut
1270 3709 1407 3745 com·

332 3774 519 3822 missus
543 3771 614 3820 sit
635 3770 781 3831 fidei,
804 3772 1081 3835 permissus
1118 3769 1408 3835 potestati!

333 3847 682 3898 Nihilominus
716 3839 816 3897 ista
851 3846 975 3898 alibi
1013 3849 1315 3912 conjungit3
1353 3865 1406 3898 v.

334 3940 383 3989 g.
409 3941 506 3989 pro
534 3926 708 3974 Domo
732 3939 844 3988 sua,
867 3938 987 3987 cap.
1011 3928 1092 3976 13.
1127 3932 1142 3954 4
1161 3923 1407 3976 Omnium

334 4002 521 4052 civium
543 4002 683 4050 salus
707 4034 722 4050 .
741 4033 755 4049 .
771 4030 786 4048 .
811 4000 966 4057 bona,
983 3998 1228 4059 fortunae,
1246 4001 1410 4051 domi-

335 4080 469 4141 cilia,
484 4085 677 4128 vestrae
702 4076 995 4140 sapientiae,
1009 4076 1155 4136 fidei,
1180 4083 1411 4142 potesta·

337 4154 501 4218 tique,
538 4153 808 4203 commissa
845 4154 1151 4219 creditaque
1183 4168 1299 4204 esse
1331 4155 1408 4205 vi·

340 4230 567 4281 dentur.’
605 4228 923 4292 suspicabar
945 4230 1184 4293 primum,
1210 4245 1275 4279 an
1295 4244 1410 4280 ver·

340 4307 458 4358 bum
490 4305 731 4359 commisit
763 4303 903 4359 forte
937 4307 1189 4374 scriptum
1214 4307 1283 4361 slt
1313 4321 1408 4374 pro

2411 380 2547 449 66?

1473 537 1731 603 persuasu,-
1769 552 1887 588 cum
1925 546 1982 589 et
2013 538 2134 588 alibi
2170 538 2445 604 aliquando
2479 554 2546 592 ea

1478 615 1637 665 verba
1679 614 2083 665 confundantur.
2149 617 2236 666 Sic
2283 630 2406 665 vero
2443 616 2543 667 Te-

1480 699 1616 742 rent.
1639 692 1805 741 Andr.
1839 707 1877 743 r.
1900 698 1948 742 5.
1969 698 2053 742 61.
2084 694 2175 756 ait,
2207 697 2222 721 4
2242 693 2393 742 Bona
2428 708 2542 744 nos·

1478 776 1561 817 tra
1580 768 1693 818 hmo
1713 769 1808 819 tibi
1834 770 2100 833 permitto,
2119 768 2288 831 trado,
2308 769 2548 832 mand03’

1478 857 1656 892 verum
1703 858 1805 892 non
1850 857 2063 894 necesse
2113 852 2194 894 est
2239 852 2296 894 ut
2350 846 2543 910 aliquid

1477 929 1729 974 mutetur.
1786 921 1924 975 Quid
1951 923 2118 972 enim?
2152 923 2195 971 si
2221 923 2304 972 vel
2324 924 2545 973 maxime

1477 999 1642 1063 dieas,
1663 1000 1738 1049 sie
1758 998 2060 1064 significari,
2084 1000 2242 1048 etiam
2260 1000 2384 1064 Traj
2394 1013 2544 1049 anum

1476 1069 1600 1125 'fidei
1623 1089 1869 1128 novorum
1905 1076 2093 1126 civium
2121 1076 2245 1140 jura
2282 1077 2545 1140 cognatio-

1477 1168 1599 1203 num
1640 1154 1717 1205 ita
1760 1153 2094 1209 commisisse,
2142 1159 2199 1202 ut
2242 1152 2306 1202 iis
2350 1167 2450 1201 non
2491 1152 2547 1203 in

1477 1230 1742 1292 damnum,
1780 1230 1873 1282 sed
1917 1229 2259 1292 commodum,
2299 1229 2548 1291 reipubli-

1478 1323 1576 1369 coe,
1601 1317 1894 1360 uterentur.
1958 1309 2229 1369 Ceterum,
2251 1308 2301 1355 in
2336 1308 2413 1355 his
2437 1307 2547 1356 Pli-

1476 1387 1553 1435 nii
1589 1385 1782 1456 verbis,
1816 1385 1982 1436 codex
2006 1385 2294 1435 Vaticanus
2317 1388 2465 1434 ⁵461.
2490 1390 2547 1434 et

1476 1462 1910 1526 Salisburgensis,
1953 1476 2049 1525 pro
2098 1462 2256 1517 siinul.
2298 1460 2548 1511 exhibent

1476 1541 1622 1589 semel
1632 1555 1653 1599 ,-
1681 1554 1742 1589 ac
1769 1540 1819 1588 in
1843 1554 1961 1588 meo
1982 1538 2162 1590 codiee
2183 1536 2547 1587 desiderantur

1477 1616 1679 1665 voculae
1698 1621 1746 1665 et
1766 1617 1969 1680 pariter.
2023 1615 2189 1664 Idem.

1544 1693 1744 1743 Priores
1781 1690 2045 1760 principes]
2087 1691 2302 1740 Sueten.
2339 1690 2390 1738 in
2426 1689 2547 1739 Tito

1477 1781 1526 1817 o.
1547 1771 1597 1817 8.
1629 1769 1645 1797 4
1667 1769 1795 1819 Cum
1834 1783 1899 1817 ex
1937 1769 2178 1817 instituto
2200 1766 2417 1831 Tiberii,
2438 1779 2547 1815 om-

1477 1859 1572 1895 nes
1598 1846 1784 1896 dehinc
1806 1846 2068 1911 principes
2107 1843 2362 1895 beneficia
2398 1860 2429 1894 a
2461 1859 2550 1893 su·

1478 1912 1768 1985 'perioribus
1793 1937 2042 1974 concessa
2077 1923 2423 1987 principibus,
2443 1933 2547 1972 non

1478 1999 1636 2050 aliter
1659 2008 1769 2050 rata
1792 2000 2068 2056 haberent,
2093 2013 2245 2063 quam
2278 1999 2321 2047 si
2361 1997 2547 2050 eadem

1478 2076 1659 2127 lisdem
1678 2086 1733 2128 et
1755 2079 1854 2141 ipsi
1879 2077 2176 2136 dedissent;
2202 2076 2393 2139 primus
2419 2087 2551 2139 prn-

1478 2155 1640 2205 terita
1663 2156 1834 2205 omnia
1869 2169 1972 2204 uno
2004 2153 2328 2204 confirmavit
2350 2153 2548 2215 edicto,

1476 2245 1577 2282 nec
1601 2246 1633 2281 a
1656 2247 1712 2283 se
1736 2232 1847 2297 peti
1873 2246 2056 2295 passus
2079 2230 2197 2281 est.'
2241 2231 2376 2294 Lips.

1547 2310 1732 2366 Quanti
1753 2309 1976 2374 spiritus]
2013 2308 2238 2358 Nomine
2273 2305 2475 2371 spirim
2501 2306 2549 2356 si

1478 2389 1729 2437 translate
1754 2394 1974 2438 utuntur
1996 2394 2233 2436 auctores
2253 2400 2420 2435 anreae
2446 2385 2547 2433 La-

1478 2464 1721 2525 tinitatis,
1744 2462 1795 2512 id
1817 2462 1931 2512 fere
1954 2463 2007 2511 in
2035 2462 2161 2512 vitio
2200 2469 2419 2524 ponunt,
2451 2471 2547 2522 pro

1479 2540 1777 2603 arrogantia
1800 2546 1856 2589 et
1885 2538 2040 2588 animi
2077 2539 2321 2587 elatione.
2381 2536 2547 2600 Cujus

1475 2618 1706 2667 notionis
1730 2616 1971 2680 exempla
1993 2612 2184 2665 afferre
2215 2614 2550 2677 supersedeo.

1480 2693 1565 2745 Ab
1589 2694 1702 2744 aliis
1725 2707 1871 2755 vero,
1892 2691 1969 2741 uti
1995 2696 2049 2740 et
2079 2705 2109 2738 a
2132 2689 2305 2739 Plinio
2341 2688 2441 2760 linc
2474 2689 2551 2737 lo-

1479 2786 1565 2836 co,
1605 2772 1760 2820 etiam
1799 2769 1849 2818 in
1891 2768 2155 2834 meliorem
2197 2771 2399 2831 partem
2439 2766 2549 2814 lau'-

1479 2846 1706 2911 demque
1750 2844 2025 2908 accipitur,
2071 2857 2168 2907 pro
2211 2841 2550 2904 magnanimi·

1479 2931 1591 2976 tate
1615 2931 1669 2974 et
1691 2922 1914 2989 quadam
1940 2920 2098 2970 animi
2134 2918 2394 2969 celsitate.
2462 2917 2550 2968 Sic

1479 3002 1616 3051 Veli.
1653 3015 1695 3052 1.
1731 3004 1778 3049 3.
1810 2997 2008 3048 ‘divini
2048 2996 2260 3060 spiritus
2303 2992 2434 3044 viri’
2472 2993 2550 3044 di-

1480 3086 1675 3128 cuntur
1710 3076 2001 3140 AEsobylus,
2043 3073 2351 3137 Sophocles,
2394 3072 2550 3121 Euri·

1480 3156 1647 3220 pides.
1680 3154 1799 3203 Val.
1820 3155 1965 3203 Max.
1990 3165 2077 3201 nr.
2098 3156 2148 3202 7.
2174 3159 2312 3200 extr.
2332 3154 2383 3200 7.
2415 3149 2431 3177 4
2449 3147 2551 3199 Ca·

1481 3233 1622 3298 pax,’
1653 3232 1841 3297 inquit,
1872 3237 1888 3261 4
1907 3229 2146 3295 generosi
2183 3228 2397 3292 spiritus
2420 3225 2550 3276 illud

1483 3322 1687 3374 quoque
1712 3308 1907 3359 dictum
1933 3307 2069 3371 regis
2091 3303 2296 3370 Cotys.’
2364 3305 2435 3354 Et
2464 3316 2551 3353 lx.

1483 3392 1531 3437 1.
1566 3393 1675 3437 ext.
1710 3391 1759 3436 6.
1792 3386 1808 3414 ‘
1831 3386 2172 3450 Quapropter
2204 3380 2408 3431 deliciis
2444 3386 2551 3449 tam

1482 3478 1701 3514 enerves
1719 3463 1872 3512 animi
1893 3460 2136 3524 spiritum
2156 3457 2418 3507 exercitus
2434 3457 2552 3504 nos&

1484 3541 1555 3591 tri
1579 3540 1830 3590 sustinere
1853 3553 1955 3588 non
1983 3531 2300 3600 potuerunt-³
2333 3533 2553 3582 Petron.

1481 3630 1600 3681 cap.
1620 3620 1731 3666 118.
1763 3616 1780 3644 ‘
1803 3616 1992 3678 Neque
2016 3609 2313 3675 generosior
2333 3606 2551 3680 spiritus

1481 3696 1770 3744 vanitatem
1796 3689 1969 3741 amat.'
2038 3687 2247 3737 Curtius
2270 3699 2320 3734 v.
2343 3689 2393 3733 8.
2413 3684 2429 3712 4
2443 3683 2550 3732 Vos

1481 3770 1736 3824 obtestor,
1763 3775 1821 3816 ut
1852 3764 2128 3815 nobilitate
2154 3769 2331 3812 vestra
2357 3760 2552 3825 gentis·

1483 3862 1586 3912 que
1608 3847 1792 3909 dignos
1816 3844 2032 3908 spiritus
2054 3837 2308 3905 capiatis-⁹
2363 3839 2549 3888 Florus

1483 3935 1538 3972 ν.
1564 3928 1615 3972 6.
1646 3927 1661 3949 4
1680 3921 1729 3971 Ο
1764 3919 2077 3982 singularem
2114 3916 2337 3965 animum
2361 3929 2423 3964 ac
2447 3914 2554 3979 spi.

1482 4000 1642 4050 ritum
1666 3996 1848 4062 populi
1867 3993 2087 4044 Romani
2104 3991 2137 4042 ξ’
2174 3993 2421 4043 Schwarz.

1550 4078 1754 4141 Sparsas
1799 4079 1940 4138 atque
1992 4072 2176 4122 laceras
2227 4066 2554 4133 gentilitates]

1484 4152 1572 4202 De
1589 4161 1604 4184 ‘
1615 4152 1912 4217 gentilitate
1924 4148 1939 4171 ’
1946 4148 2056 4212 jam
2072 4162 2230 4212 supra
2245 4145 2308 4195 ad
2322 4157 2554 4208 xxxvnj

1482 4233 1535 4281 2.
1557 4229 1683 4280 dixi.
1752 4225 2091 4277 Gentilitates
2114 4225 2273 4288 igitur
2308 4236 2371 4273 ac
2403 4220 2552 4271 fami·

1483 4307 1570 4359 liae
1605 4308 1622 4337 4
1643 4319 1839 4373 sparsae
1859 4302 1874 4326 '
1902 4311 1961 4357 et
1992 4305 2009 4334 4
2028 4300 2249 4354 lacerae’
2278 4304 2399 4352 sunt
2421 4296 2554 4348 divi-
