3017 4942
690 421 753 470 c.
800 419 1044 470 Ριιιιιι
1091 418 1428 470 saeuum
1477 417 1753 469 Panno.
1827 417 1881 469 1.
1923 397 2033 468 63.

250 579 454 628 omnes,
486 563 610 615 item
635 568 706 614 ·et
738 562 998 614 editiones
1022 562 1326 628 Puteolani,

248 641 563 703 Philomusi,
620 639 877 704 Rhenani,
931 641 998 690 R.
1050 641 1322 705 Stephani,

252 719 431 781 Navii‚
462 718 704 779 Livineii‚
740 718 919 781 Lipsii,
956 718 1195 778 Gruteri,
1231 719 1317 768 ba·

247 795 373 844 beot
398 806 632 845 nostram
654 795 964 855 lectionem3
998 795 1158 844 etiam
1182 794 1317 858 Gry·

246 871 401 936 phins
430 886 533 923 ,an-
577 874 720 920 1531.
760 869 1068 933 prodiderat
1101 870 1319 934 concupi·

246 947 344 996 eris
355 962 377 1005 ,-
401 954 461 996 at
485 960 569 997 an.
590 950 736 997 1542.
752 946 983 1011 prodidit
1003 946 1321 1011 concupiscas.

245 1021 420 1073 Idem.

312 1096 476 1156 Quem
495 1096 809 1163 concupieris]
848 1098 1002 1155 Quem
1022 1096 1319 1162 concupiscas

247 1176 308 1228 C.
337 1177 511 1227 Liuin-

306 1252 520 1317 Hortis]
539 1252 777 1305 Quibus?
811 1251 968 1302 Horti
990 1251 1319 1316 Agrippinae,

247 1343 376 1392 qnos
401 1329 566 1379 Caius
587 1330 713 1378 item
735 1327 915 1383 coluit,
952 1328 1107 1377 vicini
1131 1342 1318 1392 campo

243 1405 472 1466 Martio,
496 1411 552 1455 et
586 1405 793 1455 credam
832 1404 923 1453 bos
954 1403 1193 1468 intelligi,
1215 1404 1318 1454 etsi

244 1483 329 1532 alii
372 1483 541 1532 etiam
576 1482 836 1532 Caesarnm
869 1481 1011 1531 horti
1043 1481 1319 1547 propinqui

243 1572 358 1615 esse
383 1566 697 1624 potnerunt.
729 1559 865 1621 Lips.

307 1637 529 1690 Comitio
553 1635 842 1699 prospectes]
874 1632 1054 1685 Codex
1078 1606 1318 1684 venetus

241 1717 289 1765 2.
333 1721 391 1763 et
446 1727 593 1762 mens
629 1712 822 1761 habent
856 1715 1163 1775 pen-spectes,-
1169 1725 1317 1776 qnae

239 1790 475 1842 varietas
498 1795 623 1839 nata
643 1796 723 1850 est
744 1803 807 1839 ex
826 1787 1138 1852 compendio
1152 1788 1318 1850 scrip-

243 1870 377 1916 tnrae
423 1865 811 1930 praepositionis
849 1880 957 1929 pro.
1026 1865 1115 1915 Sic
1161 1866 1318 1914 etiam

240 1942 352 2005 baec
379 1943 544 1993 verba
568 1940 782 1993 confusa
798 1949 922 1992 sunt
943 1941 1084 2006 apud
1100 1930 1318 1992 Sueton.

241 2017 445 2070 Domit.
467 2034 582 2083 cap.
599 2023 651 2070 4.
673 2019 689 2047 ‘
705 2019 842 2067 inter
865 2012 1111 2068 maximos
1127 2017 1317 2069 imbres

243 2095 662 2161 perspectavit3’
701 2095 790 2145 ubi
840 2095 930 2144 alii
975 2095 1174 2144 habent
1202 2111 1316 2159 pro-

244 2176 502 2238 spectavit.
560 2173 751 2223 Posset
773 2171 980 2236 quidem
1004 2172 1163 2222 etiam
1200 2186 1316 2222 ver-

240 2249 361 2299 bnm
381 2253 398 2280 ‘
420 2247 788 2314 perspectare'
810 2248 893 2298 hic
916 2249 1082 2298 locum
1099 2247 1316 2313 habere,

241 2328 280 2378 i.
299 2343 348 2379 e.
372 2327 629 2379 continue
651 2337 706 2377 et
742 2343 773 2377 a
794 2327 1047 2391 principio
1071 2329 1136 2377 ad
1160 2328 1315 2379 finem

239 2414 498 2471 spectare.
565 2406 654 2455 Sic
687 2405 905 2455 Sueton.
931 2403 1069 2469 Aug.
1092 2420 1208 2469 cap.
1232 2409 1316 2455 98.

240 2490 255 2513 ·
278 2483 681 2549 Quinquennale
704 2489 972 2533 certamen
1001 2484 1316 2546 gymnicum,

238 2561 425 2611 honori
462 2574 555 2610 sno
576 2559 897 2621 institutum,
922 2557 1318 2624 perspectauit?-

243 2639 391 2689 Nihil
417 2645 594 2688 tamen
618 2642 719 2699 est,
754 2637 890 2701 qnod
916 2636 1193 2687 lectionem
1218 2637 1313 2687 dn-

241 2713 363 2764 dnm
424 2719 691 2776 receptam
747 2711 1065 2776 abjiciamus.
1132 2711 1315 2762 Verba

241 2792 381 2841 enim
421 2791 438 2817 ‘
455 2791 757 2855 prospicere
774 2787 789 2812 ’
826 2796 880 2838 et
906 2789 920 2816 ‘
938 2788 1313 2853 prospectare’

240 2867 457 2933 proprie
483 2865 777 2930 significant
800 2865 997 2928 procul,
1034 2866 1115 2914 vel
1148 2879 1178 2914 e
1199 2867 1312 2915 lon

240 2944 437 3012 giuquo
450 2951 708 3008 spectare.
772 2943 861 2992 Sic
886 2943 1000 2992 Cic.
1023 2941 1207 2992 Famil.
1231 2956 1314 2991 ιν.

241 3024 291 3070 3.
321 3020 543 3071 ‘Multo
585 3025 727 3083 ante,
763 3024 1009 3083 tanquam
1042 3032 1108 3066 ex
1140 3017 1313 3083 aliqua

239 3090 476 3161 specula,
497 3096 768 3160 prospexit
788 3101 1154 3159 tempestatem
1171 3094 1314 3146 futu·

242 3171 395 3223 ram.’
460 3173 533 3222 Et
558 3173 707 3222 Verr.
731 3184 789 3221 x·
809 3175 892 3221 17.
916 3171 1078 3223 ‘Quae
1101 3171 1312 3235 quidem

240 3250 389 3299 navis
413 3248 671 3308 omnibus,
692 3247 779 3312 qui
804 3261 918 3297 eam
942 3246 1313 3311 adspexerant,

242 3332 590 3390 prospectare
613 3323 723 3387 jam
754 3323 995 3373 exsilium
1020 3323 1213 3374 domini
1236 3323 1312 3373 vi-

242 3399 501 3453 debatur.’
534 3402 750 3451 Sueton.
772 3401 905 3450 Ner.
920 3413 1038 3462 cap.
1056 3403 1138 3449 38.
1154 3401 1169 3429 ⁴
1192 3400 1312 3450 Hoc

242 3477 541 3531 incendium
567 3493 597 3527 e
630 3477 759 3527 turri
782 3476 1169 3526 Maecenatiana
1192 3492 1312 3540 pro·

241 3552 524 3618 spectans?
558 3551 683 3617 Ipse
708 3552 911 3602 Plinius
932 3566 1110 3616 snpra,
1131 3565 1312 3604 xxxv.

243 3635 291 3680 1.
310 3638 328 3662 θ’
341 3630 377 3682 J
385 3626 577 3680 uv'abat
598 3636 935 3693 prospectare
954 3629 1130 3678 statim
1145 3643 1177 3678 a
1193 3644 1310 3693 por·

243 3714 299 3758 ιιι
344 3723 528 3773 sparsa
571 3705 815 3771 navigia!
873 3705 958 3757 Cf.
992 3720 1223 3758 Lxxxu.
1258 3710 1311 3758 4.

244 3783 491 3836 Schwart-

304 3862 563 3925 Rhenoque
602 3859 855 3924 dirimere]
889 3861 936 3911 1.
979 3876 1027 3912 e.
1066 3868 1311 3928 tanquam

243 3940 423 4000 procul
454 3939 611 4000 absis,
642 3945 693 3988 et
730 3939 1046 4003 disjungaris
1071 3954 1101 3988 a
1124 3952 1311 4003 campo

243 4013 458 4072 Martio,
483 4016 627 4081 qnasi
650 4029 768 4065 cum
785 4014 1026 4065 exercitu
1045 4014 1110 4064 ad
1133 4015 1312 4064 Danu·

243 4088 379 4140 bium
423 4090 729 4143 Rhenumve
768 4090 1008 4140 tendens.
1077 4090 1167 4140 Sic
1196 4105 1311 4139 ver·

243 4165 361 4216 bum
396 4165 629 4217 ‘dirimi’
664 4165 824 4215 etiam
860 4164 983 4215 alibi
1017 4165 1084 4214 de
1120 4166 1249 4216 locis
1280 4180 1311 4215 a

245 4257 299 4294 se
334 4244 559 4294 invicem
603 4243 856 4308 sejunctis
901 4242 1115 4307 dicitnr.
1166 4243 1310 4294 Plin-

246 4322 417 4389 Epist.
457 4337 534 4376 vr.
570 4326 619 4377 8.
659 4322 904 4389 ‘Oppida
943 4330 1123 4376 nostra
1158 4323 1310 4391 unius

1394 561 1498 613 diei
1522 561 1711 613 itinere
1735 556 2085 613 dirimuntur?
2119 555 2271 609 Idem
2292 556 2461 622 Epist-

1396 653 1477 690 vr.
1517 644 1598 689 16.
1638 639 1860 690 ‘Stabiis
1891 643 2025 698 erat,
2049 636 2303 687 dit-emtus
2341 636 2460 684 siun

1393 713 1606 766 medio.’
1661 716 1856 765 Lucan.
1895 727 1952 764 x.
1991 717 2109 764 ³12.
2142 712 2299 763 ‘Qua
2335 711 2463 762 diri·

1392 797 1544 843 munt
1564 798 1797 842 nostrum
1821 789 1978 840 rubro
2002 789 2315 841 commercia
2335 801 2461 853 pon·

1392 868 1490 919 to.’
1538 870 1737 919 Navius
1782 877 1838 917 et
1883 866 2167 929 Livineius,
2203 879 2300 928 pro
2335 865 2463 914 diri·

1391 961 1543 1008 mare,
1564 944 1842 995 ediderunt
1860 942 2101 993 dirimere.
2169 941 2311 991 Hinc
2336 955 2465 992 con·

1379 1023 1516 1087 jecit
1547 1021 1834 1078 Livineius,
1862 1019 2001 1071 forte
2033 1018 2309 1083 legendum
2337 1018 2462 1069 dui·

1392 1115 1587 1151 uterere.
1659 1100 1937 1164 Aliquanto
1960 1097 2165 1168 acutius
2190 1095 2463 1160 Cuspiniaq

1391 1191 1488 1228 nns
1511 1175 1733 1237 effinxit,
1768 1182 1859 1224 aut
1885 1181 2032 1224 certe
2054 1173 2318 1235 evulgavit
2337 1171 2463 1222 diri·

1391 1260 1566 1304 mente.
1631 1254 1736 1303 Sed
1766 1251 1981 1301 lectioni
2004 1248 2200 1299 dudum
2225 1254 2456 1312 recepta

1392 1345 1570 1380 omnes
1607 1327 1959 1393 suffragantur
1994 1325 2203 1375 codices
2243 1326 2374 1375 Mss-
2405 1323 2459 1373 Ι·

1390 1409 1734 1547 ιιωῖἰιιιίηιιιτ]
1765 1481 2003 1532 Dirimere
2018 1479 2188 1530 Livin.
2205 1477 2261 1528 in
2277 1484 2462 1528 textu·
2446 1515 2465 1540 ,

1357 1550 1484 1613 'sed
1533 1562 1583 1611 in
1628 1561 1880 1623 margine,
1910 1558 2139 1607 dirimere
2172 1555 2241 1605 V.
2282 1554 2349 1605 R.
2385 1555 2456 1606 G.

1391 1639 1647 1691 dirimente
1670 1637 1731 1686 C.
1753 1635 1888 1685 forte
1911 1634 2202 1684 dirimerere.

1419 1713 1846 1776 Renuntinrique
1887 1716 1936 1760 te
1976 1709 2210 1759 considens
2249 1705 2458 1766 jussisse

1390 1797 1656 1847 contentus,
1691 1789 1852 1839 libera·
1877 1786 2101 1838 ciuitatis
2112 1799 2173 1834 ne
2192 1782 2459 1833 simulatio*

1390 1884 1499 1919 nem
1521 1870 1708 1932 quidem
1727 1863 1907 1926 serves]
1945 1863 2114 1912 Livin.
2130 1860 2316 1911 inserit
2336 1858 2459 1909 diri·

1392 1962 1573 1998 merere
1596 1944 1775 2010 probe.
1810 1940 2047 1991 Rittersh.

1399 2062 1408 2070 .
1456 2023 1648 2075 Liber-ce
1680 2018 1918 2082 ciuitatis]
1954 2013 2303 2080 cuspinianus
2347 2010 2460 2063 edi*

1391 2102 1490 2166 dit,
1527 2102 1690 2152 liberoe
1722 2099 1916 2150 civitati
1947 2111 2006 2146 ne
2031 2093 2332 2144 simulatione
2351 2091 2459 2155 qui·

1389 2182 1497 2231 dem
1547 2179 1746 2228 servias.
1815 2177 1948 2228 Quae
1990 2173 2149 2223 lectio
2180 2170 2457 2219 ›calculum

1390 2255 1722 2308 Rittersbusii
1743 2252 1905 2304 nostri
1921 2250 2126 2306 meruit,
2145 2253 2198 2297 et
2207 2260 2329 2312 Jure
2353 2259 2457 2294 me·

1388 2335 1518 2399 ruit,
1557 2334 1601 2385 si
1637 2347 1705 2381 ex
1744 2334 1953 2381 vetusto
1993 2324 2176 2376 codice
2212 2319 2459 2385 profecta

1387 2420 1489 2464 est.
1558 2412 1732 2474 Vulgo
1773 2408 1973 2457 editum
2015 2403 2226 2464 legitur,
2263 2398 2459 2448 Libera

1387 2488 1580 2539 civitati
1613 2501 1673 2536 ne
1704 2483 2052 2535 simulationem
2079 2479 2268 2542 quidem
2285 2489 2460 2525 ames.

1390 2565 1455 2616 Ῑιι
1479 2563 1706 2614 Puteani
1729 2559 1959 2610 editione
1983 2553 2284 2614 Parmensi,
2300 2563 2456 2603 voces

1386 2642 1552 2692 libere
1588 2637 1796 2692 civitati,
1841 2647 1937 2698 per
1979 2627 2454 2692 interpunctionem

1383 2717 1660 2770 commatis
1684 2730 1715 2764 a
1746 2704 2091 2778 sequentibus
2124 2711 2454 2769 separantur,

1385 2795 1530 2863 quasi
1568 2791 1901 2858 dependeant
1923 2801 1955 2837 a
1978 2784 2136 2836 verbo
2158 2780 2454 2832 renuntiari·

1383 2888 1488 2937 qne.
1526 2873 1641 2937 Ego
1664 2882 1855 2933 sequor
1876 2879 1990 2916 eam
2012 2862 2311 2914 lectionem,
2334 2873 2452 2923 qum

1385 2949 1438 2999 in
1473 2947 1743 2999 codicibus
1765 2939 2036 2993 Vaticanis
2069 2946 2125 2987 et
2159 2934 2455 2999 Guelpher-

1384 3025 1581 3091 bytano
1604 3019 2053 3078 animadvertitur,
2066 3029 2127 3065 ac
2141 3027 2278 3063 nunc
2294 3012 2456 3062 etiam

1385 3118 1444 3153 se
1468 3100 1714 3167 probavit
1738 3091 1859 3148 viris
1895 3090 2230 3154 doctissimis,
2253 3090 2454 3138 Gesne-

1385 3195 1445 3230 ro
1468 3186 1524 3230 et
1549 3175 1850 3236 Arntzenio,
1878 3174 2041 3223 libera
2074 3169 2290 3219 civitatis
2309 3181 2370 3216 ne
2390 3168 2457 3215 sin

1384 3256 1690 3305 mutationem
1709 3253 1896 3316 quidem
1914 3263 2090 3310 serves,
2111 3247 2146 3295 i.
2164 3261 2211 3296 e.
2228 3259 2326 3295 nec
2341 3257 2452 3293 ser·

1384 3346 1495 3395 ves,
1518 3332 1698 3382 saltem
1720 3328 1848 3379 dicis
1870 3340 2076 3381 caussa,
2104 3324 2336 3387 speciem
2359 3335 2457 3370 au-

1382 3409 1545 3475 tiquae
1572 3406 1832 3457 etliberae
1856 3400 2184 3467 reipublicae,
2206 3413 2270 3447 ac
2292 3395 2453 3447 comi·

1385 3487 1594 3536 tiorum.
1657 3483 1762 3533 Ubi
1785 3483 1800 3511 ‘
1821 3476 2110 3530 simulatio’
2133 3476 2340 3525 videtur
2364 3485 2453 3521 no·

1386 3568 1503 3611 tare
1527 3560 1878 3618 simulacrum,
1913 3569 2004 3605 seu
2032 3549 2454 3602 similitudinem
2436 3581 2454 3610 ,

1384 3643 1545 3701 prout
1574 3636 1673 3685 hac
1707 3646 1835 3683 voce
1861 3644 1985 3680 usus
2009 3634 2091 3678 est
2111 3627 2225 3677 Cic.
2245 3625 2310 3674 de
2334 3623 2450 3673 Fin.

1382 3727 1451 3763 ιι.
1472 3717 1556 3763 22.
1575 3712 1590 3739 ‘
1611 3710 1698 3761 Ita
1721 3723 1818 3772 pro
1840 3710 2226 3766 veraces-taque
2239 3699 2454 3764 justitia

1383 3787 1764 3839 simulationem
1796 3783 1943 3832 nobis
1964 3780 2184 3844 justitiae
2210 3773 2452 3827 traditis.’

1382 3863 1523 3915 Item
1547 3869 1602 3913 et
1625 3861 1825 3911 Plinius
1848 3858 2044 3921 Major,
2063 3868 2142 3905 xl.
2161 3850 2284 3904 44⁸
2300 3853 2452 3902 simi

1382 3932 1529 3990 arum
1567 3948 1763 4002 genera
1802 3932 2090 3999 perfectam
2129 3927 2348 3979 bominis
2382 3929 2456 3978 si-

1381 4015 1716 4065 mulationem
1736 4012 2024 4064 continent,
2041 4005 2200 4069 facie,
2220 4003 2451 4069 naribus,

1384 4091 1611 4150 auribus,
1650 4083 1951 4152 palpebris.’
2016 4083 2324 4145 Quanquam
2364 4080 2454 4131 bie

1382 4183 1485 4219 non
1511 4166 1640 4217 nulli
1664 4164 2007 4237 recentiores,
2022 4161 2220 4221 nescio,
2235 4171 2301 4208 an
2322 4157 2453 4206 satis

1336 4233 1351 4245 ⁶
1383 4246 1574 4296 idoneo
1622 4243 1917 4295 testimonio
1951 4237 2298 4304 antiquitatis,
2328 4250 2450 4301 pro·

1383 4322 1613 4376 diderint
1648 4321 1980 4375 imitationem.
2064 4315 2153 4368 Sic
2184 4326 2308 4367 vero
2343 4324 2475 4389 non,
