3017 4942
779 380 844 429 c.
892 378 1133 430 smmi
1183 377 1517 429 succum
1568 374 1843 428 muno.
1916 378 1964 427 ι.
1996 362 2105 430 83.

343 521 555 575 cessus'
599 523 886 588 generatim
926 524 1094 574 locum
1136 529 1286 574 notat
1329 538 1409 574 se·

342 605 547 649 cretum
600 606 656 649 et
708 599 1060 663 tranquillum.
1127 599 1296 649 Tacit.
1340 598 1408 648 de

343 673 558 725 Orator.
594 690 711 739 cap.
747 679 827 725 13.
864 675 931 725 de
971 675 1179 738 privata
1199 674 1410 738 Virgilii

341 750 499 802 Vita:
543 752 725 802 ‘Malo
769 765 1005 801 securum
1050 759 1107 801 et
1150 757 1409 802 secretum

338 827 545 894 Virgilii
567 828 860 879 secessum!
927 828 1105 881 Quid?
1140 829 1275 894 qnod
1310 828 1408 879 hoc

337 905 460 956 loco
504 907 777 956 ‘secessus
815 905 1017 956 intimi'
1065 913 1250 956 notant
1287 905 1407 956 inti-

339 996 453 1031 mas
501 988 696 1046 partes,
736 981 846 1032 sive
888 984 1068 1032 intima
1118 983 1406 1041 conclavia,

340 1057 522 1121 palatii
548 1059 857 1123 principum.
889 1059 1095 1110 Etenim
1120 1061 1269 1125 quasi
1291 1075 1407 1124 gra·

338 1133 502 1185 datim
531 1136 768 1199 procedit
793 1136 1030 1199 Plinius;
1065 1137 1284 1201 primum
1309 1138 1404 1201 ait,

331 1225 576 1276 magnam
621 1212 882 1263 fortunam
926 1215 1199 1264 recludere
1242 1217 1406 1264 domos

339 1289 663 1353 principum;
698 1290 886 1340 deinde
918 1291 1152 1355 cubicular,
1186 1291 1219 1340 i.
1240 1307 1287 1340 e.
1328 1294 1404 1341 in·

295 1382 302 1385 ·
338 1366 562 1417 teriores
594 1376 773 1431 partes
808 1368 1023 1431 palatii3
1060 1376 1187 1429 tum,
1210 1369 1406 1420 intimos

334 1457 563 1504 secessus,
583 1444 631 1492 h.
654 1458 702 1493 e.
728 1444 933 1493 intimas
955 1453 1150 1508 partes,
1171 1458 1259 1495 seu
1284 1446 1403 1496 inti·

334 1533 421 1570 ma
464 1520 728 1570 conclavia
778 1522 975 1584 palatii.
1044 1524 1211 1573 Erant
1266 1524 1401 1573 enim

334 1609 437 1644 non
462 1601 662 1645 tantum
696 1596 945 1660 ‘primae,’
978 1598 1070 1646 sed
1102 1606 1159 1648 et
1192 1599 1402 1648 ‘iuteri-

333 1671 494 1737 ores,’
524 1680 679 1738 atque
700 1680 716 1703 ‘
734 1674 929 1723 intimae
953 1682 1131 1737 partes
1146 1673 1161 1696 ’
1183 1662 1404 1738 aedium3

331 1747 387 1798 in
409 1763 538 1813 quas
563 1749 834 1799 interiores
859 1758 916 1799 et
948 1750 1157 1801 intimas
1192 1751 1402 1805 secede·

332 1825 481 1882 bant,
504 1833 561 1876 et
582 1842 696 1891 quae
728 1834 873 1877 recte
904 1842 1109 1878 secessus
1131 1827 1234 1878 dici
1258 1835 1402 1892 pote·

330 1909 489 1964 rant;
521 1905 598 1952 uti
643 1910 700 1952 et
741 1909 976 1954 ‘secreta
1017 1903 1202 1953 domus
1247 1904 1402 1969 pars’

331 1977 524 2033 ‹tl-itur
548 1980 798 2032 Quinctil.
823 1981 1062 2030 Declam.
1085 1995 1124 2030 1.
1149 1985 1230 2031 16.
1297 1982 1399 2032 Ne·

330 2069 427 2119 pos
473 2054 694 2106 Praefat.
726 2057 927 2120 ‘Cujus
969 2063 1139 2107 mater
1180 2056 1403 2107 familias

327 2146 433 2181 nou
489 2133 708 2196 primum
765 2135 934 2185 locum
991 2140 1139 2184 tenet
1194 2134 1402 2186 aedium.

330 2209 488 2260 Quod
507 2211 668 2260 multo
685 2211 839 2261 aliter
853 2210 915 2261 fit
938 2211 990 2260 in
1016 2211 1247 2272 Graecia5
1281 2226 1399 2261 nam

327 2299 504 2351 neque
540 2286 709 2343 sedet,
746 2287 845 2337 nisi
881 2289 934 2337 in
973 2288 1222 2338 interiore
1250 2296 1399 2352 parte

326 2361 559 2424 aedium‚’
591 2367 691 2413 διο.
759 2364 874 2413 Cic.
897 2365 1050 2413 Verr.
1073 2378 1110 2414 ι.
1133 2369 1215 2414 20.
1250 2371 1266 2394 ‘
1284 2365 1399 2429 Sig-

325 2454 451 2491 num
486 2442 538 2490 in
579 2441 773 2491 intimis
807 2443 913 2491 suis
950 2442 1149 2491 aedibus
1190 2440 1400 2506 posuit,'

309 2518 365 2567 ·i.
389 2532 438 2568 e.
470 2516 524 2568 iu
548 2518 742 2569 intimis
766 2519 1007 2584 partibus
1038 2520 1149 2569 sive
1182 2519 1398 2570 secessi-

323 2595 423 2645 bus
444 2596 651 2648 aedium.
719 2597 934 2647 Terent.
958 2597 1149 2646 Heaut.
1172 2609 1225 2646 v.
1251 2601 1296 2645 1.
1318 2599 1401 2646 29.

323 2676 339 2700 ⁴
358 2671 454 2720 Est
478 2671 600 2721 mihi
624 2672 675 2721 in
699 2672 890 2722 ultimis
914 2672 1161 2721 conclave
1197 2671 1398 2722 aedibus

325 2745 586 2811 quoddam
622 2755 797 2812 retro;
828 2748 930 2798 lruc
966 2757 1051 2799 est
1084 2748 1225 2798 intro
1264 2750 1397 2799 latus

322 2821 531 2873 lectus.’
597 2822 685 2873 Ad
724 2838 877 2889 quem
917 2825 1087 2874 locum
1123 2825 1394 2875 Donatus:

322 2899 342 2926 ⁸
359 2899 458 2949 Est
479 2907 649 2951 autem
675 2903 923 2952 conclave
945 2903 1235 2966 separatior
1250 2904 1395 2952 locus

323 2974 379 3024 in
424 2976 757 3026 interioribus
796 2977 995 3030 tectis.’
1062 2979 1178 3029 Liv.
1216 2992 1306 3030 xx..
1344 2984 1394 3030 8.

321 3051 413 3102 nbi
438 3060 633 3112 narrat,
657 3055 981 3119 Philippum,
1003 3070 1177 3119 regem
1211 3056 1394 3107 Mace-

322 3126 534 3194 donum,
564 3131 617 3179 in
649 3139 853 3181 secreto
884 3131 1044 3195 regim
1080 3132 1194 3182 loco
1228 3134 1393 3197 inqui·

318 3205 502 3256 sivisse
536 3208 588 3256 in
625 3223 857 3258 caussam
880 3208 1241 3259 dissidentium
1264 3209 1394 3260 tilio·

317 3296 468 3332 rum:
503 3284 519 3312 ⁴
543 3282 813 3346 Secessit‚'
848 3284 1031 3347 inquit,
1066 3285 1150 3333 ‘in
1192 3294 1393 3347 partem

316 3356 622 3409 interiorem
664 3374 780 3410 cnm
815 3358 1017 3409 duobus
1055 3360 1253 3422 amicis,
1289 3366 1394 3411 tot-

321 3433 461 3485 idem
507 3436 815 3486 custodibus
864 3435 1138 3501 corporis.’
1203 3436 1394 3487 Annon

317 3519 375 3564 et
412 3513 514 3564 iste
550 3529 780 3564 secessus
812 3521 931 3575 erat
962 3515 1139 3578 regiae,
1163 3514 1214 3563 in
1241 3530 1392 3576 quem

317 3590 600 3641 secedebat
634 3590 948 3656 Philippus?
1010 3592 1257 3656 Denique
1296 3605 1395 3641 nec

315 3667 373 3717 id
397 3668 517 3718 mihi
546 3669 719 3731 placet
751 3667 803 3717 in
839 3667 1195 3718 Arntzeuiaua
1219 3683 1393 3718 emen·

316 3743 552 3809 datione,
575 3745 714 3810 quod
751 3753 876 3795 tuuc
898 3744 1015 3795 duae
1052 3743 1238 3806 ἀμέσως
1271 3758 1393 3794 con·

307 3821 605 3885 junguntur
630 3836 802 3884 voces,
831 3836 862 3870 a
893 3821 1094 3884 syllaba
1123 3837 1177 3870 re
1211 3821 1393 3885 incipi·

316 3905 487 3962 entes,
539 3913 747 3948 recessus
805 3898 1007 3948 recludit
1027 3914 1048 3956 ;
1102 3898 1392 3963 cujusmodi

318 3990 631 4026 concursum
688 3974 900 4026 attribns
957 3989 1135 4039 parum
1188 3984 1393 4038 gratnm

315 4052 446 4103 alias
470 4053 653 4102 sedulo
678 4053 848 4102 evitat
868 4051 1088 4102 Plinius.
1133 4052 1235 4101 Hae
1262 4052 1393 4101 adeo

315 4134 440 4179 sunt
478 4129 581 4178 illae
628 4129 878 4192 rationes,
918 4128 1104 4191 quibus
1148 4128 1394 4178 inductus

317 4205 578 4268 vulgatam
611 4204 889 4254 lectionem
923 4219 1129 4254 secessus
1161 4205 1393 4254 retinen-

313 4278 435 4332 dam
459 4280 772 4334 existimavi.
806 4281 1073 4346 Ceterum,
1096 4281 1148 4332 in
1171 4282 1392 4347 soqtien·

2374 365 2539 435 1021

1471 521 1626 573 tibus
1653 522 1823 573 verbis
1845 520 2014 574 codex
2055 537 2199 573 meus
2233 527 2290 573 et
2321 522 2549 574 Salibur-

1483 601 1657 664 gensis
1694 600 2200 666 habent‚0muiaque
2242 615 2419 650 arcana
2464 616 2548 650 no-

1461 681 1631 729 ·tomia
1663 677 1816 739 samoe
1855 680 2110 742 proponit,-
2151 693 2442 745 quanquam
2495 681 2550 728 in

1480 755 1862 818 salisburgensi
1896 757 1960 806 ab
1995 756 2099 805 alia
2130 771 2302 817 manu,
2341 771 2434 819 pro
2466 770 2551 805 uo-

1481 835 1650 895 iauda,
1673 833 1957 897 repositum
1983 832 2053 882 sit
2074 835 2322 883 noscendo.
2347 832 2517 882 Idem.

1547 909 1753 960 Peniius
1775 909 1974 974 inspici]
2011 909 2212 959 Plinius
2246 916 2441 971 noster,
2482 909 2550 957 E-

1482 983 1608 1057 pist:
1633 998 1716 1035 vl.
1752 988 1834 1035 31.
1875 988 1890 1013 ‘
1911 984 2051 1037 Quid
2075 985 2374 1053 jucundius,
2396 998 2550 1049 quam

1482 1060 1732 1124 principis
1745 1060 2029 1123 justitiam,
2043 1063 2375 1124 gravitatem,
2392 1062 2550 1111 comi·

1481 1140 1665 1192 tatem,
1685 1137 1739 1185 in
1756 1151 1963 1186 secessu
1983 1132 2205 1203 qnoque,
2221 1138 2310 1187 ubi
2328 1138 2549 1188 maxime

1481 1210 1840 1268 recluduntur,
1864 1213 2122 1275 inspicere
2142 1213 2181 1263 ?’
2214 1215 2366 1264 Idem.

1546 1289 1754 1339 Penitus
1775 1289 1970 1353 inspici]
1999 1290 2278 1354 Proprium
2302 1292 2440 1341 omni
2461 1306 2548 1341 ve-

1478 1380 1554 1415 rae
1579 1366 1778 1429 virtuti,
1801 1383 1918 1431 quae
1946 1368 2056 1417 vult
2080 1369 2310 1418 tractari.
2342 1369 2481 1433 Lips.

1545 1443 1752 1506 Inspici]
1786 1447 1801 1473 ‘
1820 1446 2017 1494 Drusus
2035 1445 2251 1508 cupiens
2269 1459 2384 1494 suas
2406 1444 2547 1495 aedes

1478 1518 1546 1568 ab
1589 1521 1824 1570 omnibus
1868 1519 2089 1584 inspici.’
2169 1520 2439 1571 Plutarch.
2493 1521 2547 1570 in

1478 1595 1740 1659 Praecept.
1775 1596 2016 1646 Politicis
2050 1610 2104 1660 p.
2127 1600 2243 1646 800.
2281 1596 2412 1646 velt.
2447 1598 2546 1646 Pa-

1476 1680 1608 1724 terc.
1635 1687 1699 1723 n.
1724 1677 1803 1723 14.
1841 1674 1994 1724 Rern.
2535 1668 2540 1673 ’

1539 1749 1755 1815 Limine]
1788 1749 2107 1801 Domesticae
2150 1756 2208 1799 et
2252 1750 2547 1814 penetrales

1476 1833 1583 1876 tuae
1609 1829 1851 1890 virtutes,
1876 1841 2028 1892 pares
2056 1826 2277 1891 publicis
2299 1831 2390 1876 aut
2414 1824 2545 1890 pub·

1475 1902 1670 1952 licatis.
1702 1903 1842 1968 Lips.

1541 1980 1734 2030 Limine
1766 1981 1920 2045 tenes]
1955 1980 2105 2030 Bene
2138 1980 2251 2029 hoec
2286 1980 2544 2043 interpre-

1476 2061 1618 2107 tatur
1642 2056 1819 2107 Ceva=
1858 2058 1967 2107 ‘Tu
1999 2056 2162 2106 multa
2196 2055 2400 2120 privato
2436 2056 2545 2106 lare

1475 2133 1734 2198 contegis,
1780 2148 1896 2199 quae
1939 2134 2156 2199 gloriam
2210 2139 2458 2196 augeant,
2501 2132 2545 2181 si

1474 2210 1910 2262 manifestentur?
1975 2213 2074 2275 Ea,
2103 2226 2221 2277 quae
2259 2210 2432 2260 limine
2467 2216 2546 2260 tc·

1473 2289 1652 2346 nebat,
1687 2289 1798 2339 sive
1832 2289 2153 2352 continebat,
2189 2287 2459 2351 Traianus,
2493 2302 2547 2336 e·

1474 2369 1596 2417 rant
1621 2380 1704 2416 res
1736 2367 2056 2419 domesticae.
2122 2363 2370 2416 ‘Limen'
2405 2364 2543 2414 enim

1472 2445 1822 2507 συνεκδοχικῶς
1860 2458 1956 2509 pro
1990 2443 2207 2509 palatio,
2241 2457 2334 2493 seu
2372 2441 2545 2506 domo,

1472 2520 1757 2586 aliquando
1793 2527 1850 2570 et
1888 2535 1983 2584 pro
2015 2520 2274 2582 cubiculo,
2310 2521 2542 2583 ponitur.

1451 2597 1590 2647 ·Cic.
1627 2595 1798 2647 Attic.
1829 2609 1930 2646 vn.
1955 2600 2047 2646 '12-
2079 2597 2189 2646 ‘Ut
2225 2596 2428 2655 scribis,
2449 2595 2544 2646 do·

1471 2675 1701 2726 mesticis
1725 2683 1779 2726 te
1800 2676 1988 2728 finibus
2008 2676 2188 2733 tenes,'
2222 2677 2256 2725 i.
2273 2690 2321 2725 e.
2339 2675 2543 2724 domes-

1474 2752 1579 2802 tica
1624 2758 1840 2816 tractas,
1882 2767 1986 2803 non
2038 2751 2272 2817 publica.
2341 2751 2541 2800 Plinius

1470 2838 1668 2893 noster,
1713 2832 1884 2895 Epist.
1929 2845 2013 2881 ιι.
2057 2835 2137 2882 13.
2185 2826 2309 2880 ‘Me
2355 2843 2541 2880 recens

1470 2906 1641 2957 adbuc
1663 2908 1830 2965 luctus
1853 2908 2027 2957 limine
2051 2903 2327 2956 continet.'
2374 2904 2543 2968 Idem,

1470 2984 1643 3046 Epist.
1679 2997 1780 3034 vn.
1815 2988 1897 3034 23.
1943 2985 2154 3044 ‘Illum,
2195 2987 2251 3032 et
2289 2980 2446 3037 domi,
2483 2989 2542 3030 et

1469 3058 1608 3108 intra
1641 3058 1864 3116 domum,
1890 3065 2049 3124 atque
2086 3058 2244 3108 etiam
2279 3057 2418 3107 intra
2452 3071 2540 3106 cu-

1468 3133 1629 3184 biculi
1664 3135 1838 3192 limen,
1871 3132 2185 3198 exspectes!
2250 3132 2468 3182 Petron.
2492 3147 2540 3182 c.

1468 3213 1553 3259 64.
1586 3210 1696 3260 ‘Ut
1730 3211 1838 3260 suis
1873 3225 1930 3261 se
1964 3208 2223 3273 teneant,’
2255 3210 2288 3259 i·
2314 3224 2361 3258 e.
2400 3210 2542 3258 intra

1468 3299 1582 3348 sna,
1607 3292 1698 3336 aut
1734 3286 1872 3336 intra
1907 3286 2060 3337 sedes
2089 3301 2223 3336 suas.
2291 3286 2542 3338 Quinctil.

1467 3359 1647 3411 Instit.
1672 3360 1828 3410 Orat.
1857 3374 1899 3411 1.
1930 3365 1979 3412 2.
2016 3368 2031 3391 ‘
2051 3361 2311 3411 Utiliusue
2345 3362 2411 3410 sit
2448 3361 2541 3410 do-

1465 3438 1559 3498 mi,
1602 3445 1764 3501 atque
1808 3439 1951 3488 intra
2005 3439 2236 3502 privatos
2289 3438 2539 3500 parietes,

1466 3511 1766 3563 studentem
1789 3513 2058 3564 continere
2075 3512 2114 3563 ?’
2156 3514 2420 3576 Ceterum,
2447 3513 2539 3563 ubi

1466 3590 1520 3638 in
1561 3589 1995 3641 antecedentibus
2019 3592 2173 3652 vulgo
2205 3589 2422 3652 legimns
2443 3604 2539 3640 noes

1467 3667 1652 3717 minora
1672 3683 1745 3730 ea,
1767 3669 1838 3717 ibi
1861 3668 2030 3718 codex
2053 3666 2339 3717 Patavinus
2365 3668 2541 3717 omisit

1467 3758 1748 3807 pronomen
1771 3760 1844 3795 ea.
1881 3746 2138 3795 Schwarz.

1538 3820 1839 3883 contagione
1880 3823 2133 3887 vitiorum]
2178 3822 2284 3873 Pro
2320 3823 2536 3885 contagi-

1467 3912 1572 3954 one,
1609 3912 1883 3962 perperam
1918 3898 2083 3948 edidit
2114 3900 2400 3960 cogitatione
2434 3901 2536 3949 Be-

1468 3973 1709 4037 roaldus3
1743 3990 1856 4040 quae
1882 3977 2109 4025 varietas
2139 3977 2296 4025 etiam
2322 3983 2538 4028 annota-

1468 4060 1527 4103 ta
1549 4060 1630 4102 est
1656 4053 1707 4103 in
1732 4055 1900 4104 altero
1919 4055 2051 4104 libro
2075 4055 2266 4117 Gudii;
2301 4070 2455 4120 quiam
2478 4064 2535 4107 et

1466 4130 1520 4180 in
1562 4129 1818 4194 Scaliger-i
1873 4130 2007 4181 libro
2055 4137 2289 4181 notatam
2334 4132 2536 4182 invenit

1468 4207 1706 4257 Hearue.
1741 4207 1858 4271 Nou
1883 4207 2043 4271 pluris
2065 4205 2309 4257 facienda
2330 4215 2409 4258 est
2432 4207 2535 4258 alia

1467 4282 1649 4346 lectio,
1667 4282 1965 4350 cognatione,
1984 4297 2136 4350 quam
2153 4284 2413 4349 evulgavit
2438 4285 2537 4336 Cs-
