3017 4942
720 369 787 417 Ο.
834 367 1078 418 ann
1118 368 1462 422 ,sssannt
1512 371 1791 424 PANEG.

279 511 338 559 et
382 507 618 573 egregia,
664 509 739 561 ita
787 512 883 563 boc
939 513 1172 577 inprimis
1227 528 1347 564 exo·

278 585 442 637 levit?
507 587 573 636 In
593 589 793 652 Paneg.
816 604 929 641 mv,
949 595 1000 641 7.
1034 592 1050 619 ‘
1070 590 1224 643 Quod
1247 605 1347 655 ego

278 664 446 714 titulis
471 665 713 716 omnibus
743 668 1028 730 speciosius
1054 666 1205 717 reor.’
1266 666 1348 718 Cf.

279 753 391 791 ινι.
417 744 468 791 7.
538 742 776 793 Velleius
802 756 865 792 ιι.
886 747 971 794 76.
1006 746 1022 775 ‘
1040 745 1207 794 Pollio
1230 743 1349 793 Asi·

276 818 395 870 nius
416 853 431 870 .
448 851 464 868 .
481 855 495 870 .
514 852 530 869 .
554 824 753 885 magnis
789 824 1144 888 speciosisque
1190 824 1346 874 rebus

271 897 606 956 editis‚’·&c.
671 902 743 951 Et
781 903 893 966 ipse
937 903 1048 952 Cic.
1082 904 1132 952 in
1164 904 1347 960 Bruto,

277 990 395 1039 cap.
421 981 507 1027 71.
544 978 559 1006 ‘
576 979 645 1027 Et
669 979 944 1042 splendore
971 980 1131 1041 vocis,
1155 986 1212 1030 et
1232 979 1348 1044 dig·

275 1051 447 1103 nitate
481 1062 673 1119 motus,
699 1056 760 1106 fit
789 1058 1082 1121 speciosum
1117 1064 1172 1107 et
1206 1058 1346 1107 illus·

272 1133 382 1192 tre,
406 1129 551 1194 qnod
575 1131 808 1181 dicitur.'
854 1133 1151 1197 Aliquando
1173 1140 1345 1182 tamen

275 1204 293 1231 ‘
313 1206 616 1269 speciosum
634 1207 650 1229 ’
685 1209 845 1259 etiam
865 1208 1077 1267 dicitur.
1094 1209 1230 1274 qnod
1255 1223 1345 1274 ap·

256 1290 433 1346 'paret
454 1283 668 1348 bonnm,
689 1294 781 1335 aut
811 1288 1035 1350 speciem
1059 1285 1346 1351 dignitatis,

277 1358 514 1422 virtutis,
558 1361 643 1410 vel
688 1362 947 1424 veritatis,
990 1377 1099 1426 prae
1134 1377 1191 1412 se
1228 1362 1350 1412 fert.

273 1436 586 1499 eujusmodi
613 1439 853 1503 exempla
873 1439 974 1489 buc
1001 1437 1205 1502 afferre,
1220 1440 1347 1490 nihil

273 1513 492 1562 attinet.
562 1514 834 1569 Ceterum,
855 1514 906 1563 in
934 1515 1009 1564 his
1034 1516 1204 1566 verbis
1227 1516 1346 1566 sub·

252 1603 509 1654 sequeus
532 1592 790 1653 particula
825 1592 949 1641 enim
969 1594 1155 1643 omissa
1177 1600 1259 1643 est
1282 1594 1348 1644 ab

273 1667 560 1731 Ascensio‚
578 1669 647 1717 H.
660 1675 716 1718 et
738 1669 887 1719 Paul.
907 1670 1190 1734 Stephano,
1207 1671 1347 1721 Box-

269 1741 478 1800 bornio,
501 1750 558 1793 et
578 1744 820 1795 cellario.
852 1744 1089 1796 Schmun.

268 1828 279 1837 ·
340 1820 555 1882 Lupsam
577 1821 946 1886 exstinctamque
962 1824 1202 1887 refovisti]
1231 1824 1347 1875 Dis-

279 1896 528 1958 ciplinam
578 1903 634 1946 et
680 1911 847 1948 mores
898 1904 913 1928 ⁴
938 1898 1042 1949 labi
1061 1898 1075 1920 ’
1119 1899 1256 1948 dixit
1292 1899 1346 1948 in

276 1971 542 2022 Prooemio
593 1973 766 2036 operis
814 1974 990 2023 Livius
1008 1991 1026 2024 z
1077 1981 1092 2005 ⁴
1110 1976 1346 2025 Labente

279 2046 468 2097 deinde
492 2048 760 2112 paullatim
782 2047 1072 2113 disciplina,
1095 2051 1239 2100 velut
1257 2049 1348 2100 de-

279 2124 515 2175 sidentes
553 2126 721 2188 primo
760 2141 928 2176 mores
964 2133 1211 2190 sequatur
1238 2127 1346 2177 aui·

282 2214 368 2250 mo
396 2217 413 2262 3
445 2199 660 2264 deinde,
680 2208 741 2252 nt
763 2203 922 2266 magis
951 2204 1217 2269 magisque
1240 2205 1348 2267 lap·

284 2277 327 2328 si
376 2279 482 2328 sint
503 2298 520 2340 3
554 2286 658 2328 tum
695 2281 770 2330 ire
814 2282 1071 2345 coeperint
1105 2281 1345 2346 praecipi·

281 2355 396 2407 tes.'
457 2356 634 2406 Etiam
659 2358 848 2408 Cicero
868 2357 934 2407 de
960 2359 1261 2422 Legatibus‚
1286 2373 1349 2408 11.

285 2437 364 2483 15.
416 2439 442 2469 ·‘
465 2433 701 2485 Quarum
747 2432 1048 2500 (civitatum
1095 2435 1348 2499 Graeciae)

281 2524 455 2562 mores
502 2511 656 2573 lapsi,
701 2511 768 2560 ad
822 2512 1090 2562 mollitiem
1151 2513 1348 2577 pariter

280 2597 400 2641 sunt
426 2590 689 2640 immutati
712 2605 829 2641 cum
852 2589 1131 2642 cantibus.'
1195 2591 1346 2642 Idem

281 2674 336 2716 et
378 2666 518 2717 dixit
564 2668 583 2737 ‘s
606 2666 841 2731 extingui
880 2665 1244 2732 disciplinam?
1278 2668 1361 2718 de'

281 2743 438 2793 Univ.
462 2758 584 2807 cap.
608 2748 656 2793 l.
692 2744 815 2795 ‘Sic
841 2744 1046 2808 judico,
1080 2753 1203 2807 post
1232 2744 1346 2796 illos

278 2821 482 2871 nobiles
513 2821 910 2885 Pythagoraeos,
935 2835 1152 2886 quorum
1192 2820 1348 2870 disci·

278 2897 423 2962 plina
481 2898 749 2948 exstincta
810 2903 891 2948 est
947 2896 1346 2961 quodammodo,

275 2989 392 3027 cnm
418 2976 622 3041 aliquot
647 2978 855 3034 saecula,
877 2976 928 3026 in
950 2975 1128 3033 Italia,
1149 2977 1347 3027 Sicilia·

278 3068 398 3118 que,
444 3053 733 3118 viguisset3
780 3054 918 3103 hunc
961 3053 1221 3116 extitisse,
1259 3054 1348 3119 qni

276 3131 416 3182 illam
442 3130 760 3183 renovaret.'
830 3132 998 3183 Notes
1033 3131 1146 3181 Cic.
1165 3130 1251 3179 bic
1271 3132 1348 3180 di-

276 3220 399 3258 cere
452 3209 748 3256 ‘renovare
793 3196 1159 3271 disciplinam‚'
1208 3206 1348 3272 quod

275 3281 589 3333 ‘refovere'
624 3282 756 3332 dixit
790 3282 931 3331 Plin.
967 3282 1065 3333 hoc
1097 3283 1231 3340 loco,
1258 3298 1349 3346 pa·

274 3358 407 3408 riter
432 3372 496 3408 ac
524 3357 694 3420 Epist.
719 3371 807 3408 ιιι.
832 3360 913 3407 18.
948 3356 1165 3407 ‘Studia
1184 3372 1349 3422 prope
1368 3350 1379 3355 ”

276 3436 543 3485 exstincta
562 3431 903 3493 refoventur)
936 3433 1079 3484 Leve
1094 3440 1196 3497 est,
1211 3434 1347 3500 quod

277 3511 437 3573 addo,
459 3511 512 3560 in
534 3510 836 3574 quibusdam
856 3509 1124 3561 codicibus
1148 3511 1347 3575 Paneg.

256 3589 533 3653 -scriptum
549 3601 666 3637 esse
683 3588 862 3651 lapsam
881 3592 1025 3651 atque
1042 3586 1348 3638 exstinctum.

275 3664 663 3806 I-djgtinctom]
699 3739 715 3768 ‘
733 3741 901 3793 Quam
934 3741 1058 3792 olim
1082 3755 1267 3807 aspero
1290 3750 1348 3794 et

278 3818 505 3869 abscisso
540 3818 901 3882 castigationis
936 3833 1147 3883 genere,
1184 3819 1375 3870 omni-2

279 3894 375 3945 bus
397 3897 558 3945 etiam
596 3893 807 3958 imperii
828 3896 997 3944 nervis
1033 3896 1191 3945 veluti
1215 3908 1347 3961 prse-

279 3975 485 4040 cipunm
508 3974 670 4023 decus
695 3978 750 4022 et
765 3972 1170 4023 stabilimentum
1195 3973 1348 4022 Rom.

279 4049 484 4112 imperii
512 4046 829 4109 servarunt,'
863 4048 986 4097 Val.
1017 4049 1165 4098 Max.
1199 4061 1264 4099 11.
1282 4053 1343 4098 ·8.

342 4203 539 4255 Prior-is
570 4201 737 4254 seculi
768 4201 915 4266 malo]
951 4201 1033 4254 Ab
1055 4202 1345 4256 oratoribus

1870 373 1919 422 ι.
1947 356 2053 424 18.
2354 361 2486 428 509

1423 519 1480 564 et
1526 515 1694 578 poetis
1730 516 1915 567 crebro
1948 516 2338 569 confunduntur
2372 521 2485 571 baec

1422 594 1659 642 nomina:
1685 594 1700 622 ‘
1717 593 1999 650 saeculnm!
2018 595 2033 623 ‘
2054 595 2256 652 aerum,’
2281 603 2298 626 ‘
2316 596 2486 660 aetas'ss

1424 669 1440 697 ‘
1459 670 1701 733 tempus,'
1723 674 1737 700 ⁴
1759 671 1908 722 dies.’
1940 671 2019 721 Ac
2040 673 2057 700 ‘
2074 675 2320 723 saecnlum
2336 672 2351 695 ³
2372 675 2484 737 qui·

1422 743 1564 805 dem,
1589 746 1727 811 quod
1752 747 1978 812 alioquin
2008 756 2215 812 tempus
2243 750 2367 800 vitre
2389 750 2483 800 bu·

1423 832 1591 870 manae
1631 821 2006 886 longissimum,
2044 833 2136 874 aut
2170 826 2333 890 magis
2356 825 2484 877 deti·

1424 897 1555 958 nite,
1577 898 1799 962 spatium
1817 908 2022 950 centum
2038 915 2283 951 annerum
2303 907 2485 966 ποίας

1422 971 1684 1035 sigillatim
1710 989 1804 1036 pro
1828 977 2289 1042 temporessimperii
2312 979 2484 1042 cujus·

1423 1061 1527 1111 que
1570 1049 1913 1112 Imperatoris
1955 1052 2187 1113 dicitur;
2244 1067 2359 1102 cum
2401 1056 2484 1105 vel

1425 1126 1546 1175 boni
1571 1128 1772 1185 ominis,
1797 1130 1878 1179 vel
1904 1131 2052 1194 quasi
2087 1128 2484 1196 grandiloqua]-

1423 1201 1511 1250 tiae
1535 1218 1737 1265 caussa,
1771 1211 1977 1270 tempus
2013 1209 2279 1271 regiminis
2315 1209 2484 1273 cujus·

1425 1293 1526 1342 qne
1563 1289 1810 1333 vocarent
1848 1283 2160 1332 ‘saeculum’
2223 1284 2311 1334 Sic
2343 1285 2483 1336 Plin.

1418 1360 1479 1405 et
1502 1355 1553 1404 in
1579 1356 1828 1420 Epistolls
1850 1366 1906 1408 et
1940 1358 1992 1408 in
2016 1359 2363 1425 Panegyrico,
2386 1377 2484 1413 se·

1420 1431 1537 1496 pins
1573 1433 1774 1483 locutus
1805 1439 1921 1496 est;
1971 1450 2018 1484 v.
2054 1452 2106 1499 g.
2142 1437 2307 1500 Epist.
2341 1452 2395 1488 x.
2431 1443 2481 1490 1.

1423 1507 1491 1557 ad
1530 1508 1835 1573 Trajanum:
1888 1519 1902 1542 ⁸
1939 1512 2118 1577 Digna
2158 1516 2346 1565 saeculo
2391 1523 2483 1567 tuo

1420 1586 1785 1650 contingantl'
1834 1587 1867 1637 i.
1904 1602 1952 1636 e.
1996 1597 2232 1654 tempore
2277 1593 2482 1656 imperii

1425 1660 1522 1709 tui.
1588 1662 1740 1714 Quod
1767 1669 1939 1712 tamen
1964 1662 2215 1729 deinceps
2237 1668 2393 1717 etiam
2416 1669 2482 1718 sd

1423 1741 1661 1801 tempora
1697 1738 1940 1789 malorum
1984 1741 2354 1804 imperatorum
2399 1759 2481 1794 ω·

1423 1813 1872 1866 commodabatur.
1917 1817 2092 1883 Atque
2116 1819 2189 1869 ita
2213 1819 2349 1870 idem
2375 1820 2484 1870 Pti-

1423 1889 1557 1947 nius,
1601 1892 1773 1954 Epist.
1818 1907 1894 1942 ιν.
1935 1898 1987 1944 2.
2042 1895 2109 1944 de
2151 1897 2481 1951 Domitiano:

1421 1966 1437 1992 ‘
1463 1966 1567 2018 Qui
1604 1968 1852 2019 illustrari
1890 1972 2135 2021 saeculum
2170 1987 2316 2022 suum
2351 1974 2482 2036 ejus·

1422 2042 1561 2093 modi
1586 2047 1837 2109 exemplis
1851 2047 2237 2100 arbitrabatur?
2272 2050 2287 2078 ‘
2306 2050 2485 2100 Domi·

1420 2120 1596 2172 tianus
1620 2124 1821 2173 occisus
1845 2131 1924 2174 est
1948 2137 2069 2174 xlv.
2103 2126 2225 2175 Kal.
2263 2126 2485 2177 Octobr.

1416 2212 1559 2259 anno
1590 2201 1767 2252 aetatis
1805 2215 1933 2252 nv.
2000 2203 2219 2267 Imperii
2261 2203 2374 2254 xv?
2407 2205 2483 2255 in·

1424 2276 1538 2340 quit
1562 2277 1779 2329 Sueten.
1803 2280 1854 2329 iu
1889 2281 2086 2331 Domit.
2105 2296 2223 2345 cap.
2251 2286 2330 2331 17.
2361 2282 2414 2332 h.
2435 2296 2486 2332 e.

1422 2354 1645 2407 docente
1663 2356 1890 2408 Antonio
1908 2359 2076 2422 Pagio
2096 2360 2148 2409 in
2172 2359 2354 2411 Critic.
2380 2359 2484 2410 Ba-

1423 2445 1536 2482 ron.
1553 2448 1691 2484 *anno
1714 2434 1906 2484 Christi
1935 2439 2018 2485 96.
2084 2436 2339 2501 Trajanus
2362 2452 2483 2488 vero

1421 2509 1593 2559 dictus
1615 2518 1697 2560 est
1730 2511 1910 2561 Caesar
1943 2520 1998 2562 et
2029 2513 2234 2576 collega
2265 2513 2485 2577 impera·

1423 2586 1570 2652 toris,
1592 2586 1659 2638 A.
1682 2588 1742 2637 C.
1764 2592 1849 2639 9⁷.
1873 2588 1925 2638 d.
1959 2603 2081 2639 xus.
2108 2590 2227 2640 Kal.
2262 2589 2485 2641 Octobr.

1422 2663 1514 2728 Et,
1538 2679 1654 2715 cum
1679 2665 1857 2715 Nerva
1880 2680 2014 2715 anno
2036 2666 2297 2731 sequenti,
2330 2666 2398 2716 A.
2420 2668 2482 2719 C.

1418 2746 1503 2794 98.
1529 2751 1754 2794 exeunte
1790 2745 2057 2807 Jannsrio,
2080 2760 2375 2810 supremum
2407 2746 2484 2796 di·

1420 2833 1503 2869 em
1527 2820 1763 2884 obiisset,
1789 2822 2037 2886 tuncjam
2068 2824 2205 2872 solus
2230 2821 2483 2886 Trajanus

1420 2893 1682 2960 imperare
1720 2898 1898 2961 caepit.
1964 2898 2125 2961 Ergo,
2165 2898 2374 2962 proprie
2408 2899 2483 2948 lo·

1419 2970 1647 3034 quendo,
1671 2986 1774 3022 non
1797 2974 1898 3023 alio
1926 2974 2113 3024 saeculo
2132 2973 2481 3032 Domitianas,

1421 3047 1523 3099 alio
1544 3049 1809 3113 Trajanus,
1835 3050 2186 3113 imperarunt;
2218 3057 2274 3100 et
2307 3058 2483 3101 tamen
2570 3068 2586 3080 ·

1421 3125 1629 3190 utrique
1664 3126 1807 3190 qussi
1852 3142 1997 3177 sunm
2041 3126 2287 3177 tribuitur
2320 3141 2484 3177 saecu·

1422 3202 1548 3253 lum.
1616 3204 1733 3255 Hoc
1771 3205 1886 3268 ipso
1908 3206 2071 3269 igitur
2102 3205 2237 3267 loco,
2266 3205 2486 3269 Plinius,

1423 3293 1520 3342 per
1541 3279 1557 3307 ‘
1577 3282 1825 3331 soeculum
1852 3281 2031 3347 prius‚’
2052 3281 2485 3345 duntaxatgene·

1424 3356 1577 3406 ratim
1602 3358 1685 3406 ind
1695 3358 1802 3408 icat
1824 3357 2141 3409 antecedens
2165 3367 2370 3423 tempus
2392 3358 2486 3409 im·

1421 3432 1558 3497 perii
1593 3434 1915 3496 Domitiani3
1950 3451 2067 3486 cum
2096 3436 2317 3492 scilicet,
2347 3435 2486 3501 quod

1423 3507 1561 3558 idem
1603 3517 1750 3560 notat
1785 3511 2006 3567 Plinius,
2031 3511 2203 3575 Epist.
2236 3524 2362 3562 vin.
2402 3515 2485 3563 14.

1421 3583 1704 3648 ‘suspecta
1745 3595 1888 3637 esset
1940 3587 2140 3648 virtus3
2194 3588 2380 3637 inertia
2429 3587 2484 3636 in

1423 3662 1632 3723 pretio:
1665 3676 1789 3711 cum
1804 3661 2025 3712 ducibus
2062 3663 2339 3712 auctoritas
2367 3662 2485 3714 nnl-

1421 3738 1489 3793 la,
1526 3738 1668 3787 nulla
1700 3738 1951 3788 militibus
1987 3737 2331 3800 verecundia3
2364 3752 2484 3789 nus·

1423 3830 1577 3879 quam
1621 3815 1910 3880 imperium,
1956 3830 2204 3880 nusquam
2248 3815 2484 3879 obsequi-

1422 3903 1541 3951 πως
1577 3892 1748 3940 omnia
1780 3893 1965 3955 soluta,
1999 3892 2227 3953 turbata,
2248 3898 2407 3956 atque
2432 3893 2484 3942 in

1419 3968 1742 4017 contrarium
1779 3965 1964 4018 versa!
2030 3967 2094 4016 In
2129 3968 2311 4018 eadem
2346 3969 2484 4032 epis·

1421 4042 1546 4099 tola,
1594 4043 1792 4093 Plinius
1836 4044 1963 4093 illud
2003 4045 2173 4108 ipsum
2219 4046 2484 4111 soeculum,

1421 4119 1532 4168 sive
1556 4126 1759 4183 tempus
1784 4120 2043 4183 regiminis
2065 4120 2372 4185 Domitiani,
2394 4137 2485 4179 νῑο.

1420 4201 1509 4245 cat
1534 4194 1549 4222 ‘
1570 4195 1801 4258 priorum
1824 4204 2116 4261 temporum
2137 4193 2484 4248 servitutem)
