3017 4942
764 386 833 437 ο.
881 387 1129 438 amun
1175 386 1518 440 saeuum
1567 387 1844 481 riguae.
1922 389 1973 439 t.
2004 373 2114 441 ⁵72.

328 526 427 580 lias
466 525 598 578 duas
631 541 786 579 voces
825 529 1117 582 Beroaldus
1154 536 1213 582 et
1237 529 1397 584 Cata»

326 621 497 658 nans.
563 608 830 671 Ceterum,
868 608 954 659 liic
997 608 1263 659 abstracta
1303 622 1393 673 po·

324 691 525 734 nnntnr
560 697 659 748 pro
691 686 982 748 concretis;
1017 686 1164 751 quasi
1201 685 1397 737 dixerit

325 760 556 824 Plinius,
587 760 743 811 Aliud
769 761 1032 813 hominum
1054 763 1400 827 solicitorum,

323 837 473 888 alind
496 850 814 900 securorum,
833 838 1094 901 ingenium
1127 844 1227 889 est.
1291 840 1395 890 Cu·

317 912 555 974 jusmodi
578 914 821 976 exempla
852 914 956 964 alia
992 915 1178 979 passim
1213 916 1266 965 in
1300 915 1399 966 boc

324 988 659 1052 Panegyrico
681 990 834 1039 obvia
855 998 1011 1053 sunt;
1042 1005 1136 1041 nos
1155 990 1395 1056 quiedam

312 1062 432 1127 jam
469 1077 628 1128 supra
661 1065 1018 1114 annotavimus
1049 1065 1114 1114 ad
1138 1072 1396 1117 xxxvm.

319 1143 379 1190 2.
443 1141 698 1203 Ingenium
733 1148 909 1192 autem
946 1145 1272 1204 μετυννμικὸς
1299 1157 1398 1207 pro

321 1217 340 1246 ⁸
365 1206 702 1267 inventione'
734 1219 855 1282 poni
896 1219 1120 1283 videtur,
1159 1221 1284 1285 quia
1317 1221 1398 1271 in·

321 1292 485 1357 genio
502 1293 826 1357 potissimum
850 1297 1103 1359 competit
1126 1296 1398 1350 invenien-

320 1369 385 1420 di
406 1378 461 1420 et
483 1372 813 1435 excogitandi
838 1371 1082 1425 facultas.
1115 1374 1265 1424 Ideni.

407 1448 650 1498 Nostram
687 1449 1017 1500 simulationes
1052 1442 1394 1515 cipi-esserunt]

322 1522 442 1573 Pro
497 1524 768 1588 singulari,
815 1527 1070 1590 pluralem
1124 1541 1393 1578 nnmerum

323 1605 522 1664 nestro,
554 1602 607 1652 in
644 1603 778 1654 libro
817 1618 911 1655 suo
949 1607 1220 1657 annotavit
1249 1607 1304 1660 J.
1336 1607 1399 1657 F.

324 1677 643 1731 Gronovius.
709 1682 841 1745 Ego,
865 1682 1059 1747 siquid
1095 1685 1395 1735 mutandum

322 1762 489 1816 essct,
509 1770 817 1820 reponerem
832 1764 1070 1820 nentrum,
1091 1767 1151 1809 ut
1174 1758 1396 1810 referre·

322 1838 418 1882 tur
442 1832 509 1883 ad
532 1833 834 1884 vocabulum
867 1835 1111 1894 inventio5
1144 1836 1234 1886 sed
1258 1838 1399 1886 nulla

333 1903 469 1970 opus
493 1913 575 1958 est
597 1910 905 1959 mutatione.
951 1912 1040 1960 Sic
1067 1912 1203 1961 Plin.
1228 1912 1397 1976 Epist.

324 1996 394 2036 u.
417 1988 498 2034 11.
518 1984 534 2012 ‘
557 1984 746 2035 Stabat
769 1985 924 2036 modo
945 1986 1254 2049 consularis3
1289 2002 1397 2038 mo·

322 2060 398 2112 do
441 2062 724 2125 septemvir
761 2062 1071 2126 epulornm;
1114 2062 1224 2126 ,iam
1270 2078 1397 2114 ncu-

322 2137 500 2188 trum.’
563 2137 712 2188 Idem
738 2138 905 2202 Epist.
926 2153 1017 2188 ιιι.
1038 2143 1089 2188 9.
1117 2145 1132 2168 ‘
1149 2139 1274 2188 Dari
1297 2140 1396 2191 sibi

323 2213 489 2278 diem,
528 2223 586 2265 et
637 2214 724 2265 edi
771 2215 1007 2280 crimina,
1052 2216 1395 2280 postulabat:

321 2300 571 2342 neutrum
605 2291 946 2356 impetravit.'
1012 2294 1181 2358 Epist.
1208 2306 1289 2344 rx.
1314 2298 1399 2345 st.

316 2366 336 2396 ‘
358 2366 589 2418 Laudem
632 2368 833 2432 pariter
870 2376 928 2418 et
973 2370 1169 2434 gratias
1213 2373 1397 2434 agam?

321 2450 570 2494 nentrum
612 2445 737 2494 satis
780 2445 1043 2509 possum.'
1107 2446 1192 2497 Sic
1236 2448 1396 2497 etiam

324 2519 514 2569 Cicero
553 2519 780 2586 loquitur
814 2519 881 2569 de
916 2521 1032 2571 Fin.
1067 2534 1157 2574 ιιι.
1179 2525 1260 2572 15.
1281 2523 1298 2552 ‘
1323 2524 1397 2573 Ut

324 2591 503 2659 essent
542 2608 721 2645 eorum
761 2595 866 2649 alia
909 2595 1257 2660 aestimabilia,
1296 2599 1397 2647 alia

323 2681 532 2736 eontra,
567 2666 671 2724 alia
711 2671 1021 2725 neutrum.’·
1071 2675 1228 2740 Apud
1268 2688 1396 2725 eun·

323 2747 446 2799 dem
484 2749 601 2799 Cic.
630 2747 786 2798 Offic.
807 2763 847 2799 1.
873 2754 918 2800 1.
952 2749 1249 2800 Gronovius
1287 2750 1398 2800 alii·

322 2839 427 2890 que
453 2823 731 2888 legendum
760 2834 1097 2883 censuerunt,
1120 2826 1396 2877 ‘Quoniam

324 2909 627 2965 utrumque,
650 2908 706 2951 et
726 2901 1004 2965 Socratici,
1027 2908 1084 2953 et
1107 2900 1394 2968 Platonici,

320 2991 445 3028 esse
467 2976 735 3028 volumus?
801 2978 995 3028 Mirum
1025 2993 1147 3028 vero
1169 2994 1270 3029 non
1295 2986 1395 3038 est,

320 3054 704 3104 simulationem
722 3054 1034 3104 adumbrare
1048 3055 1257 3120 quidem
1280 3071 1397 3120 pos·

216 3136 223 3141 “
319 3146 380 3183 se
403 3132 648 3197 gaudium
666 3139 727 3182 et
760 3132 1064 3193 tristitiam3
1097 3146 1282 3183 revera
1303 3147 1394 3183 au·

323 3217 430 3259 tem
475 3216 532 3258 et
588 3216 890 3259 constanter
942 3209 1236 3273 exprimere
1288 3223 1392 3259 non

322 3296 514 3348 posse3
546 3283 685 3348 quia,
707 3284 845 3349 quod
877 3283 1066 3334 Cicero
1100 3286 1196 3348 ait,
1228 3283 1293 3333 de
1317 3285 1393 3335 0-

324 3367 427 3410 rat.
451 3374 540 3411 ιιι.
562 3365 647 3410 57.
679 3367 695 3391 ⁴
717 3361 840 3410 Sine
875 3360 1033 3410 dubio
1069 3360 1122 3409 in
1155 3362 1293 3411 omni
1335 3375 1392 3410 re

324 3437 493 3497 vincit
525 3436 863 3488 imitationem
897 3436 1147 3499 veritasg'
1181 3447 1237 3488 et
1271 3438 1394 3504 quia

324 3514 654 3563 simulatores
688 3514 850 3577 magis
873 3513 1086 3578 quidem·
1116 3516 1392 3565 connitun-

324 3597 430 3646 tur,
454 3600 510 3641 et
530 3589 791 3653 ingenium
822 3590 1106 3641 intendunt
1126 3591 1190 3641 ad
1215 3599 1392 3642 certos

322 3663 542 3717 affectus
574 3666 886 3726 imitandos3
917 3665 1008 3715 sed
1046 3681 1113 3716 ex
1151 3668 1240 3717 illo
1278 3669 1392 3730 ipso

322 3742 484 3793 nimio
538 3741 713 3791 studio
768 3743 1115 3792 velamentum
1166 3742 1391 3794 fictionis

322 3824 381 3868 et
419 3815 651 3868 affectati
689 3816 909 3868 affectus
946 3818 1106 3882 magis
1142 3820 1392 3883 pellucet.

321 3894 468 3945 Hinc
489 3894 625 3945 bene
646 3894 815 3944 Tacit.
841 3892 1029 3943 Annal.
1046 3907 1126 3944 tv.
1143 3898 1223 3944 sl.
1238 3897 1254 3924 ‘
1274 3897 1326 3946 N
1330 3910 1391 3946 cc

322 3972 587 4022 occultum
632 3977 734 4031 est,
775 3969 983 4034 quando
1040 3985 1106 4020 ex
1150 3973 1392 4030 veritate,

322 4047 535 4113 quando
560 4046 869 4097 adumbrata
902 4046 1106 4103 laetitia,
1131 4046 1274 4098 facta
1297 4052 1391 4099 iru-

324 4124 581 4188 peratoris
605 4121 977 4173 celebrentur.'
1043 4124 1114 4174 Et
1137 4125 1394 4177 Quinctil.

324 4212 432 4250 xn-
459 4204 507 4248 1.
535 4199 553 4227 ‘
575 4198 762 4249 Prodit
796 4211 873 4260 se,
904 4199 1190 4267 quamlibet
1221 4209 1393 4251 custo·

321 4276 515 4332 «fiatur,
559 4274 844 4342 simulatio,
872 4290 940 4326 ne
972 4290 1198 4343 unquam
1233 4276 1395 4331 fuerit

2407 373 2543 443 935

1473 537 1625 582 tanta
1645 532 1920 598 eloquendi
1942 531 2185 597 facultas,
2208 537 2270 582 ut
2289 545 2393 583 non
2416 531 2543 583 titu-

1472 607 1566 659 bet
1587 623 1648 660 ac
1669 609 1890 675 hereat,
1911 609 2115 676 quoties
2143 608 2209 660 ab
2231 610 2405 658 animo
2428 622 2543 665 ver·

1473 685 1545 734 ba
1565 685 1905 736 dissentiant.’
1971 685 2184 736 Latinus
2209 684 2400 735 Pacat.
2420 699 2541 750 esp.

1472 763 1557 810 87.
1583 767 1598 790 ⁸
1617 761 1791 822 Fingit
1812 761 2046 827 quidem,
2067 768 2128 811 nt
2154 761 2362 825 scimus,
2386 761 2545 813 timor

1471 837 1719 901 gaudium
1740 853 1760 899 ς
1789 839 1882 888 sed
1906 840 1987 889 ita
2017 838 2227 888 intimos
2252 838 2440 889 mentis
2464 837 2540 889 at'·

1472 910 1643 963 fectus
1666 913 1904 977 proditor
1927 914 2102 964 vultus
2125 914 2382 978 enuntiat,
2400 922 2461 963 nt
2487 913 2542 964 in

1471 991 1685 1053 speculo
1703 988 1951 1040 frontium
1983 990 2155 1053 imago
2176 995 2330 1040 extet
2347 991 2543 1040 animo·

1473 1064 1622 1115 rum-³
1689 1064 1885 1116 Confer
1905 1081 2065 1130 supra
2085 1067 2151 1116 ad
2171 1079 2257 1116 nv.
2277 1071 2327 1116 2.
2357 1067 2512 1116 Ideni.

1537 1140 1902 1205 Simmiam]
1957 1141 2233 1192 Tibullus:
2290 1149 2306 1173 ⁴
2332 1140 2544 1192 difficile

1471 1224 1557 1268 est
1584 1218 1775 1268 imitari
1807 1218 2001 1282 gaudia
2030 1216 2179 1283 falsa,
2203 1216 2438 1270 Difficile
2460 1225 2547 1271 est

1473 1294 1611 1344 tristi
1649 1293 1850 1358 fingere
1883 1301 2057 1344 mente
2086 1293 2304 1359 jocum?
2372 1297 2547 1346 Nasa-

1472 1372 1612 1423 rius=
1641 1373 1658 1401 ‘
1677 1371 1854 1436 Fingit
1870 1371 2078 1436 quidem
2103 1371 2257 1422 timor
2281 1373 2551 1437 gaudium3

1470 1447 1565 1497 scd
1601 1448 1680 1498 ita
1713 1447 1924 1498 intimos
1959 1449 2146 1498 mentis
2178 1445 2392 1498 affectus
2424 1462 2554 1512 pro-.

1470 1524 1612 1575 ditor
1645 1525 1817 1577 vultus
1852 1524 2115 1588 enunciat,
2146 1532 2204 1576 ut
2241 1525 2294 1576 in
2328 1526 2545 1590 speculo

1470 1598 1717 1652 frontium
1759 1601 1933 1666 imago
1974 1609 2152 1652 exstet
2206 1599 2543 1654 animorum.'

1540 1754 1645 1804 Sua
1674 1753 1823 1804 verba
1853 1752 2038 1818 ntimss
2074 1755 2222 1805 Beue
2245 1754 2355 1805 Cic.
2374 1753 2442 1808 de
2465 1754 2543 1805 O·

1472 1836 1576 1880 rat.
1592 1842 1678 1880 m.
1694 1834 1778 1880 57.
1793 1832 1809 1860 ‘
1827 1830 2011 1881 Omnis
2030 1839 2199 1881 motus
2220 1832 2375 1881 animi
2392 1847 2542 1883 suum

1471 1908 1733 1972 quendam
1768 1923 1800 1957 a
1833 1916 2020 1959 natura
2043 1898 2213 1958 'habet
2244 1909 2464 1970 vultum,
2486 1915 2544 1959 et

1470 1999 1675 2047 sonum,
1697 1992 1752 2034 et
1779 1992 1981 2049 gestum
1997 2002 2014 2045 3
2050 1991 2321 2050 totumque
2351 1998 2543 2048 corpus

1472 2060 1711 2118 hominis,
1750 2070 1807 2111 et
1846 2061 1958 2125 ejus
1997 2060 2161 2111 omnis
2200 2063 2392 2124 vultus,
2433 2075 2545 2111 om·
2585 2073 2592 2077 ·

1470 2156 1667 2208 nesque
1692 2156 1866 2199 voces.
1888 2146 1947 2191 ut
1970 2141 2117 2191 nervi
2139 2141 2203 2190 .in
2235 2138 2445 2195 fidibus,
2469 2139 2545 2189 ita

1471 2225 1680 2282 sonant,
1701 2225 1760 2268 ut
1786 2233 1817 2266 a
1837 2222 1980 2268 motu
2016 2217 2170 2267 aniuii
2192 2229 2398 2283 quoque
2422 2222 2545 2265 sunt

1474 2294 1673 2359 pulsae.’
1740 2295 1810 2344 Et
1828 2307 1947 2357 cap.
1967 2297 2051 2342 58.
2070 2294 2087 2322 ‘
2104 2292 2264 2342 Aliud
2289 2292 2426 2342 euim
2452 2306 2542 2341 vo·

1471 2370 1550 2420 cis
1583 2384 1746 2434 genus
1770 2366 2038 2418 iracundia
2056 2368 2153 2417 sibi
2178 2375 2383 2428 sumat3
2419 2381 2544 2418 acu·

1472 2456 1603 2509 tum,
1628 2444 1918 2507 incitatum,
1949 2444 2138 2497 crebro
2172 2443 2427 2495 incidens.
2450 2476 2465 2493 .
2490 2478 2504 2494 .
2528 2475 2546 2493 .

1471 2521 1632 2572 Aliud
1657 2522 1923 2572 miseratio
1951 2535 2012 2571 sc
2044 2533 2261 2570 merotz
2296 2519 2545 2583 flexibile,

1472 2600 1703 2662 plenum,
1730 2597 2099 2661 interruptum,
2120 2595 2285 2646 flebili
2311 2610 2456 2646 voce.
2479 2630 2496 2647 .
2526 2630 2543 2649 .

1471 2673 1628 2725 Aliud
1653 2679 1854 2723 metus:
1886 2670 2257 2735 demissum,et
2283 2672 2546 2733 hesitans,

1470 2759 1527 2801 et
1558 2751 1842 2815 abjectum.
1867 2781 1882 2799 .
1908 2781 1924 2798 .
1947 2780 1964 2799 .
1985 2748 2144 2798 Aliud
2176 2749 2253 2798 vis
2276 2765 2290 2798 z
2324 2756 2543 2798 conten-

1473 2836 1603 2892 tum,
1646 2828 1945 2889 vehemens,
1998 2824 2271 2875 imminens
2316 2824 2544 2889 quadam

1472 2903 1780 2954 incitatione
1820 2902 2117 2966 gravitatis.
2138 2936 2153 2952 .
2177 2935 2191 2950 .
2217 2933 2233 2950 .
2257 2901 2412 2950 Aliud
2455 2915 2543 2950 vo·

1471 2982 1684 3047 luptas:
1722 2978 1961 3042 effusum,
1998 2979 2136 3041 lene,
2173 2985 2435 3043 tenerum,
2469 2978 2542 3029 hi-

1471 3060 1655 3117 larum,
1677 3073 1739 3108 ac
1761 3054 2072 3109 remissum.’
2100 3055 2344 3106 Schmun-z.

1544 3134 1820 3199 thuejam
1839 3132 2069 3196 maxinme]
2089 3131 2248 3181 Varie
2265 3131 2350 3181 liic
2378 3132 2550 3194 locus,¹

1470 3219 1529 3264 et
1551 3212 1872 3277 potissimum
1893 3210 1946 3259 in
1972 3208 2198 3273 antiquis
2228 3207 2543 3258 editionibus

1468 3295 1722 3353 corrupte
1757 3287 1966 3351 legitur.
2032 3285 2121 3335 Sic
2156 3285 2209 3333 in
2246 3284 2545 3346 Puteolani,

1470 3363 1740 3420 Beroaldi‚
1776 3361 2030 3424 Catanazi,
2058 3360 2201 3422 Aldi,
2236 3359 2542 3421 Philomusi,

1471 3441 1729 3501 Rhenani,
1749 3439 1949 3498 simiae,
1972 3439 2042 3488 R.
2072 3444 2130 3486 et
2162 3436 2235 3486 Η.
2256 3437 2544 3500 Stephano·

1468 3530 1603 3580 rum,
1623 3517 1930 3579 Boxltornii,
1954 3522 2011 3568 et
2045 3515 2180 3566 forte
2211 3516 2425 3564 aliorum
2449 3528 2539 3565 ex-

1466 3593 1786 3659 emplaribus
1820 3594 2016 3644 editum
2054 3601 2155 3654 est,
2200 3592 2267 3641 Ut
2302 3606 2408 3656 quae
2432 3592 2544 3652 ,iaus

1464 3671 1677 3720 maxime
1695 3670 1757 3720 ab
1776 3671 1994 3733 atrisque
2028 3669 2271 3718 dicuntur.
2340 3667 2444 3717 Ηίο
2469 3669 2544 3717 vi·

1465 3746 1563 3796 des
1596 3762 1704 3810 «μω
1734 3760 1827 3810 pro
1862 3761 1952 3810 que
1981 3744 2211 3808 editum;
2251 3759 2350 3795 nec
2372 3743 2544 3795 solum

1470 3836 1753 3887 pronomen
1797 3825 1976 3877 eadem,
2017 3821 2109 3870 scd
2156 3821 2310 3871 etiam
2356 3821 2544 3871 ultima

1468 3898 1649 3960 verba,
1689 3899 1838 3947 aliter
1881 3897 2124 3952 dicuntur,
2171 3910 2290 3946 esse
2334 3895 2542 3946 omissa.

1468 3976 1567 4027 Cui
1591 3974 1806 4024 lectioni
1830 3972 1995 4023 codes
2022 3986 2227 4037 quoque
2250 3972 2540 4021 patavinus

1464 4052 1693 4101 accedit.
1759 4051 1822 4099 ln
1846 4050 2308 4114 Guelpherbytauo
2335 4058 2391 4100 et
2420 4064 2536 4100 meo

1468 4128 1653 4179 codice
1674 4127 1925 4190 scriptum
1952 4133 2056 4187 est,
2080 4126 2239 4189 thue
2255 4125 2364 4188 jam
2385 4127 2541 4176 inaxi-

1467 4219 1543 4253 ωε
1574 4205 1734 4253 eadem
1760 4203 1821 4252 ab
1857 4204 2071 4266 utrisque
2100 4203 2341 4264 dicantur,
2359 4204 2539 4254 'verbis

1470 4282 1689 4347 ultimis,
1718 4280 1862 4331 aliter
1894 4280 2138 4346 dicuntur,
2168 4281 2353 4333 itidem
2386 4279 2539 4331 omis-
