3017 4942
443 328 618 397 1086

443 503 583 540 xxv.
599 493 679 541 1⁰.
693 488 760 539 de
774 485 1036 540 consulari
1052 499 1293 552 processu
1306 484 1340 536 J
1346 484 1517 535 oriani

444 568 537 629 ait,
570 573 586 597 ‘
606 580 670 615 ne
703 567 757 615 in
791 564 957 615 curuli
991 563 1117 613 sella
1143 562 1426 611 veheretur
1449 574 1516 609 ex

441 642 624 694 more.’
644 644 841 693 Verum
851 639 1105 696 concedo,
1124 639 1354 689 variasse
1370 636 1516 686 iden-

444 718 610 769 tidem
636 719 766 768 istas
787 716 1133 776 caerimonias,
1157 714 1380 763 maxime
1417 711 1516 762 sub

444 795 869 859 imperatoribus.
935 793 1147 856 Itaque,
1171 805 1290 840 cum
1316 789 1514 841 Plinius

444 870 592 932 dicit,
602 884 658 920 se
675 876 949 934 exceptum
969 867 1032 916 iri
1046 873 1060 896 ·
1079 866 1380 929 augustiore
1394 864 1515 915 soli·

445 954 502 996 to
542 959 698 997 curru
714 945 753 1008 ς’
796 955 921 994 tunc
965 944 1049 992 vel
1093 942 1512 1006 praesumendum

441 1029 545 1079 est,
567 1022 620 1071 in
641 1022 890 1071 honorem
914 1019 1103 1070 natalis
1116 1018 1347 1083 Trajani,
1364 1018 1513 1068 novis

441 1099 745 1149 consulibus
763 1099 1040 1148 Circenses
1060 1096 1300 1160 edituris,
1320 1102 1515 1160 praeter

441 1174 899 1236 consuetudinem,
922 1172 1332 1238 splendidiorem
1367 1186 1513 1235 pom-

441 1266 581 1316 pam,
595 1259 652 1301 et
668 1250 891 1302 fortasse
906 1263 1116 1300 currum
1127 1248 1514 1313 quadrigarum,

442 1341 543 1377 non
562 1334 816 1376 renuente
833 1325 1086 1390 principe,
1102 1339 1133 1373 a
1147 1331 1333 1373 senatu
1353 1322 1511 1374 fuisse

443 1402 715 1473 decretum
733 1420 751 1464 ς
784 1403 869 1451 vel
908 1401 1211 1465 putandum,
1242 1407 1257 1430 ‘
1277 1399 1511 1450 currum!

441 1479 579 1529 hunc
595 1479 714 1529 ideo
730 1478 833 1528 dici
850 1478 1027 1527 ‘solito
1044 1475 1436 1540 augustiorem,’
1453 1483 1514 1527 ut

447 1557 804 1621 distinguetur
839 1570 871 1604 a
908 1553 1209 1619 quotidiano
1244 1552 1512 1601 consulum

441 1646 616 1689 curru,
644 1640 889 1696 tanquam
923 1629 1265 1692 triumphalis,
1294 1643 1512 1693 quorum

445 1723 568 1758 usus
586 1709 638 1758 in
657 1707 1014 1768 Circensibus3
1033 1720 1187 1770 quam
1205 1706 1514 1769 explicatio·⁸

439 1797 560 1833 nem
574 1783 750 1833 attulit
759 1781 1077 1832 Arntzenius
1089 1795 1153 1829 ex
1165 1779 1513 1830 Theod.Mar÷

444 1860 552 1909 ciiii
575 1860 713 1908 notis
749 1859 817 1909 ad
855 1859 1067 1908 sueton.
1099 1856 1295 1906 Domit.
1325 1869 1444 1920 cap.
1460 1860 1513 1905 2.

445 1935 552 1998 vel,
585 1934 724 1999 quod
754 1934 954 1985 miiaiin
986 1940 1213 1982 mentem
1238 1932 1401 1993 venit,
1423 1933 1514 1981 illa

442 2008 668 2060 formula
703 2008 964 2075 loquendi,
1000 2009 1017 2036 ‘
1038 2022 1219 2058 currus
1246 2009 1400 2058 solito
1424 2023 1511 2057 au-

445 2089 679 2154 gustior,’
722 2103 825 2139 non
862 2095 966 2137 tam
1010 2089 1095 2137 uic
1138 2089 1512 2154 comparative,

442 2182 599 2231 quam
614 2166 940 2231 simpliciter,
955 2172 1035 2214 est
1050 2165 1375 2228 accipienda,
1391 2179 1517 2229 qua·

444 2243 489 2292 si
512 2234 735 2300 dicatur,
768 2244 784 2270 ‘
803 2257 986 2292 currus
1011 2241 1293 2291 admodum
1322 2256 1514 2304 angus-

443 2319 565 2368 tus.’
628 2320 716 2370 Sic
750 2319 887 2369 enim
919 2318 1308 2382 comparativis,
1341 2318 1513 2368 inten-

445 2395 631 2445 dendoe
662 2395 1057 2458 significationis
1088 2408 1291 2453 caussa,
1313 2394 1514 2459 aliquot

442 2472 657 2523 ablativi
698 2472 837 2537 apud
877 2472 1063 2535 probos
1108 2476 1348 2522 auctores
1389 2470 1513 2520 addi

445 2550 649 2612 solent3
684 2564 735 2599 v.
768 2564 817 2612 g.
854 2556 869 2579 ‘
891 2546 1086 2610 selito‚’.
1114 2546 1337 2613 ‘aequo,’
1371 2549 1512 2611 ‘jus-

405 2633 407 2636 '
444 2628 542 2688 to,’
572 2624 787 2690 ‘dicto,'
819 2633 835 2657 ‘
854 2626 1100 2691 opinione
1114 2625 1151 2688 ς’
1187 2626 1277 2675 ubi
1302 2639 1509 2688 compa-

444 2702 693 2765 rativum,
726 2709 946 2767 propter
970 2703 1063 2753 hos
1098 2701 1305 2752 additos
1325 2702 1513 2752 ablati-

445 2792 554 2842 vos,
576 2780 660 2828 vel
683 2781 736 2828 in
761 2780 1157 2844 superlativum,
1181 2779 1265 2828 vel
1287 2779 1342 2827 in
1375 2777 1511 2842 posi-

444 2858 627 2919 tivum,
643 2871 758 2907 cum
776 2858 1035 2921 particula
1054 2859 1070 2885 ‘
1083 2856 1145 2906 ad
1153 2854 1397 2918 modum,’
1412 2857 1511 2905 &c-

443 2939 753 2983 convertere
777 2948 1075 2997 possumus;
1098 2948 1150 2982 v.
1168 2947 1218 2995 g.
1240 2934 1256 2961 ‘
1280 2931 1509 2981 velocius

442 3008 598 3060 solito
623 3009 872 3073 currere,’
905 3011 939 3060 i.
959 3024 1009 3061 e.
1036 3010 1381 3072 velocissime,
1406 3008 1511 3065 vel,

436 3085 720 3136 admodum
764 3088 1035 3147 velociter,
1069 3098 1301 3137 currere.
1332 3081 1511 3133 ‘Tris-

442 3161 545 3211 tior
579 3161 768 3224 solito‚’
809 3163 842 3212 i.
868 3177 913 3211 e.
942 3161 1283 3222 tristissimus,
1310 3160 1394 3210 vel
1419 3160 1511 3208 ad-

442 3236 652 3286 modum
695 3237 878 3287 tristis.
912 3238 928 3265 ‘
950 3238 1113 3286 Dicto
1155 3236 1347 3299 eitius,’
1380 3237 1417 3285 i.
1460 3249 1509 3284 e.

442 3312 712 3379 citissime,
769 3313 853 3363 vel
904 3310 1179 3362 admodum
1228 3313 1355 3369 cito,
1411 3313 1511 3361 &c-

444 3382 691 3435 Schwartz.

512 3458 721 3522 Curras]
776 3458 919 3509 Sella
973 3460 1192 3524 curulis,
1234 3463 1508 3515 consulum

441 3536 686 3598 propria;
719 3548 810 3585 seu
837 3549 1043 3598 currus,
1075 3552 1227 3602 quem
1262 3553 1506 3589 conscen-

439 3608 605 3660 debat
626 3617 842 3675 proetor,
863 3620 953 3662 aut
985 3614 1169 3662 consul
1202 3616 1508 3677 spectacula

440 3686 698 3745 editurus,
719 3689 1015 3752 triumphali
1040 3695 1188 3739 veste
1205 3690 1436 3754 indutus,
1450 3695 1508 3741 ut

442 3762 684 3826 opinatus
704 3770 787 3814 est
809 3765 1035 3829 Lipsius.
1069 3767 1290 3818 Potarol.

512 3839 722 3902 Currus]
754 3839 879 3903 Ipse
909 3856 1112 3904 currus,
1137 3856 1239 3891 non
1264 3842 1393 3891 sella
1418 3857 1506 3892 cu·

441 3916 589 3989 ralis.
652 3918 771 3967 Mos
795 3932 917 3968 vero
952 3919 1029 3968 sic
1063 3918 1257 3968 habet:
1292 3921 1507 3970 Circen-

441 4006 525 4042 ses
560 3994 686 4043 istos
721 4002 919 4057 praetor
953 4000 1045 4044 aut
1073 3996 1253 4046 consul
1278 3994 1509 4059 edebam

445 4078 606 4136 atque
628 4069 673 4118 is
696 4083 852 4119 curru
884 4070 1136 4131 sublimis,
1168 4079 1223 4120 et
1247 4073 1300 4120 in
1323 4071 1507 4125 babitu

444 4144 757 4208 triumphali.
788 4146 1032 4197 Juvenal.
1064 4147 1080 4176 ‘
1105 4144 1262 4205 Quid,
1284 4149 1327 4197 si
1351 4147 1507 4197 vidis·

444 4226 529 4269 set
565 4224 844 4284 praetorem
880 4223 933 4274 in
971 4223 1207 4276 curribus
1246 4223 1366 4276 altis
1400 4225 1507 4275 Ex-

1147 340 1365 391 NOTAE
1414 339 1823 390 vARloRUM
1874 342 1955 390 IN

1591 490 1836 542 stantem,
1861 491 1916 535 et
1948 482 2123 533 medio
2154 481 2425 532 sublimem
2454 480 2508 530 in
2548 480 2666 543 pul-

1591 576 1715 611 vere
1749 563 1896 619 circi,
1921 561 1983 611 In
2023 560 2201 611 tunica
2227 560 2396 623 sevis,
2419 565 2473 607 et
2498 557 2664 621 pictae

1587 638 1816 688 Sarrana
1846 637 2103 687 ferentem
2136 638 2217 686 Ex
2239 635 2469 685 humeris
2494 634 2667 683 aulaea

1588 720 1731 778 togae
1747 713 1783 764 θ’
1824 708 1910 765 'En
1935 720 2216 778 praetorem
2243 711 2336 762 tibi
2368 714 2386 743 ⁴
2406 713 2459 761 in
2484 725 2667 774 curru,

1589 790 1643 839 in
1686 793 1847 854 circo,
1887 792 1939 840 in
1975 797 2125 841 veste
2161 786 2447 853 triumphi.'
2513 787 2663 850 Sym-

1590 869 1756 917 mach.
1782 868 1950 931 Epist.
1985 881 2068 917 vt.
2087 871 2172 918 «ss.
2206 865 2378 914 ‘Illud
2405 869 2529 912 ante
2552 877 2667 912 om-

1589 944 1677 994 nia
1732 945 2101 1008 interpretatio
2156 943 2319 992 tristis
2386 939 2668 1001 horrescit,

1589 1021 1728 1086 quod
1768 1022 1928 1071 natali
1968 1020 2111 1070 urbis
2157 1017 2434 1068 suffectum
2472 1029 2663 1065 consu-

1586 1097 1708 1160 lem,
1741 1111 1943 1153 currus,
1965 1111 2066 1162 quo
2101 1095 2406 1158 vehebatur,
2439 1092 2665 1153 evolvit,

1589 1187 1686 1236 per
1728 1172 1978 1223 ferociam
2018 1173 2272 1237 bigarum,
2312 1185 2432 1235 quae
2476 1169 2665 1218 trium-

1589 1251 1745 1314 plmm
1772 1249 2067 1299 vehebant?
2106 1249 2272 1298 Tacit.
2295 1247 2490 1297 Annal.
2514 1260 2554 1296 1.
2579 1249 2665 1295 15.
2724 1304 2731 1310 ,

1589 1326 1655 1377 de
1703 1326 1925 1376 tribunis
1983 1325 2173 1390 plebis,
2215 1325 2302 1389 qui
2343 1322 2666 1386 Augustalia

1585 1403 1925 1460 celebraturi,
1957 1405 1973 1431 ‘
2003 1416 2159 1451 curru
2197 1401 2330 1463 vehi,
2363 1399 2507 1448 baud
2543 1413 2666 1462 per·

1587 1479 1802 1529 missum
1824 1478 1859 1526 :⁹
1890 1493 1956 1528 ne
1992 1479 2202 1528 scilicet
2236 1474 2539 1527 consulibus
2571 1479 2664 1522 aut

1588 1557 1903 1620 praetoribus
1927 1562 2277 1621 aequarentur.
2308 1551 2449 1601 Vide
2473 1565 2558 1600 me
2576 1550 2668 1602 ibi.

1588 1634 1771 1683 Possit
1793 1640 1968 1682 tamen
1989 1632 2144 1681 etiam
2161 1629 2476 1693 simpliciter
2493 1627 2666 1691 aptari

1587 1710 1653 1759 ad
1680 1710 1856 1768 ritum,
1889 1724 1990 1774 quo
2028 1708 2194 1772 primo
2218 1706 2304 1755 die
2326 1705 2572 1754 consules
2606 1703 2659 1750 in

1587 1800 1746 1837 curru
1770 1787 2097 1836 vehebantur
2121 1784 2385 1834 sublimes.
2453 1779 2665 1829 Cassio-

1589 1863 1704 1912 dor.
1727 1863 1895 1927 Epist.
1917 1875 1996 1912 ιι.
2017 1866 2097 1911 ll.
2128 1863 2145 1890 ‘
2165 1861 2338 1910 Celsos
2356 1871 2541 1906 currus
2561 1854 2667 1920 (sic

1589 1938 1896 2004 legendum)
1940 1939 2040 1989 nisi
2093 1936 2416 1988 confidentia
2470 1946 2667 1996 magna

1587 2031 1690 2067 non
1715 2016 1956 2082 appetit!
2022 2016 2093 2065 Et
2133 2028 2273 2075 mox,
2308 2011 2583 2073 &Respice
2611 2008 2667 2058 te

1587 2108 1746 2157 supra
1781 2093 2010 2143 omnium
2053 2090 2316 2144 humeros,
2361 2092 2523 2149 atque
2567 2098 2667 2133 ora
2724 2118 2740 2129 .

1588 2170 1807 2219 volitare
1829 2172 1860 2218 τ’
1904 2183 2021 2232 quae
2060 2165 2241 2233 emnia
2282 2163 2347 2212 ad
2393 2161 2667 2211 consulem

1588 2246 1914 2309 designatum
1930 2243 2243 2293 scribuntur.
2275 2239 2543 2289 Ammian.
2563 2250 2666 2285 xv.

1587 2327 1672 2373 34.
1726 2325 1743 2352 ‘
1765 2321 2013 2371 Adhibito
2038 2321 2090 2368 in
2113 2319 2424 2368 societatem
2457 2314 2664 2364 trabeae

1587 2397 1914 2448 Varroniano
1951 2395 2077 2452 filio,
2112 2392 2389 2444 admodum
2423 2392 2667 2454 parvulo,

1587 2474 1738 2538 cujus
1755 2473 1962 2537 vagitus
1978 2469 2314 2534 pertinaciter
2333 2467 2666 2522 reluctantis,

1588 2563 1655 2599 ne
1679 2549 1732 2598 in
1757 2547 1924 2598 curuli
1941 2547 2067 2596 sella
2086 2539 2384 2598 vehere‘tur,
2400 2557 2469 2592 ex
2487 2556 2665 2602 moreg

1587 2626 1643 2676 id
1664 2625 1819 2690 'quod
1853 2638 1973 2674 mox
2008 2621 2224 2677 accidit,
2269 2617 2666 2682 portendebat.’

1586 2702 1692 2752 Sed
1715 2701 1940 2751 fortasse
1963 2695 2381 2762 magis,novitius
2406 2695 2511 2745 iste
2533 2707 2667 2744 mos.

1653 2854 1876 2905 Secunda
1897 2851 2081 2916 omina]
2120 2850 2267 2900 Laeta
2290 2846 2391 2913 tibi
2406 2845 2662 2912 nobisque

1587 2929 1935 2994 precantium.
1969 2928 2123 2977 Idem.

1653 3007 1874 3063 Secunda
1894 3004 2075 3067 omina]
2099 3001 2162 3052 In
2179 3001 2312 3051 Mss.
2331 2998 2665 3065 quibusdam,

1587 3088 1646 3133 ut
1668 3085 1879 3133 Veneto
1918 3080 2169 3141 secundo,
2202 3092 2340 3140 meo,
2378 3077 2663 3133 Patavino,

1587 3167 1642 3209 et
1666 3160 1799 3210 libro
1821 3159 2093 3220 vossiano,
2119 3157 2247 3205 item
2274 3161 2330 3202 et
2363 3153 2417 3201 in
2440 3153 2666 3215 impres-

1586 3237 1655 3285 sis
1694 3234 1960 3290 Beroaldi,
2001 3231 2259 3293 Catanaei,
2297 3226 2562 3291 Sichardi,
2605 3233 2667 3277 et

1586 3310 1836 3374 Puteani,
1867 3323 1973 3360 non
2007 3308 2182 3364 omina,
2215 3306 2308 3356 sed
2341 3304 2503 3355 omnia
2534 3304 2668 3368 iegi-

1586 3402 1729 3450 mus3
1767 3402 1948 3437 verum
1978 3385 2231 3436 facillima
2263 3390 2318 3434 et
2340 3382 2665 3447 frequentis-

1585 3466 1718 3514 sima
1741 3464 1844 3514 fuit
1867 3464 1969 3515 ista
1987 3464 2171 3512 harum
2200 3474 2380 3517 vocum
2396 3458 2662 3519 confusio,

1585 3541 1740 3605 cujus
1764 3539 2007 3603 exempla
2029 3539 2134 3602 jam
2174 3536 2451 3587 annotavit
2487 3538 2661 3586 Drac-

1583 3617 1934 3667 kenborchins
1962 3615 2027 3665 ad
2064 3614 2155 3663 Sil.
2180 3627 2264 3663 rx.
2288 3617 2340 3662 4.
2373 3613 2460 3662 ‘Si
2484 3611 2663 3662 fausta

1584 3688 1764 3744 fore‘nt
1806 3698 1862 3741 et
1903 3704 2156 3755 prospera
2192 3703 2380 3753 pugnae
2417 3687 2614 3737 Omina
2629 3687 2665 3749 ς’

1584 3769 1675 3819 ubi
1696 3769 1894 3832 aliquot
1914 3766 2036 3817 libri
2067 3765 2223 3816 etiam
2247 3764 2543 3814 habuerunt
2561 3777 2662 3812 om·

1581 3847 1683 3895 nia.
1713 3844 1978 3894 Schwarz.

1659 3921 1916 3984 Vehemur]
1947 3916 2168 3968 Plurimi
2191 3913 2306 3966 fere
2331 3912 2451 3963 libri
2475 3913 2660 3964 excusi

1582 3994 1713 4046 huic'
1726 3995 1883 4046 verbo
1910 4002 2221 4060 praeponunt
2239 3991 2501 4055 copulam,
2514 3995 2565 4040 et
2579 4005 2659 4040 ee-

1582 4073 1748 4122 hemur
1774 4074 1975 4135 alacres,
2008 4075 2057 4121 et
2091 4070 2282 4131 incerti,
2313 4082 2469 4133 quam
2493 4081 2658 4130 copu-

1582 4150 1685 4217 lam
1721 4163 1890 4214 neque
1932 4153 2155 4213 quatuor
2178 4142 2427 4194 Vaticani
2467 4155 2657 4206 agnos-

1583 4231 1726 4283 cunt,
1783 4237 1952 4290 neque
2006 4221 2162 4274 ambo
2217 4219 2428 4277 Veneti,
2482 4231 2656 4286 neque
