3017 4942
501 381 635 450 662

504 544 670 595 tranei
696 543 916 595 heredes
939 542 1224 595 videntur.'
1287 544 1375 605 Sic
1402 542 1497 594 filii
1519 557 1575 593 e-

503 622 811 685 mancipati,
845 621 921 671 sic
952 621 1046 671 filii
1089 622 1277 672 civium
1323 636 1575 673 novorum

503 696 876 762 Romanorum,
896 699 940 748 si
972 713 1074 749 non
1109 699 1260 750 simul
1282 714 1399 750 curn
1424 706 1573 764 patre

496 775 588 839 jus
612 775 842 826 civitatis
866 783 920 824 et
941 776 1272 840 cognationis
1295 775 1574 840 impetras-

504 860 640 914 sent,
664 852 992 903 habebantur
1013 854 1030 883 ‘
1054 852 1330 902 extranei?
1366 853 1457 904 Sic
1482 867 1576 916 pa·

503 936 678 980 rentes
716 930 873 980 etiam
920 930 1318 980 aestimabantur
1354 930 1371 959 ‘
1396 937 1575 980 extra-

502 1003 629 1068 nei,’
652 1020 870 1071 quorum
888 1005 980 1056 tilii
1004 1005 1211 1071 quidem
1226 1006 1315 1069 jus
1338 1005 1573 1056 civitatis

504 1079 749 1132 Romanae
770 1084 1037 1132 consecuti
1059 1090 1256 1144 essent,
1273 1079 1378 1145 ipsi
1396 1089 1573 1133 autem

501 1166 750 1224 parentes
772 1173 832 1209 eo
856 1166 1114 1210 carerent.
1147 1160 1391 1210 Schmun.

568 1237 704 1287 cn».
756 1249 1012 1288 xxxvur.
1076 1237 1321 1300 Optimam
1374 1238 1571 1302 adopto·

503 1311 663 1375 turus]
718 1312 920 1362 Rursus
973 1313 1270 1376 exemplum
1316 1310 1573 1375 videmus,

504 1403 660 1453 quam
693 1390 824 1440 miro
862 1389 1100 1444 codicum
1143 1390 1275 1440 Mss.
1316 1402 1570 1440 consensu

502 1467 807 1530 corruptela
828 1466 1048 1530 alicujus
1073 1465 1173 1515 loci
1196 1464 1357 1516 fuerit
1382 1480 1570 1530 propa·

500 1550 655 1608 gata:
693 1542 748 1593 iu
791 1543 1060 1593 Vaticanis
1102 1541 1239 1592 enim
1282 1541 1571 1603 codicibus,

501 1619 808 1685 Parisiensi,
829 1621 1055 1683 Veneto,
1079 1616 1392 1686 Guelphico,
1409 1622 1571 1673 Salis-

499 1694 769 1759 burgeusi,
791 1703 847 1747 et
871 1712 1005 1758 meo,
1031 1697 1185 1746 immo
1206 1697 1363 1747 etiam
1400 1698 1570 1750 adhuc

499 1770 551 1821 in
588 1772 868 1822 Puteolani
896 1780 952 1824 et
988 1773 1233 1823 Beroaldi
1257 1775 1571 1839 exemplari·

499 1846 597 1896 bus
631 1849 911 1911 impressis,
943 1848 1275 1900 desideratur
1316 1866 1417 1901 vox
1449 1853 1570 1916 opti-

498 1938 646 1981 mum,
689 1940 841 1989 quam
863 1925 1074 1990 primns
1106 1927 1376 1991 evulgavit
1410 1928 1573 1979 Cata-

496 2015 665 2052 naeus.
730 2004 837 2051 Per
869 2003 1004 2053 bunc
1035 2003 1265 2065 optimam
1285 2010 1457 2056 autem
1481 2006 1573 2056 de.

408 2125 412 2129 .
498 2079 733 2142 signatur
749 2079 1018 2143 Trajanus.
1051 2080 1202 2131 Idem.

564 2154 819 2204 Delibasse
838 2155 1076 2219 quoedum]
1110 2155 1332 2206 Plurimi
1353 2156 1571 2208 codices

499 2229 633 2281 Mss.
676 2231 871 2282 babent
901 2231 1201 2282 deliberasse.
1271 2231 1449 2297 Atque
1492 2234 1570 2284 ita

498 2306 614 2356 brec
653 2306 758 2356 duo
805 2307 966 2357 verba
1005 2322 1037 2356 a
1084 2308 1298 2359 rudibus
1341 2310 1569 2361 librariis

498 2382 686 2434 crebro
719 2383 935 2436 confusa
969 2400 1102 2443 esse,
1137 2387 1312 2437 multis
1347 2388 1568 2441 aliorum

497 2462 812 2526 scriptorum
866 2464 1120 2527 exemplis
1171 2464 1344 2515 allatis
1408 2466 1568 2517 docet

500 2538 831 2591 Arntzenius.
895 2540 1172 2592 Delibasset
1215 2542 1569 2606 procuderant

498 2616 840 2674 Puteolanus,
877 2618 1179 2680 Catanaeus‚
1215 2617 1405 2682 Aldus,
1441 2621 1567 2671 Phi·

498 2693 743 2743 lomusus.
812 2694 966 2749 Quod
1023 2704 1291 2761 utcunque
1349 2698 1568 2748 tolerari

498 2770 694 2833 possit;
730 2771 925 2821 rectius
965 2777 1139 2822 tamen
1172 2773 1423 2836 recipitur
1450 2773 1596 2824 ina..

497 2846 692 2897 nitivus
706 2847 956 2912 delibasse,
973 2863 1125 2912 quem
1129 2849 1241 2913 jam
1253 2852 1567 2916 evulgarunt

498 2924 804 2990 Beroaldus,
859 2926 1240 2991 cuspinianus,
1293 2929 1565 2994 ceterique

499 2999 750 3065 editores,
781 3008 841 3051 ut
860 3001 1119 3054 referatur
1149 3003 1213 3053 ad
1250 3018 1431 3058 vocem
1455 3020 1566 3056 ooa-

497 3080 676 3132 teatus,
702 3085 758 3127 et
781 3079 1128 3142 conjungatur
1160 3093 1277 3129 eum
1308 3080 1567 3133 infinitivo

496 3154 861 3205 denumerem.
923 3155 1103 3207 Verba
1125 3163 1300 3208 autem
1329 3159 1345 3186 ‘
1368 3158 1533 3208 libare
1551 3156 1568 3183 ’

499 3238 557 3281 et
577 3233 597 3260 ‘
623 3232 855 3282 delibare
879 3232 897 3256 ³
921 3236 1130 3299 proprie
1153 3243 1358 3301 notant,
1380 3237 1567 3288 leviter

499 3307 798 3373 degustare,
817 3318 872 3361 et
894 3310 1049 3376 quasi
1074 3313 1160 3363 vix
1194 3313 1374 3378 primis
1410 3313 1567 3366 labris

499 3386 778 3449 attingere.
845 3389 1130 3438 Petronius
1173 3404 1225 3439 c.
1266 3393 1347 3439 86.
1391 3390 1407 3419 ‘
1432 3390 1566 3440 Tum

496 3462 584 3511 illa
617 3463 787 3512 carnis
828 3462 981 3513 etiam
1018 3465 1295 3528 paullulum
1325 3465 1566 3516 delibat.’

496 3537 704 3588 Deinde
746 3540 1014 3605 eleganter
1058 3541 1453 3593 transferuntur
1496 3543 1565 3594 ad

494 3616 779 3667 notandum
850 3619 1139 3684 parciorem
1208 3622 1566 3685 cujuscunque

497 3693 574 3741 rei
608 3708 755 3743 usum
781 3701 836 3745 et
859 3697 1296 3760 experimentum.
1362 3699 1474 3750 Cic.
1497 3700 1566 3749 de

499 3770 653 3819 Orat.
674 3783 715 3821 1.
740 3773 822 3823 34.
850 3773 867 3802 ‘
891 3773 1158 3824 Libandus
1181 3776 1342 3825 etiam
1367 3790 1433 3825 ex
1457 3791 1565 3826 om·

496 3846 552 3895 ni
575 3862 769 3909 genere
791 3849 1106 3901 urbanitatis
1141 3853 1348 3916 quidam
1382 3853 1571 3916 lepos.'

497 3921 700 3972 Plinius
723 3924 879 3983 iufra,
909 3940 1022 3977 mv.
1042 3931 1094 3978 8.
1119 3928 1274 3989 dixit,
1299 3935 1314 3959 ⁸
1339 3929 1564 3979 honores

499 3996 730 4049 delibare
753 4003 1093 4065 parcissime!
1151 4006 1326 4070 Atque
1346 4005 1423 4056 ita
1446 4021 1566 4070 pas·

499 4075 595 4124 sim
624 4090 719 4139 pro
745 4079 932 4129 leviter
953 4082 1233 4147 attingere,
1255 4082 1568 4151 decerpere,

499 4157 557 4201 et
602 4154 748 4217 quasi
789 4154 1001 4206 libando
1053 4158 1304 4218 minuere,
1350 4161 1565 4212 dicitur.

440 4259 457 4272 .
501 4228 615 4278 Cic.
635 4244 731 4294 pro
761 4233 909 4283 Sext.
929 4248 979 4284 c.
997 4238 1082 4285 ⁶6.
1115 4236 1133 4265 ⁶
1156 4236 1232 4286 Ut
1256 4252 1435 4288 omnes
1469 4253 1564 4288 un·

378 4341 387 4352 .,
414 4283 658 4374 {indique
698 4305 939 4361 flosculos
982 4323 1192 4378 carpam
1234 4319 1393 4381 atque
1435 4314 1569 4370 deli·

360 4399 389 4410 Ἃ

1197 400 1420 450 ΝΟΤΕ
1468 398 1568 448 VA
1581 397 1881 450 monum
1930 399 2013 449 m

1647 542 1804 594 bem.'
1869 542 2082 595 Servius
2104 542 2171 594 ad
2197 541 2382 608 Virgil.
2402 539 2522 594 AEn.
2537 555 2579 594 ι.
2598 544 2716 593 256.

1646 620 1664 649 ⁶
1689 619 1888 670 Oscula
1932 620 2121 672 libavit
2173 619 2348 683 nata·‚'
2389 621 2598 684 leviter,
2642 621 2716 670 in·

1646 697 1780 763 quit,
1805 697 2000 760 tetigit.
2033 697 2189 748 Ideni.
2671 743 2676 750 .

1711 772 2003 823 Liberalitas
2022 778 2108 822 tae
2124 773 2396 837 adduxit]
2431 772 2722 833 Adstrinxit,

1648 851 1687 903 i.
1709 866 1758 901 e.
1781 851 1998 915 adjecit,
2022 850 2246 902 addidit.
2310 851 2444 900 Vide
2468 864 2629 914 supra
2651 849 2718 900 ad

1646 942 1827 980 xxxv.
1864 933 1916 979 4.
1980 930 2163 980 Utitur
2204 942 2323 979 vero
2363 927 2584 988 Plinius,
2621 940 2720 991 per

1647 1006 1907 1072 quandam
1935 1008 2231 1071 enallageu,
2250 1005 2520 1055 abstracto
2543 1004 2721 1054 libera·

1646 1085 1792 1134 litas.-
1836 1084 1921 1134 ubi
1956 1084 2135 1135 dicere
2171 1082 2451 1146 potuisset,
2485 1078 2718 1135 ‘Statim

1647 1175 1774 1227 ergo
1795 1162 1997 1211 muneri
2022 1160 2137 1225 ejus
2162 1158 2454 1208 liberaliter
2468 1155 2720 1206 adstrux-

1646 1236 1770 1287 iati.’
1792 1238 1878 1287 Ita
1895 1245 1948 1287 et
1964 1236 2087 1286 alibi
2101 1250 2171 1292 ere
2180 1234 2295 1299 pius
2309 1233 2575 1298 loquitur3
2599 1246 2651 1283 v.
2666 1247 2723 1296 g.

1647 1329 1789 1376 mox,
1822 1315 1873 1365 in
1908 1316 2005 1365 boc
2050 1313 2244 1377 capite,
2278 1320 2294 1344 ⁸
2320 1312 2492 1362 Nemo
2529 1323 2720 1360 recen·

1648 1396 1751 1441 tem
1772 1399 1827 1441 et
1863 1391 2137 1442 attonitam
2173 1390 2451 1440 orbitatem
2482 1386 2550 1435 ad
2573 1401 2721 1437 com-

1647 1468 1968 1532 putationem
1991 1464 2181 1519 vocet!
2222 1465 2392 1530 Epist.
2412 1478 2470 1514 x.
2496 1467 2546 1513 1.
2565 1470 2582 1493 ‘
2598 1463 2720 1513 Tua

1648 1545 1856 1609 quidem
1891 1544 2059 1609 pietas
2082 1576 2098 1593 .
2119 1575 2134 1589 .
2157 1575 2172 1591 .
2192 1539 2512 1606 optaverat?
2576 1540 2721 1592 Item

1647 1621 1821 1685 Epist.
1865 1635 1923 1672 x.
1965 1625 2023 1672 8.·
2059 1626 2073 1649 ⁴
2109 1618 2450 1681 Indulgentia
2496 1623 2590 1666 tna
2634 1630 2721 1668 me

1643 1696 1925 1748 hortatur.’
2007 1696 2215 1746 Praeter
2263 1694 2409 1756 alios,
2455 1692 2722 1752 Phaedrus

1646 1789 1763 1826 cum
1809 1774 1988 1839 primis
2044 1771 2325 1823 abstractis
2363 1769 2557 1821 crebro
2593 1783 2721 1820 usus

1647 1859 1748 1913 est,
1785 1859 1843 1902 ut
1873 1852 2137 1901 sententia
2175 1849 2408 1913 apertior
2445 1846 2725 1912 grandior·

1647 1942 1748 1994 que
1791 1933 1964 1991 esset3
2016 1927 2252 1990 adeoque
2273 1958 2279 1963 -
2303 1924 2503 1986 vitium,
2550 1923 2724 1974 virtu-

1649 2013 1823 2055 temve
1836 2005 2077 2070 aliquam,
2092 2010 2184 2053 aut
2200 1999 2522 2053 affectionem
2539 2001 2724 2065 cujus·

1648 2082 1806 2146 piam,
1830 2097 1925 2146 pro
1950 2083 2061 2146 ipso
2077 2081 2301 2145 bomine,
2324 2088 2416 2130 aut
2436 2079 2724 2134 animante,

1644 2160 1825 2224 pouit3
1859 2174 1973 2223 mg.
2000 2158 2127 2208 Fab.
2153 2161 2256 2208 1.4.
2290 2163 2304 2186 ⁴
2331 2157 2450 2207 Nec
2472 2156 2612 2206 banc
2636 2169 2723 2205 ree

1645 2237 1847 2301 pulsam
1876 2243 1967 2287 tua
1990 2237 2212 2288 sentiret
2232 2230 2540 2286 calamitas!
2597 2246 2642 2284 ι.
2666 2238 2720 2284 6.

1640 2312 1657 2341 ‘
1680 2313 1875 2363 Verum
1899 2311 2125 2376 decepta
2147 2310 2410 2365 aviditas.⁸
2436 2325 2481 2359 1.
2504 2312 2557 2359 6.
2580 2316 2597 2338 ⁴
2618 2309 2719 2378 Sic

1643 2395 1806 2440 totam
1832 2388 2060 2451 praedam
2077 2387 2187 2438 sola
2204 2386 2514 2452 improbitas
2537 2386 2721 2436 abstu-

1642 2465 1738 2517 lit:
1793 2480 1856 2517 ιι.
1877 2471 1929 2516 6.
1965 2472 1980 2495 ‘
2002 2465 2156 2516 Tune
2177 2465 2252 2514 sic
2265 2464 2449 2528 jocata
2468 2470 2554 2514 est
2580 2463 2720 2514 tanti

1642 2544 1884 2609 majestas
1918 2540 2096 2592 ducis.’
2164 2538 2249 2591 Cf.
2273 2541 2458 2590 Barth.
2479 2538 2719 2592 Advers.

1642 2634 1739 2671 ul.
1761 2625 1811 2670 8.
1878 2620 2144 2680 Ceterum,
2165 2618 2217 2667 in
2245 2617 2345 2667 hac
2368 2617 2636 2682 particula
2658 2615 2722 2665 li.

1644 2696 1936 2748 beralitatis
1978 2693 2189 2758 Trajani
2234 2692 2576 2757 praedieauda
2608 2691 2721 2746 Plis-

1641 2775 1758 2824 nius
1825 2771 1938 2823 fere
1996 2771 2186 2822 nimius
2252 2768 2415 2820 fuisse
2482 2770 2720 2822 videtur.

1640 2850 1966 2904 Quantillurn
2002 2847 2139 2898 enim
2179 2844 2417 2896 beneficii
2452 2846 2719 2911 'trajanus

1642 2928 1868 2979 contulit
1889 2927 1943 2976 in
1979 2925 2226 2989 populum
2250 2925 2566 2986 Romanum,
2597 2937 2718 2978 cum

1641 3004 1938 3066 constituit,
1960 3009 2021 3054 ut
2044 3003 2097 3052 in
2119 3001 2416 3052 hereditate
2438 3000 2533 3051 filii
2560 3008 2718 3065 pater

1642 3083 1884 3133 immunis
1915 3087 2056 3131 esset
2089 3095 2121 3130 a
2152 3079 2396 3131 vicesima
2426 3078 2717 3141 solvenda3

1642 3175 1760 3211 cum
1784 3165 1910 3209 ante
1932 3172 2051 3208 eum
2076 3156 2185 3220 jam
2223 3156 2408 3207 Nerva
2428 3154 2719 3216 sanxisset,

1642 3245 1704 3287 nt
1744 3234 1880 3285 filius
1927 3235 1978 3284 in
2030 3232 2328 3284 hereditate
2374 3237 2718 3296 paternorum

1642 3312 1895 3363 bonorum
1919 3308 2187 3360 frueretur
2216 3307 2580 3358 immunitate?
2647 3307 2718 3357 E·

1643 3388 1854 3455 quidem
1893 3384 2073 3437 videas
2116 3384 2392 3451 quotannis
2434 3389 2518 3434 tot
2553 3383 2719 3437 facile

1641 3464 1885 3528 filiorum,
1900 3473 2027 3529 quot
2049 3471 2273 3527 patrum,
2289 3460 2478 3512 funera
2501 3459 2682 3512 efferri
2699 3477 2713 3508 z

1642 3549 1697 3595 at
1718 3543 1885 3592 rarius
1905 3543 1958 3594 in
1973 3540 2449 3600 adolescentia‚aut
2461 3538 2719 3603 juventu·

1646 3625 1720 3682 te,
1759 3619 2053 3669 moriuntur
2079 3616 2194 3679 filii,
2221 3617 2311 3681 qui
2339 3617 2453 3680 jam
2497 3615 2716 3681 propria

1644 3695 1919 3746 habuerint
1944 3694 2096 3757 bona,
2119 3708 2235 3758 quas
2261 3692 2625 3743 transmittant
2649 3687 2716 3739 ad

1645 3777 1879 3838 patrem;
1917 3772 2081 3821 rarius
2114 3771 2271 3819 etiam
2310 3767 2362 3817 in
2387 3766 2526 3818 virili
2549 3772 2715 3821 atate

1644 3866 1674 3901 e
1696 3851 1807 3901 vita
1827 3849 2092 3900 decedunt
2112 3845 2228 3908 tilii,
2243 3844 2331 3909 qui
2352 3858 2457 3893 uon
2474 3844 2589 3908 jam
2609 3859 2716 3895 ma.

1644 3929 1751 3986 riti,
1776 3928 1879 3992 ipsi
1900 3941 2020 3977 suos
2037 3925 2333 3988 relinquant
2361 3922 2577 3973 liberos.
2643 3923 2714 3982 Et

1641 4007 1758 4057 baeo
1777 4004 1915 4055 forte
1950 4015 2139 4055 caussa
2169 3999 2291 4062 fuit,
2315 4006 2536 4064 propter
2560 4013 2713 4064 quam

1644 4083 1825 4134 Nerva
1867 4096 1969 4132 uon
2014 4078 2236 4129 eandem
2281 4078 2711 4131 constitutionem

1642 4175 1750 4212 suae
1774 4157 2037 4224 adjecerit
2065 4155 2390 4208 liberalitati.
2457 4156 2636 4209 Recte
2657 4170 2711 4206 e·

1641 4240 1748 4290 nim
1783 4237 1992 4302 Lipsius
2010 4254 2026 4287 e
2060 4243 2077 4267 ‘
2103 4234 2321 4293 Nerva?
2354 4236 2548 4303 inquit,
2578 4238 2596 4266 ⁸
2621 4250 2710 4292 naq

1641 4324 1776 4369 turm
1814 4314 2049 4367 ordinem
2078 4311 2230 4381 vidit,
2259 4321 2584 4381 secutusque
2618 4318 2711 4377 est,
