3017 4942
528 389 667 456 674
1234 405 1450 456 »ποτε

600 549 692 600 Sui
732 547 1070 614 parentumque
1097 545 1349 612 peniteat]
1381 548 1597 599 Scilicet

531 628 707 693 potuit
731 628 871 678 cives
890 627 986 677 sub
1001 636 1221 692 tyranno
1238 628 1473 677 viventes
1487 643 1594 692 poe-

532 707 704 755 nitere
722 713 1041 769 posterorum
1065 720 1292 767 suorum,
1312 721 1439 770 quos
1457 721 1595 770 mag-

532 782 613 831 nis
650 781 857 846 quidem
897 782 1033 831 curis
1067 781 1427 847 laboribusque
1465 783 1593 832 edu-

531 861 795 922 caverint3
816 875 952 909 nunc
976 875 1100 911 vero
1120 860 1375 918 viderent,
1392 861 1593 924 rapaci-

531 938 653 1001 tati,
670 943 726 987 et
745 936 1064 1000 crudelitati,
1089 936 1389 1003 libidinique
1414 944 1592 1000 tyran·

530 1014 605 1071 ni,
644 1015 945 1078 expositos3
981 1012 1312 1077 inprimis,.si
1349 1020 1593 1076 parentes

528 1088 630 1153 ipsi
670 1089 938 1153 suppliciis
967 1087 1188 1138 filiorum
1218 1088 1473 1138 interesse
1503 1103 1591 1138 co-

531 1174 781 1228 gerentur
803 1181 817 1215 ε
851 1164 990 1230 quod
1013 1163 1209 1215 facturn
1234 1173 1316 1215 est
1339 1166 1592 1228 Caligulae

529 1243 866 1307 temporibus,
889 1248 1026 1292 teste
1047 1243 1262 1293 Sueten.
1292 1241 1455 1306 Calig.
1472 1256 1589 1306 cap.

527 1323 611 1370 2⁷.
657 1319 927 1370 Poenitcre
950 1332 1038 1368 eos
1064 1318 1233 1381 potuit
1255 1317 1271 1346 ‘
1288 1318 1365 1367 sui
1382 1316 1416 1378 ς’
1448 1318 1587 1382 quod

524 1411 581 1448 se
603 1396 858 1447 servarint
887 1403 993 1446 tam
1016 1395 1155 1445 duris
1179 1394 1589 1458 periculosisque

526 1474 869 1537 temporibus,
921 1477 981 1521 ut
1027 1470 1287 1520 servirent
1332 1471 1586 1521 voluntati

524 1550 752 1613 tyranni,
784 1562 883 1598 nec
917 1562 1024 1598 suae
1054 1547 1262 1597 virtutis
1287 1546 1426 1595 aliud
1451 1561 1588 1610 prae-

523 1626 702 1683 mium,
738 1640 889 1690 quam
926 1624 1230 1688 cruciatum,
1266 1623 1503 1683 exitium,
1531 1629 1588 1674 et

522 1710 762 1761 mortem,
778 1718 806 1753 a
827 1712 1048 1767 tyranno
1067 1708 1430 1765 expectarent.
1464 1701 1587 1751 Ρω-

519 1780 688 1830 nitere
722 1780 949 1843 denique
986 1777 1194 1828 eosdem
1231 1778 1390 1827 etiam
1412 1778 1586 1842 potuit

519 1859 536 1887 ι
550 1862 825 1922 parentum
843 1855 877 1917 ;’
900 1856 1035 1922 quod
1061 1855 1128 1904 ab
1151 1854 1230 1904 bis
1253 1856 1363 1905 nati
1389 1861 1585 1919 esseut,
1663 1892 1678 1909 .
1702 1892 1718 1909 .
1740 1893 1755 1909 .

519 1950 552 1983 a
577 1933 784 1999 quibus,
807 1947 901 1995 per
923 1932 1175 1982 saevitiam
1202 1931 1475 1995 principis,
1500 1935 1583 1983 vel

516 2013 721 2072 occisis,
743 2012 826 2060 vel
845 2008 1168 2073 exspoliatis,
1187 2022 1288 2058 non
1307 2009 1434 2057 satis
1458 2008 1582 2058 edu·

517 2090 647 2153 cari,
668 2102 766 2137 nec
797 2087 1024 2151 aliquam
1055 2084 1401 2136 hereditatem
1425 2100 1582 2150 cape·

518 2181 595 2223 re,
620 2167 901 2230 potuerint.
937 2166 1090 2215 Idem.

591 2246 661 2294 Ut
677 2245 902 2305 serarum
926 2245 1096 2309 catuli]
1139 2244 1207 2294 Ut
1223 2244 1407 2303 ferurii
1435 2213 1586 2295 catuli

517 2322 824 2373 Grut.1ta
848 2324 1054 2388 quidem
1082 2323 1263 2385 editio,
1286 2338 1438 2388 qnam
1465 2339 1582 2388 pro-

515 2400 718 2450 curavit
735 2400 883 2450 nobis
901 2401 1127 2465 optimus
1146 2400 1436 2461 Livineius3
1468 2400 1583 2462 sed,

513 2493 632 2529 cum
656 2478 812 2529 abeat
834 2479 991 2530 verbo
1016 2494 1117 2528 uno
1140 2495 1171 2528 a
1192 2479 1455 2543 scriptura
1478 2482 1583 2530 vul-

513 2569 654 2623 gata,
673 2574 840 2624 neque
865 2559 1017 2609 ullius
1042 2558 1340 2607 mutationis
1362 2557 1581 2607 mentio-

511 2653 633 2688 nem
652 2638 811 2689 faciat
832 2639 884 2688 in
907 2639 1047 2688 notis
1069 2637 1193 2701 suis,
1217 2637 1469 2700 suspicari
1493 2651 1580 2687 co-

510 2729 622 2779 gor,
637 2714 759 2764 illud
767 2715 950 2775 ferars‘i
966 2729 1077 2764 esse
1098 2728 1372 2777 operarum
1394 2728 1579 2777 pecca-

511 2796 640 2848 tum,
666 2791 1123 2856 reponendumque
1136 2788 1375 2850 ferarum.
1406 2789 1560 2839 Grut.

575 2870 807 2919 Ferarum
840 2868 1012 2931 catuli]
1048 2868 1268 2929 Navius,
1303 2867 1580 2931 Livineius,

2313 317 2352 342 Ἴ

1504 404 1912 456 vAmonUM
1966 405 2050 457 11(

1672 548 2001 607 beneficium,
2020 549 2063 599 si
2085 547 2238 600 liberi
2259 549 2464 613 civium,
2483 551 2746 615 sanguine*

1668 634 1725 678 et
1746 627 1997 688 caedibus,
2016 628 2067 677 b.
2087 642 2135 679 e.
2164 628 2312 679 bonis
2335 631 2618 679 occisorum
2643 630 2737 679 ali·

1669 718 1815 755 orum
1836 705 2045 768 civium,
2068 705 2393 755 nutriantur!
2428 705 2673 756 Scamm-

1734 780 1934 830 Nemini
1970 786 2043 831 εει
2079 780 2316 845 ereptum]
2356 782 2467 831 Cic.
2504 780 2659 831 Offic.
2693 795 2737 831 ι.

1670 860 1750 906 14.
1773 858 1858 907 ubi
1878 858 1985 921 agit
2005 857 2074 908 de
2098 856 2441 907 beneficentia
2460 872 2524 906 ac
2547 857 2740 907 libera-

1665 935 1835 998 litate,
1857 936 2060 998 multas,
2079 949 2273 1000 easque
2297 937 2594 999 preclaras,
2615 950 2740 999 quaa

1664 1011 1764 1061 huc
1787 1021 2052 1075 spectant,
2069 1011 2356 1061 sententias
2375 1009 2557 1072 affert:
2597 1020 2613 1042 ‘
2627 1013 2737 1065 Qui

1667 1089 1780 1138 aliis
1818 1088 2046 1146 nocent,'
2082 1088 2270 1153 inquit,
2304 1089 2395 1138 ‘ut
2425 1089 2477 1137 in
2508 1090 2639 1138 alios
2677 1090 2738 1139 li·-

1666 1165 1869 1216 berales
1890 1168 2012 1231 siut,
2031 1166 2083 1215 in
2107 1166 2289 1215 eadem
2314 1170 2435 1215 sunt
2458 1165 2741 1229 injustitia,

1665 1252 1734 1292 ut
1755 1244 1797 1292 si
1831 1245 1882 1293 in
1906 1258 2050 1294 suam
2075 1258 2186 1294 rem
2211 1243 2382 1293 aliena
2402 1250 2736 1302 convertant.

1664 1320 1798 1370 Sunt
1830 1327 2003 1371 autem
2038 1319 2202 1377 multi,
2227 1329 2283 1369 et
2312 1318 2521 1385 quidem
2556 1320 2737 1382 cupidi

1663 1398 1954 1459 splendoris
2006 1405 2063 1448 et
2118 1398 2315 1461 gion-im,
2364 1396 2452 1460 qui
2471 1433 2480 1448 ,
2500 1396 2739 1459 eripiunt

1660 1473 1789 1536 aliis,
1812 1473 1951 1539 quod
1971 1474 2086 1523 aliis
2109 1475 2414 1537 largiantur.
2441 1506 2456 1522 .
2475 1502 2490 1519 .
2514 1504 2529 1520 .
2552 1473 2737 1525 Quare

1663 1552 1725 1601 L.
1747 1552 1925 1617 Sulloe,
1948 1559 2005 1603 et
2035 1553 2096 1604 C.
2123 1551 2365 1608 Caesaris,
2392 1550 2735 1615 pecuniarum

1661 1629 1926 1679 translatio
1951 1644 1982 1678 a
2002 1628 2161 1692 justis
2197 1628 2419 1680 dominis
2441 1627 2506 1677 ad
2533 1628 2734 1692 alienos

1661 1718 1763 1755 non
1795 1703 1957 1755 debet
1978 1698 2217 1755 -liberalis
2250 1704 2449 1754 videri:
2485 1703 2617 1752 nihil
2653 1710 2738 1753 est

1659 1784 1796 1833 enim
1818 1778 2052 1845 liberale,
2068 1782 2207 1849 quod
2232 1797 2334 1832 nou
2355 1782 2492 1831 idem
2506 1782 2732 1846 justum.

1791 1861 1937 1911 Inest
1974 1861 2240 1911 autem'iu
2274 1860 2372 1909 tali
2408 1859 2732 1909 liberalitate

1658 1938 1921 2001 cupiditas
1951 1940 2257 2003 plerumque
2285 1935 2539 2001 rapiendi,
2562 1943 2621 1985 et
2644 1951 2734 1985 au·

1658 2013 1883 2073 ferendi,
1908 2030 2004 2080 per
2037 2016 2299 2080 iujuriam,
2322 2022 2379 2064 ut
2403 2014 2471 2063 ad
2502 2013 2734 2077 largien-

1658 2091 1779 2142 dum
1799 2100 2083 2158 suppetant
2103 2089 2306 2155 copiae.’
2353 2090 2490 2140 Haec
2507 2091 2623 2139 loca
2638 2089 2733 2140 eti·

1659 2184 1740 2219 arn
1768 2171 2126 2233 Berneggerus
2140 2168 2249 2232 jam
2275 2165 2549 2217 excitavit.
2601 2166 2731 2215 Cre·

1657 2246 1771 2309 das,
1788 2248 1965 2297 Latin.
1975 2248 2233 2297 Pacatum
2246 2243 2483 2293 habuisse
2500 2241 2728 2294 Plinium

1655 2323 1708 2373 in
1747 2324 2001 2379 manibus,
2041 2337 2179 2385 cum,
2221 2333 2412 2370 xxvu.
2448 2321 2495 2369 1.
2537 2317 2732 2368 similia

1656 2399 1943 2449 scriberetz
1978 2401 1994 2448 ‘.
2020 2395 2503 2460 Estsirnproborum
2535 2394 2729 2458 princi-

1654 2490 1775 2541 pum
1781 2475 1816 2541 ,’
1837 2475 2025 2541 inquit,
2041 2478 2060 2509 ἕ
2076 2475 2344 2537 postrema.
2363 2468 2626 2528 defensio,
2639 2485 2728 2519 au-

1652 2551 1790 2603 ferre
1809 2549 2350 2614 vdonandifgratiuset
2372 2546 2621 2597 invidiam
2648 2561 2726 2597 ra.-

1654 2628 1891 2693 pinarum
1930 2625 2289 2691 magnitudine
2329 2636 2600 2673 munerum
2636 2622 2730 2673 de-

1653 2704 1898 2770 precari.'
1927 2704 2081 2754 Idem.
2715 2735 2720 2742 .

1662 2819 1668 2828 .
1720 2781 1979 2845 Ereptum]
2013 2788 2030 2811 ⁴
2055 2779 2157 2832 Qui
2191 2778 2311 2838 aliis
2342 2782 2557 2838 nocent,
2578 2781 2639 2826 ut
2672 2776 2726 2825 in

1653 2859 1781 2910 alios
1802 2859 2043 2909 liberales
2074 2855 2274 2919 sint,‘iu
2296 2854 2481 2905 eadem
2504 2862 2626 2903 sunt
2650 2854 2725 2902 in·

508 2950 563 2994 et
612 2945 934 2995 Parisienses
980 2959 1064 2993 au.
1105 2947 1255 2993 1643.
1296 2944 1577 2993 ediderunt
1643 2938 1874 3002 justitia,
1893 2945 1949 2987 ut
1971 2936 2013 2987 si
2035 2936 2086 2985 in
2112 2949 2255 2990 suam
2280 2948 2390 2983 rem
2409 2933 2581 2981 aliena
2600 2945 2724 2981 con·

491 3019 675 3078 sev-arii
724 3021 890 3070 catuli.
977 3020 1110 3070 Quae
1158 3019 1319 3068 lectio
1365 3026 1576 3082 prorsus
1653 3015 1896 3080 vertaut‚’
1927 3014 2044 3064 Cic.
2067 3010 2175 3064 Off.
2200 3025 2241 3060 1.
2275 3017 2291 3040 ‘
2317 3009 2509 3074 cupidi
2544 3009 2719 3072 splen-

508 3094 616 3144 abit
644 3109 673 3144 a
703 3095 962 3158 scriptura
988 3096 1218 3158 vulgata,
1239 3099 1298 3143 et
1318 3092 1382 3142 ab
1410 3095 1574 3144 omni·

504 3170 601 3219 bus
634 3170 900 3221 codicibus
934 3171 1065 3219 Mss.
1095 3170 1251 3219 immo
1284 3176 1338 3219 et
1369 3168 1435 3218 ab
1457 3170 1573 3235 ipso

504 3260 600 3295 usu
616 3245 809 3311 linguae
830 3247 1051 3296 Latinae.
1104 3245 1281 3305 Unde,
1297 3259 1414 3295 cum
1434 3246 1573 3296 Gru-

505 3328 647 3372 terus
669 3338 782 3373 eam
800 3324 1077 3373 lectionem
1101 3322 1384 3373 invenisset
1407 3321 1458 3371 in
1485 3324 1572 3371 Li-

505 3397 660 3449 vineii
694 3398 949 3455 editione„
978 3414 1145 3464 neque
1176 3396 1573 3449 animadvertis--

503 3481 606 3536 set,
624 3474 912 3524 Livineium
939 3476 1093 3524 ullius
1112 3474 1410 3524 mutationis
1432 3489 1571 3525 men-

503 3550 696 3601 tionem
730 3549 904 3601 facere
928 3552 979 3599 in
1004 3552 1136 3600 notis
1166 3550 1303 3611 suis;
1338 3551 1571 3615 suspica·

503 3635 586 3677 tus
625 3634 727 3691 est,
763 3627 889 3678 illud
916 3627 1100 3687 ferar-ii
1139 3641 1254 3677 esse
1292 3642 1570 3691 operarum

500 3713 795 3771 peccatum,
841 3705 1295 3770 reponendumque
1326 3705 1568 3767 serarum.

498 3783 608 3834 Sed
642 3784 823 3847 miror,
845 3797 917 3833 ne·
940 3783 1149 3847 quidem
1182 3781 1489 3838 Gruterum.
1514 3783 1566 3831 in

497 3861 913 3912 Francofurtana
928 3861 1157 3911 editione
1169 3874 1250 3908 an.
1269 3864 1410 3909 16⁰⁷.
1425 3872 1569 3908 men-

498 3938 620 3987 dum
637 3939 762 3987 illud
779 3937 1151 3987 emendandum
1168 3950 1395 3985 curasse.
1412 3933 1565 3986 Quod

497 4014 543 4062 si*
580 4026 721 4077 vero,
745 4011 948 4062 fatente
987 4010 1367 4072 Columella-,in
1399 4007 1566 4059 Praef.

493 4090 587 4139 lib.
611 4103 650 4138 1.
675 4087 742 4138 dc
767 4091 843 4139 Re
869 4091 1016 4139 Rust.
1054 4089 1212 4138 etiam
1247 4089 1263 4116 ‘
1289 4086 1468 4151 praeda
1501 4101 1567 4136 ex

493 4163 676 4215 militia
694 4172 848 4228 capta
871 4164 1019 4214 nobis
1036 4165 1162 4213 nihil
1185 4164 1294 4214 sine
1313 4164 1564 4227 sanguine

464 4305 468 4310 ,
493 4248 552 4292 et
581 4239 816 4291 cladibus
845 4239 1025 4289 alienis
1052 4237 1259 4301 affer13’
1295 4253 1444 4304 quam
1467 4239 1562 4289 fle-

492 4316 618 4382 bile,
643 4330 839 4383 quaeso,
861 4322 917 4367 et
939 4330 1095 4382 quam
1126 4318 1454 4380 tyrannicum
1478 4321 1563 4367 est

1650 3091 1790 3141 doris
1831 3099 1887 3142 et
1920 3091 2110 3155 glorias
2155 3087 2387 3151 eripiunt
2428 3085 2562 3150 quod
2609 3086 2722 3134 aliis

1649 3167 1977 3232 largiantur}
2037 3166 2176 3216 idem
2227 3164 2356 3214 ibid.
2413 3164 2430 3192 ⁴
2470 3161 2592 3222 Non
2642 3168 2723 3211 est

1648 3247 1821 3309 magni
1854 3244 2027 3301 animi,
2058 3242 2148 3307 qui
2184 3243 2251 3293 de
2291 3240 2461 3289 alieno
2491 3237 2721 3286 liberalis

1648 3330 1762 3384 est;
1796 3322 1887 3371 sed
1923 3321 2032 3383 ille,
2056 3319 2161 3384 qui,
2183 3316 2318 3384 quod
2355 3314 2509 3372 alteri
2540 3313 2724 3369 donat,

1648 3399 1747 3448 sibi
1771 3395 2248 3460 detrabit,’Senec.
2274 3394 2407 3443 Ben.
2428 3406 2470 3442 1.
2491 3394 2582 3441 20..
2610 3391 2718 3441 ‘Ea

1644 3475 1966 3525 liberalitate
1999 3480 2227 3533 utamur,
2247 3485 2364 3535 quae
2398 3469 2561 3532 prosit
2593 3469 2718 3517 ami-

1646 3565 1741 3612 cis,
1762 3556 1946 3605 noceat
1977 3547 2195 3604 nemini
2193 3546 2347 3596 ’Cic.
2373 3542 2481 3595 Off.
2506 3556 2546 3592 ι.
2611 3543 2715 3592 Sed

1642 3628 1903 3690 Trajauus
1927 3641 1958 3676 a
1982 3623 2217 3689 pecuniis
2234 3621 2416 3672 alienis
2440 3628 2500 3669 et
2518 3618 2716 3682 injustis

1645 3704 1879 3760 caedibus
1902 3701 2172 3752 abstinuit.
2214 3697 2531 3748 Dio..Bern.
2696 3735 2710 3748 ,

1708 3782 1817 3833 Nec
1838 3782 1962 3832 hunc
1978 3776 2188 3841 quidem]
2224 3774 2404 3825 Codex
2431 3772 2712 3824 Vaticanus

1642 3861 1791 3907 8461.
1827 3870 1919 3920 pro
1960 3868 2090 3904 voce
2122 3853 2265 3915 Eune,
2302 3850 2461 3900 babet
2492 3848 2622 3907 Ιιοο,·.
2657 3854 2713 3896 ut
2785 3905 2790 3911 .

1643 3946 1929 3996 pronomen
1979 3930 2131 3995 quasi
2169 3928 2433 3978 referatur
2473 3927 2538 3975 ad
2579 3926 2711 3974 iute-

1639 4024 1782 4073 gram
1813 4009 2149 4059 sententiam..
2208 4004 2311 4054 Sed
2349 4000 2578 4068 praefero
2607 4002 2709 4050 lec·

1640 4086 1835 4136 tionem
1862 4085 2172 4148 reliquorum
2197 4081 2443 4130 librorum
2468 4076 2708 4128 omnium.

1640 4162 1747 4211 Cur
1776 4166 1951 4210 autem
1971 4157 2252 4222 princeps,
2270 4153 2608 4219 locupletatis
2636 4152 2707 4202 ci·

1641 4238 1808 4295 vibuS‚
1834 4250 1942 4290 non⁴
1971 4235 2255 4300 pauperior
2289 4231 2555 4286 reddatur,
2579 4227 2705 4282 indie
2811 4289 2818 4294 ἢ

1638 4322 1727 4368 cat
1741 4314 1880 4367 idem
1895 4315 2013 4366 Lat·
2029 4312 2257 4365 Pacatus
2270 4327 2284 4363 z
2306 4311 2321 4339 ‘
2332 4306 2702 4376 Imperatori„
