3017 4942
762 433 826 480 c.
876 407 1123 481 rhum
1170 425 1502 479 saeuum
1552 425 1827 476 rauna.
1907 424 1959 473 ι.
2000 410 2068 477 4.

308 584 393 638 aut
419 574 477 627 in
502 580 747 627 neutram
784 571 1290 641 partem-flectuum
1320 584 1372 623 v-

309 669 358 718 g.
392 655 563 718 Epist.
587 667 644 703 x.
665 656 748 702 97.
772 656 823 701 δ’.
845 653 860 680 ‘
879 649 1175 703 inflexibilis
1210 649 1373 700 obsti·

308 734 485 783 natio.’
549 732 766 789 Verum,
793 730 919 779 licet
956 743 1055 778 vox
1087 724 1372 777 ‘indeflex-

307 810 400 872 us,’
423 824 525 875 qua
564 809 652 859 hic
686 823 809 857 usus
845 813 927 857 est
961 805 1185 861 Plinius,
1210 803 1374 854 rarius

306 894 586 946 occurram
635 883 1006 948 comprobatur
1046 889 1218 931 tamen
1255 895 1375 932 auc-

308 965 525 1014 toritate
548 956 788 1012 codicum
814 961 944 1010 Mss.
967 965 1024 1009 et
1038 959 1374 1023 plurimorum

308 1041 451 1104 typis
466 1052 796 1089 excusorum.
833 1035 1068 1087 Eundem
1102 1037 1262 1086 etiam
1287 1035 1376 1085 ad·

304 1115 473 1164 hibuit
515 1113 766 1178 Apuleius
797 1112 866 1163 de
902 1113 1014 1162 Deo
1045 1111 1295 1173 Socratis,
1331 1126 1379 1161 c.

308 1196 357 1243 ³.
393 1194 408 1219 ‘
428 1189 649 1253 stenae:
681 1191 868 1254 inquit,
892 1196 1034 1254 ‘quie
1050 1191 1210 1253 vulgo
1233 1202 1376 1251 ναμε

307 1268 382 1318 ab
416 1268 675 1331 imperitis
708 1271 1106 1329 nuncupantnr3
1154 1279 1269 1331 quoe
1302 1272 1381 1314 ta-

307 1359 430 1394 men
454 1341 736 1403 indeflexo,
759 1352 815 1391 et
838 1349 1004 1400 certo,
1024 1349 1081 1393 et
1104 1350 1243 1393 stato
1263 1356 1379 1392 cur-

306 1436 392 1478 su,
416 1427 620 1481 meatus
638 1421 793 1483 longe
811 1416 1217 1469 ordinatissimos
1248 1419 1381 1470 divi·

302 1499 386 1547 nis
404 1498 604 1548 viribus
622 1505 848 1547 oeternos
865 1494 1135 1547 efficiunt)
1173 1495 1384 1547 Dicitur

307 1586 441 1622 vero
484 1572 650 1623 atatis
703 1572 942 1637 indeflexa
985 1573 1260 1639 maturitas,
1305 1573 1381 1623 in·

308 1656 555 1713 terprete
575 1649 774 1701 ,Iacobo
797 1649 863 1698 de
887 1650 936 1699 la
958 1650 1157 1713 Baune,
1180 1655 1383 1702 mature

309 1735 464 1791 etas,
510 1743 629 1794 quie
664 1734 840 1780 tamen
876 1729 1045 1781 adhuc
1075 1730 1146 1781 sit
1179 1734 1382 1795 vegeta.

309 1813 369 1855 et
391 1814 574 1856 careat
603 1806 890 1856 senectutis
914 1806 1283 1870 incommodis;
1314 1820 1383 1859 cx

314 1882 539 1932 adverso
563 1880 760 1945 ‘flexs,’
784 1898 900 1948 qna
924 1884 991 1934 ad
1026 1885 1383 1934 infirmitatem

314 1973 534 2024 vergere
559 1968 614 2009 et
635 1960 870 2011 inclinari
900 1962 1139 2026 incipiat.
1203 1963 1384 2029 Lipsio

315 2035 529 2086 videtur
562 2035 680 2088 liaec
713 2038 958 2101 loquendi
978 2040 1113 2090 ratio
1151 2046 1322 2091 sumta
1353 2055 1385 2089 a

314 2113 475 2170 circo,
506 2113 597 2164 ubi
632 2113 811 2165 medio
840 2117 1013 2179 spatio
1044 2114 1211 2168 flexus
1245 2118 1387 2169 circa

315 2199 534 2247 metam.
559 2197 612 2240 et
645 2199 751 2240 tum
791 2189 1044 2243 deflexus.
1109 2193 1195 2244 Ad
1232 2207 1386 2260 qnam

315 2267 709 2317 similitudinem
733 2268 967 2332 respexit
982 2271 1139 2321 etiam
1156 2273 1271 2323 Cic.
1293 2286 1388 2336 pro

317 2344 453 2394 Coel.
477 2358 526 2394 c.
551 2348 632 2393 31.
663 2343 680 2372 ‘
697 2345 762 2395 In
783 2347 879 2396 lioc
903 2344 1040 2397 flexu
1057 2349 1390 2412 qussiaetatis

313 2420 461 2471 fama
493 2422 845 2473 adolescentis
876 2425 1101 2487 paullum
1137 2425 1288 2477 haesit
1323 2425 1390 2477 ad

315 2496 525 2549 metas.’
594 2496 702 2546 Pro
727 2512 852 2548 voce
874 2499 1132 2562 indeflexa,
1152 2502 1393 2553 Patarol.

314 2574 492 2624 edidit
508 2573 748 2633 indefessa
758 2589 782 2632 ,·
812 2590 930 2640 quae
952 2591 1052 2625 vox
1069 2577 1392 2641 aliquantum

314 2660 401 2701 est
434 2651 684 2701 usitatior
721 2665 875 2716 qnam
911 2652 1183 2716 indeflexa,-
1229 2669 1309 2713 ac,
1350 2655 1396 2705 si

315 2743 439 2778 eam
478 2742 601 2778 cum
624 2727 1065 2791 Grammaticis‚a
1084 2731 1248 2783 verbo
1283 2731 1396 2784 ‘fa-

318 2807 492 2856 tiscor
507 2805 524 2829 '
548 2813 604 2856 et
628 2809 645 2835 ‘
661 2803 956 2857 defetiscar
973 2805 989 2831 '
1016 2808 1267 2867 deducas,
1289 2823 1395 2860 non

316 2884 681 2948 incongruens
694 2884 815 2934 linic
841 2884 954 2935 loco
977 2885 1216 2937 videatur
1226 2905 1242 2950 3
1275 2901 1395 2938 cnm

316 2974 390 3010 ex
406 2960 627 3024 propria
647 2958 1026 3024 significatione
1046 2962 1199 3014 reddi
1216 2965 1398 3030 possit,

320 3045 335 3066 ⁸
352 3051 459 3087 non
482 3035 758 3101 deficiens,
774 3037 1000 3089 nondum
1024 3038 1206 3102 fessa3’
1239 3055 1397 3093 cume

321 3117 595 3167 contrario
615 3119 631 3144 ‘
646 3115 784 3166 fessa
803 3125 936 3169 letas
950 3118 965 3141 ’
988 3119 1194 3170 dicatur
1212 3120 1397 3171 Tacito

326 3191 474 3242 Hist.
501 3204 591 3242 tu.
613 3196 697 3244 67.
724 3206 817 3257 pro
840 3200 1135 3247 senectute.
1183 3196 1398 3262 Verum,

324 3283 446 3318 cnm
470 3270 786 3333 nesciamus,
806 3279 978 3321 utrum
1000 3286 1062 3322 ea
1085 3287 1149 3322 ex
1174 3273 1400 3339 quodam

326 3350 543 3396 vetusto
566 3345 766 3409 codice,
785 3361 850 3396 an
871 3362 939 3397 ex
960 3348 1166 3412 ingenio
1183 3348 1400 3400 editoris

329 3420 597 3485 profecta,
616 3423 783 3472 locum
802 3423 938 3473 hunc
959 3425 1232 3489 occuparit
1250 3440 1266 3488 ;
1289 3426 1400 3475 vul·

331 3504 507 3562 getam
547 3501 686 3550 illam
718 3500 961 3566 indeflexa
997 3503 1204 3554 omnino
1235 3503 1404 3555 adhuc

331 3581 561 3625 tuemur.
588 3576 835 3628 Senem-z.

400 3652 696 3717 Fascia-eis]
736 3656 900 3706 Recte
926 3655 1003 3706 ita
1056 3664 1273 3707 exarata
1321 3662 1406 3709 est

332 3731 451 3781 haec
489 3745 592 3780 vox
626 3733 678 3780 in
723 3732 906 3783 codice
940 3733 1044 3783 Ms.
1080 3734 1403 3798 Parisieusi3

333 3821 555 3872 eamque
584 3808 696 3871 jam
721 3822 803 3859 an.
827 3813 971 3859 1506.
991 3811 1225 3875 prodidit
1247 3812 1404 3861 Cata·

336 3894 519 3945 noens3
556 3897 654 3934 nec
682 3884 852 3935 minus
888 3885 1139 3952 deinceps
1173 3887 1410 3938 nonnulli

338 3962 447 4025 alii,
495 3972 547 4012 ν’.
590 3977 641 4026 g.
674 3963 957 4028 Gryphius‚
992 3965 1288 4022 Sicini-dus,
1331 3964 1406 4015 Η.

337 4038 657 4104 Stephanus,
692 4054 757 4090 ac
791 4043 1113 4093 recentiores
1154 4042 1406 4105 editores,

339 4117 682 4182 evulgarunt3
716 4117 949 4181 quamvis
984 4118 1039 4167 in
1074 4118 1241 4169 tribus
1260 4118 1406 4168 codi-

342 4193 486 4243 cibus
508 4193 639 4243 Mss.
661 4194 891 4257 itemque
914 4193 966 4243 in
981 4193 1248 4256 Beroaldi,
1262 4192 1407 4257 Aldi,

347 4270 666 4336 Cuspiniani‚
688 4277 742 4320 et
758 4270 1078 4335 quorundam
1103 4271 1323 4321 aliorum
1347 4271 1408 4322 li·

346 4347 450 4399 bris
469 4347 1015 4414 legamusfestinantis.
1062 4349 1249 4415 Neque
1268 4350 1407 4400 euim

2377 409 2511 475 45⁷

1449 577 1555 622 tam
1599 570 1715 635 ipsa
1738 571 1916 628 celeri,
1935 576 1998 620 et
2032 582 2151 620 cum
2174 570 2512 621 iucom'modis

1448 649 1558 699 suis
1593 650 1872 713 conjuncta
1901 653 2206 709 senectute3
2253 662 2426 711 quam,
2458 647 2514 697 in

1448 731 1642 790 vegeta
1677 732 1853 780 aetate,
1889 721 2201 787 praefestinis
2234 722 2515 772 senectutis

1452 800 1757 865 insignibus,
1778 800 1876 850 lioc
1900 807 2000 864 est,
2021 800 2163 851 canis
2184 798 2515 862 venerandis,

1450 879 1819 928 auctoritatem
1847 876 2176 941 imperatoris
2215 876 2412 940 augeri,
2445 875 2520 928 ait

1453 955 1667 1006 Orator.
1701 954 1909 1007 Hei-ciis
1928 961 2181 1011 autem,et
2196 955 2321 1004 belli
2336 953 2515 1020 duces,

1453 1040 1676 1097 propter
1711 1030 2029 1093 insomnium,
2060 1037 2117 1082 et
2150 1045 2337 1095 graves
2371 1031 2515 1081 iabo-

1454 1125 1559 1171 res,
1583 1124 1855 1176 curasque,
1872 1125 1929 1161 ac
1945 1110 2242 1160 calidiorem
2260 1116 2519 1167 naturam.

1455 1188 1676 1240 celerius
1695 1202 1978 1238 canescere
1997 1188 2299 1238 creduntur.
2348 1188 2519 1239 Sicuti

1459 1280 1582 1317 vero
1617 1267 1732 1316 cani
1768 1266 2070 1326 senectutis,
2091 1266 2164 1316 ita
2195 1266 2341 1330 vigor
2362 1272 2418 1317 et
2444 1265 2520 1319 vi-

1457 1357 1542 1394 res
1576 1343 1870 1408 juventutis
1902 1349 2046 1401 ,sunt
2089 1343 2345 1407 insignia3
2403 1357 2521 1407 quae

1457 1427 1679 1486 utraque
1711 1421 1763 1469 in
1785 1419 1945 1470 heroii
1968 1433 2083 1484 sno,
2102 1420 2357 1471 stilicone
2380 1420 2519 1470 scili-

1459 1503 1567 1562 cet,
1590 1496 1886 1561 conjuncta,
1905 1496 1982 1546 ita
2018 1496 2250 1547 laudavit
2276 1495 2520 1547 Claudia·

1458 1589 1577 1638 nns,
1601 1581 1657 1623 ut
1678 1575 1817 1623 huuc
1854 1572 2022 1636 ipsum
2045 1572 2207 1623 Plinii
2247 1573 2414 1623 iocum
2439 1587 2523 1624 re·

1456 1652 1696 1716 spexisse
1730 1649 1988 1702 videatur.
2075 1650 2138 1700 In
2172 1650 2526 1714 Epithalamio

1458 1730 1595 1778 enim
1632 1728 1701 1778 de
1736 1727 1953 1791 Nuptiis
1983 1726 2199 1777 Honor-ii
2222 1734 2279 1777 et
2314 1726 2523 1786 Mariae,

1459 1819 1536 1855 vs.
1558 1809 1674 1856 ⁸24.
1686 1817 1831 1870 seqq.
1853 1803 2025 1854 canit:
2063 1804 2079 1831 ⁸
2099 1803 2289 1853 Vultus
2306 1809 2527 1854 auctura

1460 1883 1714 1934 verendos
1731 1882 1960 1932 Canities
1986 1882 2177 1932 festina
2203 1882 2361 1932 venit.
2387 1881 2526 1932 Con·

1458 1967 1599 2011 sorte
1644 1968 1861 2023 remota,
1911 1960 2253 2024 Contingunt,
2294 1958 2526 2025 gravitas

1459 2037 1609 2095 senii,
1649 2038 1889 2102 viresque
1918 2036 2157 2101 juventae
2176 2036 2225 2098 ς’
2257 2038 2310 2087 h.
2334 2050 2385 2086 e.
2413 2036 2528 2100 ipsa

1461 2114 1670 2180 quidem
1694 2120 1853 2163 mate
1876 2113 2024 2162 senili
2048 2118 2105 2163 et
2116 2112 2342 2176 juvenili
2361 2123 2530 2162 remo-

1463 2199 1537 2249 ta,
1560 2191 1820 2242 duntaxat
1842 2190 1940 2240 tibi
1965 2191 2232 2254 utriusque
2269 2188 2426 2253 liujus
2457 2202 2528 2238 n-

1463 2270 1587 2320 tatis
1611 2269 1854 2333 insignia,
1875 2268 1991 2318 cani
2016 2282 2226 2332 nempe,
2244 2273 2301 2318 et
2322 2271 2530 2331 vegete

1464 2347 1623 2408 vires,
1648 2346 1977 2409 contingunt.
2004 2345 2154 2394 Idem-

1535 2420 1809 2474 Smctntis
1830 2420 2124 2485 insignibus]
2149 2418 2356 2470 Canitie
2385 2432 2530 2469 nem·

1468 2514 1554 2565 pe.
1577 2513 1729 2565 quam
1756 2499 1986 2563 pulchrae
2009 2497 2205 2561 speciei
2228 2497 2282 2546 in
2304 2495 2532 2560 Trajauo

1467 2576 1646 2635 fnisse,
1665 2577 1859 2627 docent
1875 2576 2034 2627 verba
2048 2574 2334 2640 Xiphilini:
2369 2577 2387 2604 ⁸
2401 2573 2535 2623 Bar·

1469 2656 1581 2707 bari
1602 2655 1813 2706 canitiei
1830 2655 2106 2718 dignitate,
2123 2653 2397 2716 vultusque
2416 2662 2536 2715 gra-

1468 2733 1640 2783 vitate
1696 2730 2078 2791 animadversa,
2119 2729 2220 2778 rati
2254 2727 2534 2791 Trajannm

1470 2822 1609 2872 esse,
1633 2816 1691 2859 ut
1715 2808 1870 2871 erat,’
1891 2810 1993 2857 &m
2017 2805 2237 2855 Palm-01.

1537 2885 1809 2936 senectutis
1839 2882 2132 2947 insignibus]
2168 2881 2287 2931 Hoc
2316 2886 2419 2943 est,
2447 2888 2534 2931 ca·

1471 2963 1573 3014 nis.
1640 2962 1790 3011 Idem
1809 2960 2108 3025 xiphilinus
2132 2957 2198 3008 de
2216 2957 2427 3022 Trajani
2447 2968 2539 3006 ex-

1449 3040 1741 3106 peditione
1777 3041 1828 3089 in
1858 3039 2164 3103 Agat-enos:
2197 3035 2350 3087 Αὐτὸς
2365 3052 2538 3101 rapin-

1470 3115 1653 3166 παύσας
1667 3113 1977 3180 βραχυτάτου
1992 3112 2159 3174 ἐδέησε
2177 3115 2425 3178 τρωθῆναι,
2439 3111 2539 3163 καί·

1471 3211 1564 3258 περ
1576 3192 1667 3251 τὴν
1677 3192 1938 3252 βασιλικὴν
1950 3191 2137 3253 στολὴν
2149 3190 2449 3253 ἀποθέμενος,
2457 3189 2542 3239 ἵνα

1471 3271 1541 3335 μὴ
1573 3273 1830 3336 γνωρισθῇ·
1880 3272 1969 3330 τῆς
2008 3268 2061 3321 δὲ
2101 3271 2273 3321 πολιᾶς
2299 3269 2445 3319 αὐτοῦ
2479 3266 2540 3317 τὸ

1472 3348 1672 3412 γαῦρον,
1683 3346 1762 3398 καὶ
1778 3348 1837 3397 τὸ
1851 3346 2171 3413 σεμνοπρεπὲς
2185 3347 2273 3398 τοῦ
2284 3344 2540 3411 προσώπου

1476 3424 1672 3490 ἰδόντες,
1710 3422 2018 3484 &terdon-nmina
2046 3442 2105 3474 τε
2127 3421 2260 3484 εἶναι,
2280 3421 2333 3473 ὅς
2358 3419 2434 3484 ἦν,
2458 3418 2540 3471 καὶ

1476 3503 1791 3567 {revelemur
1810 3502 1954 3565 αὐτᾷ.
2017 3504 2127 3567 Ipse
2146 3499 2540 3566 proeterequitans

1473 3581 1723 3632 minimam
1737 3580 1913 3642 abfuit,
1930 3579 2043 3644 quin
2055 3580 2367 3638 sauciaretur,
2380 3591 2542 3641 quam·

1476 3657 1594 3714 libet
1607 3658 1740 3720 regio
1757 3658 2089 3721 paludamento
2117 3657 2345 3720 deposito,
2376 3654 2451 3704 uli
2481 3668 2540 3704 ne

1477 3739 1850 3797 agnosceretur.-
1881 3734 1966 3783 sed
1985 3734 2210 3782 canitiem
2240 3731 2340 3793 ejas
2359 3732 2543 3792 loetam,

1478 3816 1528 3862 et
1549 3816 1803 3874 augustum
1825 3812 2045 3876 quiddam
2058 3812 2107 3859 in
2120 3810 2252 3859 vultu
2266 3805 2543 3872 conspicati,

1479 3904 1587 3939 cam
1626 3903 1728 3938 esse
1760 3904 1883 3945 eum,
1924 3888 2006 3952 qui
2039 3890 2164 3950 erat,
2200 3889 2542 3950 suspectavere,

1480 3970 1583 4015 tum
1605 3965 1715 4014 telis
1727 3964 1947 4027 petivere·
1970 3961 2141 4012 Livin.

1547 4040 1816 4090 Senectutis
1836 4036 2130 4102 insignibus]
2161 4037 2280 4089 Non
2303 4038 2441 4088 enim
2465 4038 2543 4103 ip·

1481 4131 1556 4174 sa,
1580 4126 1637 4167 ut
1653 4117 1767 4180 jam
1792 4115 1919 4166 dixi.
1986 4113 2407 4164 Acclamationes
2448 4114 2542 4178 igi·

1482 4195 1685 4246 turillae
1705 4192 2003 4255 senatoriae,
2026 4192 2080 4242 in
2096 4192 2283 4241 Tacito
2303 4191 2544 4256 Vopisci:

1481 4278 1497 4302 ⁸
1515 4272 1582 4320 Et
1615 4270 1861 4332 Trajanus
1879 4283 2037 4320 senex
2064 4269 2129 4318 ad
2164 4268 2432 4332 imperium
2458 4282 2547 4318 ve-

1483 4348 1601 4413 uit,'
1645 4362 1740 4415 pro
1777 4362 1832 4397 re
1863 4346 2049 4412 magis,
2083 4360 2235 4411 quam
2271 4359 2365 4409 pro
2402 4359 2545 4396 vero.
