3017 4942
511 387 647 455 884

512 552 567 600 iu
590 550 799 600 Veneto
819 551 871 599 ².
904 555 962 598 et
981 559 1099 597 meo
1132 545 1305 597 'liberos
1341 543 1581 597 criminis·

515 628 566 677 in
588 625 972 689 Salisburgensi
991 623 1172 686 criseis,
1200 630 1255 674 et
1278 638 1346 675 ex
1369 634 1578 674 correc-

513 704 657 754 tione
697 704 951 754 credimus.
1011 702 1116 752 Sed
1159 702 1304 751 vides
1349 700 1575 766 ineptias

510 781 856 833 librariorum.
882 779 1125 830 Schwart-

576 860 808 910 Promere
834 858 889 907 in
918 854 1148 919 medium]
1182 855 1247 905 Iu
1269 853 1452 906 codice
1469 854 1575 904 Ve-

512 943 637 986 neto
671 939 718 985 1.
759 934 1106 1000 pretermissa
1148 938 1273 983 sunt
1313 931 1477 982 verba
1521 931 1576 981 irs

508 1013 729 1063 mediam.
796 1013 1024 1062 Promere
1045 1012 1181 1061 idem
1204 1017 1308 1072 est,
1330 1025 1391 1061 ac
1412 1016 1429 1040 ‘
1453 1024 1575 1075 pro-

508 1088 688 1154 ferre,'
720 1090 738 1118 ‘
762 1088 1062 1154 exponere,'
1091 1089 1109 1119 ‘
1133 1088 1305 1154 eloqui
1328 1087 1363 1151 ς’
1397 1093 1454 1137 et
1492 1086 1573 1137 sic

508 1169 669 1218 etiam
705 1180 845 1232 saepe
882 1167 1119 1218 absolute
1158 1165 1409 1230 ponitur=
1444 1164 1573 1214 reti·

508 1244 682 1294 nenda
720 1250 895 1293 tamen
934 1250 1056 1292 sunt
1090 1242 1253 1292 verba
1286 1242 1343 1291 in
1379 1240 1573 1292 ceteris

509 1319 744 1370 omuibus
762 1319 908 1368 libris
931 1318 1130 1382 addita,
1148 1318 1200 1368 iu
1213 1318 1451 1377 medium
1472 1318 1507 1367 i.
1526 1332 1575 1367 e.

505 1396 599 1446 ‘in
622 1394 930 1447 commune.’
962 1395 1151 1460 Virgil.
1183 1394 1301 1446 AEn.
1337 1408 1421 1444 ιι.
1455 1397 1573 1444 335.

507 1474 523 1501 ‘
562 1473 830 1523 Consulite
875 1474 930 1522 in
978 1469 1246 1523 medium.'
1299 1471 1416 1522 Cic.
1464 1469 1572 1520 fre·

507 1556 729 1613 quenter
751 1549 898 1607 dicit,
932 1555 950 1579 ‘
971 1548 1208 1613 proferre
1232 1549 1287 1599 in
1308 1544 1573 1599 medium.’

507 1627 647 1678 Fam.
674 1640 768 1677 xv.
791 1632 841 1677 2.
877 1627 1035 1677 Verr.
1055 1640 1109 1677 v.
1132 1630 1212 1677 10.
1243 1616 1476 1689 Philipp.
1501 1639 1570 1675 u.

504 1707 674 1755 4.&c.
742 1705 813 1756 Et
841 1705 916 1755 sic
949 1706 1107 1756 etism
1139 1705 1254 1754 baec
1276 1703 1438 1753 verba
1475 1717 1573 1766 per

504 1782 978 1844 interpunctionem
1000 1781 1389 1844 conjunguntur
1411 1781 1463 1828 in
1482 1794 1570 1829 co·

504 1859 621 1908 dice
659 1860 954 1909 Patavino:
989 1857 1162 1920 Jubee,
1194 1871 1303 1920 «ιω
1323 1856 1570 1912 sentimus,

499 1951 741 1999 promere:
764 1936 820 1986 in
839 1937 1041 1986 medium
1056 1934 1365 1999 proferemus.
1395 1935 1571 1984 Tacit.

504 2013 692 2063 Annal.
711 2027 789 2063 vt.
803 2018 886 2071 24.
910 2020 927 2044 ‘
942 2013 995 2063 in
1013 2012 1273 2077 publicum
1294 2010 1571 2074 promere.'

388 2078 401 2089 ’
503 2089 613 2140 Pro
651 2091 891 2156 sequenti
933 2091 1097 2140 verbo
1142 2090 1447 2153 proferentum,
1493 2088 1568 2138 vi·

503 2167 637 2216 tiose
676 2168 931 2232 scriptum
974 2175 1058 2217 est
1093 2166 1146 2216 in
1185 2165 1367 2216 codice
1405 2166 1568 2217 Guel-

504 2242 687 2306 pherb.
702 2244 989 2307 proferimus
1000 2258 1021 2301 ,-
1044 2241 1180 2306 quod
1201 2243 1383 2291 vitium
1404 2243 1565 2291 etiam

500 2321 554 2368 iu
596 2318 825 2370 editione
869 2319 1107 2370 Rbeuaui
1157 2334 1243 2369 sn.
1285 2323 1431 2370 1⁵2⁰.
1476 2334 1567 2369 ex-

498 2411 733 2461 pressum
752 2396 963 2462 legitur.
1012 2397 1394 2447 Rittershusius
1418 2398 1473 2446 in
1490 2398 1567 2448 lo-

501 2488 617 2522 cum
658 2473 800 2523 verbi
835 2474 1146 2537 proferemus,
1179 2474 1382 2523 censuit
1416 2475 1570 2523 resti·

502 2550 751 2601 tuendum
784 2566 1068 2615 promemus.
1133 2553 1244 2614 Ego
1282 2565 1380 2615 pro
1419 2559 1568 2601 aute·

500 2626 724 2677 cedente
761 2629 921 2678 verbo
957 2642 1191 2692 promere,
1232 2626 1349 2676 fere
1394 2628 1567 2677 malim

501 2704 792 2754 rescribere
806 2704 1041 2768 proferre,
1064 2705 1186 2769 quia
1203 2705 1440 2769 sequitur
1455 2719 1569 2764 pro-

484 2781 730 2839 feremus,-
763 2782 879 2843 sed,
911 2795 1030 2831 cum
1062 2795 1240 2833 omnes
1264 2781 1451 2844 scripti
1476 2782 1568 2831 im-

500 2857 772 2924 pressique
801 2859 920 2909 libri
944 2856 1213 2922 abdicant,
1242 2858 1372 2908 nibil
1403 2865 1567 2909 muto.

501 2934 653 2985 Idem.

563 3011 897 3075 Proseremus]
957 3013 1100 3078 Lege
1132 3027 1414 3077 promemus.
1448 3012 1565 3063 Rit-

499 3088 663 3137 tersb.

565 3163 734 3228 Neque
753 3164 881 3214 enim
901 3165 1079 3230 adhue]
1112 3165 1175 3215 Iu
1197 3165 1380 3215 codice
1402 3165 1565 3216 Guel-

473 3264 477 3270 Δ
497 3239 823 3304 pherbytauo
837 3241 1026 3289 omissa
1042 3247 1123 3290 est
1138 3241 1393 3304 particula
1406 3242 1532 3292 enim
1545 3258 1565 3300 ,·

497 3318 550 3365 iu
584 3317 964 3381 salisburgensi
1000 3325 1058 3367 et
1092 3333 1211 3368 meo
1237 3320 1566 3371 desideratur

498 3396 759 3459 particula
780 3395 949 3445 adhue.
1003 3395 1086 3445 Ad
1112 3397 1382 3461 sequentia
1404 3397 1567 3448 verba

497 3473 732 3535 pertinet
754 3474 897 3522 locus
920 3473 1131 3523 Sallust.
1164 3473 1413 3538 Jugurth.
1444 3489 1565 3539 cap.

497 3553 581 3599 31.
616 3556 630 3578 ⁴
657 3551 818 3615 Piget
856 3550 1052 3607 dicere,
1090 3559 1148 3600 ut
1185 3551 1329 3601 vobis
1363 3554 1564 3602 animus

499 3627 565 3674 ab
595 3628 802 3688 ignavia
836 3635 996 3691 atque
1020 3629 1262 3678 socordia
1285 3636 1565 3693 corruptus

496 3701 675 3763 fuerit,
705 3704 793 3767 qui
824 3717 890 3753 ne
912 3719 1048 3754 nunc
1071 3704 1302 3770 quidem,
1320 3705 1565 3756 obnoxiis

497 3778 737 3841 inimicis,
760 3779 1074 3843 exsurgitis.'
1106 3781 1346 3832 Schmun.

562 3856 750 3905 Misera
792 3856 901 3921 illa]
966 3857 1030 3905 In
1078 3857 1263 3907 codice
1306 3859 1567 3910 Vaticano

501 3936 646 3982 1364.
671 3939 728 3980 et
751 3933 956 3982 Veneto
983 3937 1028 3982 l.
1068 3948 1163 3998 pro
1187 3936 1375 3994 misera,
1398 3937 1565 4001 scrip·

502 4018 608 4056 tum
643 4017 723 4057 est
748 4010 977 4068 miserim
1010 4019 1066 4061 et
1090 4013 1238 4077 pejus
1262 4013 1313 4063 iu
1339 4028 1455 4064 meo
1477 4029 1565 4064 co·

500 4084 617 4134 dice
640 4087 837 4136 viscera.
902 4089 1121 4152 Pigeret
1140 4103 1241 4146 me,
1272 4088 1563 4140 istiusmodi

502 4160 765 4223 σφάλματα
803 4172 1073 4221 annotare,
1115 4166 1215 4214 nisi
1252 4167 1436 4215 testari
1474 4181 1566 4217 cu-

505 4241 663 4303 piam,
685 4254 789 4303 qua
811 4240 1144 4291 solicitudine
1178 4249 1443 4294 scrutatus
1464 4246 1567 4294 sim

1207 398 1425 450 NOTAE
1472 396 1887 448 vAmoRuM
1936 395 2020 447 m

1651 540 1860 593 codices
1901 541 2162 607 scriptos3
2196 554 2258 593 ac
2298 539 2399 591 nisi
2436 552 2540 590 non
2582 537 2709 591 nibil

1650 633 1825 684 opero
1871 620 2097 685 pretium
2145 618 2377 670 facturus
2421 619 2620 682 videar,
2667 619 2711 669 si

1649 698 1939 749 identidem
2004 699 2231 764 origines
2293 706 2352 749 et
2413 698 2711 748 occasiones

1648 778 1948 828 mendorum
1982 777 2035 827 in
2071 776 2336 827 codicibus
2375 776 2586 839 scriptis
2623 775 2712 825 ob-

1650 854 1759 904 vias
1791 854 2080 905 ostendam.
2146 854 2356 904 Dicitur
2389 866 2516 900 vero
2541 851 2713 900 miseris

1647 945 1709 982 ex
1727 931 2100 996 periculisfucta
2114 931 2391 996 prudentia,
2426 944 2545 994 quae
2569 927 2714 993 quasi

1649 1022 1745 1073 per
1773 1023 1946 1059 meras
1984 1009 2215 1059 miserias
2247 1015 2303 1057 et
2337 1006 2554 1072 propris
2576 1005 2716 1070 peri·

1647 1086 1766 1136 cula
1792 1093 2088 1155 compsi-ata
2120 1091 2232 1134 est:
2270 1098 2387 1134 cum
2418 1088 2608 1132 contra
2639 1081 2717 1132 di·

1646 1170 1798 1214 catur
1843 1166 1860 1193 ⁴
1892 1164 2061 1226 Felix,
2103 1176 2258 1228 quem
2299 1160 2506 1212 faciunt
2545 1161 2717 1210 aliena

1647 1241 1878 1305 pericula
1925 1239 2172 1304 cautum,'
2219 1240 2330 1290 sive
2382 1239 2716 1304 prudentem.

1650 1318 1802 1368 Ideni.

1712 1395 1984 1446 Prudentia
1995 1394 2234 1459 monebat]
2253 1392 2603 1455 Puteolanus,
2619 1391 2716 1442 Be-

1646 1473 1877 1535 roaldus,
1899 1474 2176 1524 Catanaeus
2194 1472 2247 1521 in
2271 1471 2443 1535 prima
2466 1470 2720 1532 editione,

1649 1550 1832 1608 Aldus,
1869 1551 2217 1611 Philemenns,
2261 1558 2316 1599 et
2355 1548 2580 1613 Navius,
2622 1562 2721 1613 pro

1648 1628 1809 1677 verbo
1823 1628 2057 1690 monebat,
2072 1627 2285 1678 edidere
2299 1625 2531 1674 merebat.
2563 1624 2724 1677 Quod

1649 1705 1862 1755 verbum
1892 1720 1998 1756 non
2031 1706 2173 1756 illico
2207 1702 2549 1768 rejiciendum
2580 1701 2723 1752 vide-

1647 1793 1785 1849 atur,
1810 1800 1927 1836 cum
1950 1785 2109 1834 etiam
2134 1797 2231 1848 per
2264 1789 2281 1813 ‘
2304 1776 2730 1837 adhortabatur}

1643 1861 1661 1890 ⁸
1695 1861 1992 1920 incitabat,'
2047 1859 2300 1926 explicari
2356 1858 2543 1924 possit.
2613 1858 2726 1909 Cic.

1645 1940 1789 1989 Fam.
1813 1954 1852 1989 t.
1879 1944 1928 1989 7.
1959 1941 1976 1969 ‘
2001 1939 2102 1989 Illa
2136 1953 2218 1988 me
2254 1938 2388 1987 ratio
2409 1934 2580 1985 movit
2596 1934 2638 1996 ς’
2670 1939 2727 1985 et

1644 2017 1855 2080 passim.
1921 2017 2116 2067 Verum
2143 2028 2342 2075 omnes,
2371 2027 2501 2078 quos
2532 2025 2726 2062 consu-

1644 2095 1738 2155 lui,
1768 2094 1978 2145 codices
2008 2086 2137 2144 Mss.
2165 2099 2222 2144 et
2241 2092 2406 2142 ceteri
2427 2090 2576 2146 libri,
2598 2100 2727 2140 cnu-

1641 2171 1850 2222 firmant
1906 2172 2167 2234 vulgatam
2220 2169 2527 2231 lectionem.
2618 2165 2724 2232 Ae,

1642 2248 1769 2298 licet
1804 2249 2016 2298 verbum
2040 2254 2056 2277 ³
2081 2243 2327 2309 movere:
2360 2259 2481 2295 cum
2503 2251 2727 2296 antece·

1643 2323 1884 2375 dentibus
1897 2324 2210 2381 nominibus,
2233 2329 2250 2353 ‘
2266 2320 2475 2383 terror,'
2496 2327 2557 2371 et
2578 2322 2597 2351 ‘
2614 2332 2726 2371 me-

1644 2400 1763 2458 tus,’
1797 2401 2117 2462 conveniat;
2151 2399 2312 2464 magis
2349 2405 2526 2450 tamen
2566 2405 2585 2429 ‘
2608 2412 2723 2469 moy

1643 2491 1769 2526 nere
1783 2476 1800 2499 '
1821 2478 2070 2529 convenit
2086 2492 2204 2528 cum
2224 2476 2436 2526 uomina
2455 2475 2724 2541 proximo,

1638 2555 1898 2618 prudentia
1909 2572 1930 2615 ‚-
1955 2561 2008 2605 et
2020 2570 2162 2618 saepe
2182 2554 2439 2615 absolute,
2460 2553 2580 2603 siue
2595 2565 2727 2603 casu

1643 2633 1777 2695 ejus.
1815 2634 1901 2697 qui
1933 2640 2194 2695 monetur,
2226 2631 2463 2697 ponitur.
2497 2630 2723 2680 Sallust.

1643 2709 1798 2761 Catil.
1823 2724 1939 2774 cap.
1964 2713 2046 2761 50.
2078 2709 2096 2737 ⁴
2121 2711 2195 2759 Ut
2214 2723 2298 2759 res
2322 2716 2481 2773 atque
2505 2712 2726 2771 tempus

1642 2785 1924 2836 monebat?
1983 2787 2052 2836 Et
2088 2801 2203 2848 cap.
2240 2789 2324 2835 62.
2360 2792 2376 2814 ‘
2400 2784 2508 2834 Res
2540 2789 2724 2833 autem

1642 2869 1839 2919 monet,
1852 2876 2040 2913 cavere
2056 2862 2122 2912 ab
2139 2860 2277 2913 illis.’
2300 2861 2450 2912 Idem
2467 2859 2726 2924 Jugurth.

1641 2952 1760 3003 cap.
1782 2943 1865 2990 47.
1893 2940 2123 3002 ‘Ratus,
2152 2939 2206 2989 id
2245 2938 2383 3004 quod
2421 2953 2504 2987 res
2538 2950 2724 2987 mone-

1641 3014 1770 3067 bat-⁹
1806 3017 1918 3068 Cic.
1942 3018 2007 3067 de
2038 3018 2248 3068 Iuvent.
2284 3030 2347 3066 11.
2381 3019 2464 3065 22.
2495 3015 2513 3043 ‘
2536 3013 2723 3063 Pieta-

1641 3098 1747 3141 tern
1773 3094 2060 3157 appellant,
2081 3107 2197 3157 quae
2211 3106 2337 3155 erge
2360 3089 2603 3153 patriam,
2629 3093 2725 3138 ant

1642 3178 1909 3234 parentes,
1932 3177 2024 3220 aut
2043 3169 2170 3219 alios
2189 3167 2442 3231 sauguine
2462 3164 2724 3229 conjunc-

1641 3254 1737 3305 toS,
1761 3247 1986 3298 officium
2010 3261 2321 3297 conservare
2345 3241 2595 3294 moneat.’
2655 3242 2724 3292 In

1641 3325 1826 3375 codice
1874 3324 2260 3391 salisburgensi
2294 3323 2490 3386 legitur
2524 3322 2581 3370 in
2622 3333 2722 3369 nu-

1640 3416 1785 3452 mero
1819 3400 2478 3461 multitudinis-mouebant,
2511 3404 2577 3448 ut
2613 3397 2721 3446 hoc

1640 3480 1859 3530 verbum
1881 3482 2037 3530 etiam
2058 3479 2127 3528 ad
2149 3486 2328 3527 cetera
2345 3475 2560 3525 nomina
2581 3487 2721 3536 pm·

1639 3558 1884 3606 cedentia
1902 3555 2088 3606 referri
2111 3555 2294 3620 possit.
2360 3551 2610 3602 Proclive
2627 3564 2719 3599 au-

1642 3639 1748 3684 tem
1791 3634 1910 3698 fuit,
1957 3632 2197 3684 librarios
2241 3633 2443 3693 literas,
2486 3633 2615 3699 ²⁸9²
2657 3635 2714 3679 n,

1639 3709 1873 3775 adeoque
1912 3711 2070 3773 etiam
2112 3707 2292 3764 verba,
2332 3697 2619 3754 ‘monere’
2655 3703 2717 3747 et

1640 3789 1656 3814 ⁸
1681 3786 1930 3849 movere,’
1962 3789 2101 3836 iuter
2122 3800 2179 3834 se
2196 3790 2537 3850 permutare3
2561 3773 2715 3839 cujm

1639 3863 2044 3927 permutationis
2084 3863 2235 3926 plura
2272 3854 2513 3918 exempla
2550 3864 2712 3901 anno·

1642 3940 1773 3990 tavit
1813 3940 1956 3990 doct.
1990 3931 2386 3989 Drakenborch.
2422 3928 2490 3980 ad
2523 3929 2619 3979 Sil.
2644 3939 2714 3978 ιι.

1628 4020 1754 4083 ¹ms.
1789 4016 1944 4066 laem.

1705 4094 1834 4143 Erat
1857 4098 2018 4142 autem
2049 4087 2237 4139 omnino
2267 4085 2398 4134 uuna
2427 4076 2723 4147 respublica]
2762 4053 2771 4065 ’

1641 4168 1902 4232 Indignor
1933 4166 2066 4223 fere,
2099 4161 2412 4214 seutentiam
2437 4173 2537 4223 per
2555 4171 2611 4207 se
2631 4154 2707 4204 fa-

1641 4246 1793 4296 cilem
1815 4249 1872 4294 et
1896 4241 2244 4309 perspicuam,
2271 4250 2388 4302 quoe
2411 4248 2511 4299 per
2543 4229 2705 4297 noph·
