3017 4942
757 393 822 441 c.
870 389 1113 440 rainu
1164 386 1498 439 suenum
1549 388 1830 438 mnne.
1901 388 1953 439 1.
2012 371 2122 438 82.

326 542 419 588 aut
452 538 718 599 argenteoe
743 533 1067 598 Latinitatis,
1090 530 1387 595 exemplum

326 613 600 669 succurrit,
664 610 752 660 ubi
806 611 1121 672 indulgentiae
1175 621 1392 658 numero

325 688 674 741 multitudinis
697 688 958 745 dicuutur,
983 688 1109 738 licet
1137 686 1391 751 sequioris

325 767 425 818 aevi
449 765 733 817 auctoritas
759 779 860 814 non
885 764 1036 814 desit.
1093 763 1391 827 Aliquoties

325 845 484 893 etiam
531 843 762 892 Velleius
809 844 826 872 ‘
851 840 1075 891 fortunas
1121 841 1392 904 indulgen·

326 920 452 968 tiam
472 918 488 942 '
508 925 909 978 commemorat,
942 931 1191 982 nusquam
1217 923 1391 965 tamen

324 997 377 1047 in
393 1010 607 1046 numero
624 996 842 1059 plurali3
869 1009 918 1044 v.
937 1009 987 1058 g.
1008 1007 1069 1045 11.
1093 997 1206 1043 121.
1232 994 1247 1022 ‘
1267 994 1410 1042 Fors

325 1081 466 1123 tuuae
490 1085 614 1121 vero
638 1072 749 1136 quis
767 1086 871 1121 non
892 1070 1392 1133 mireturiudulgen-

325 1152 453 1201 tiam
472 1149 513 1199 ?'
547 1148 709 1199 Cfin.
730 1151 777 1197 1.
795 1154 851 1197 et
871 1163 936 1198 11.
966 1152 1014 1197 8.
1052 1148 1265 1212 Molliot,
1286 1147 1322 1196 i.
1342 1160 1392 1196 e.

326 1227 554 1291 frangat,
575 1235 631 1277 et
653 1225 936 1277 effeminet.
983 1225 1189 1275 Plinius
1214 1230 1394 1273 noster

324 1320 483 1370 supra
509 1318 725 1354 xxxin.
750 1307 800 1353 1.
834 1313 848 1334 ·
866 1304 1008 1359 Νοη,
1033 1301 1169 1367 quod
1196 1300 1392 1351 animos

325 1383 552 1432 virorum
586 1382 814 1431 molliret
847 1386 903 1430 et
935 1377 1236 1443 frangeret?
1302 1379 1391 1427 Se·

324 1475 454 1510 neca
477 1460 643 1524 Epist.
667 1463 751 1509 82.
786 1458 802 1485 ‘
824 1458 1063 1508 Molliter
1088 1458 1217 1507 vivit
1238 1473 1251 1504 z
1294 1456 1391 1506 boc

325 1537 527 1599 dicunt,
574 1537 733 1586 malus
775 1541 889 1593 est3
937 1534 1207 1599 paullatim
1252 1533 1391 1582 enim

324 1610 655 1664 effeminatur
689 1612 908 1669 animus,
948 1617 1107 1675 atque
1131 1611 1182 1658 in
1208 1608 1390 1658 simili·

325 1690 557 1740 tudinem
594 1689 684 1740 otii
715 1690 815 1744 sui,
851 1694 908 1737 et
940 1687 1187 1751 pigritiae,
1212 1687 1263 1735 iu
1288 1700 1390 1749 qua

317 1767 484 1831 jacet,
507 1765 760 1816 solvitur.’
783 1828 789 1839 ι
816 1765 881 1815 In
905 1766 1088 1815 codice
1113 1763 1391 1826 Patavino‚

325 1850 380 1893 et
403 1844 534 1894 libro
557 1844 836 1905 Vossiano,
855 1842 1202 1906 promotuum,
1222 1841 1389 1905 scrip·

325 1930 433 1971 tum
459 1928 542 1971 est
563 1922 762 1971 violant.
830 1921 1064 1983 Operam
1084 1920 1277 1983 perdit,
1301 1919 1388 1982 qui

323 2001 542 2050 verbum
563 2001 680 2056 hoc,
703 1999 905 2056 violant,
931 1999 1052 2049 huic
1082 2000 1198 2048 loco
1223 1997 1386 2046 vindi·

322 2093 447 2128 care
478 2085 717 2129 conetur.
785 2077 979 2140 Credo,
1009 2077 1303 2141 imperitum
1327 2075 1390 2125 li·

322 2155 551 2205 brarium
575 2154 703 2204 illud
728 2169 796 2204 ex
820 2155 932 2219 ipso
956 2153 1133 2215 verbo,
1155 2153 1390 2210 molliant,

317 2231 602 2290 effinxisse,
625 2231 747 2282 dum
780 2232 833 2281 in
852 2232 1017 2296 prima
1040 2231 1239 2294 syllaba
1261 2231 1389 2290 moll,

316 2312 536 2377 primam
559 2311 779 2373 literam,
798 2325 865 2371 m,
889 2324 985 2373 pro
999 2311 1068 2365 ui,
1085 2308 1280 2360 habuit.
1305 2309 1387 2357 Id.

385 2387 746 2452 Detur-queant]
796 2386 846 2436 Ι.
889 2402 938 2436 e.
983 2384 1288 2442 deflectant,
1330 2393 1386 2434 et

322 2470 568 2526 avocent,
612 2465 755 2530 quasi
797 2464 1039 2528 invitum,
1074 2469 1129 2512 et
1174 2463 1222 2511 vi
1264 2477 1386 2526 qua-

316 2543 460 2606 dam,
512 2542 623 2591 sive
681 2547 886 2605 aperta,
940 2541 1049 2591 sive
1094 2538 1385 2589 blandiore.

317 2620 523 2685 Noster
546 2632 722 2682 supra,
744 2630 878 2668 Lxx.
899 2623 946 2666 5.
981 2626 996 2648 ‘
1013 2617 1253 2680 Ingenia,
1283 2616 1385 2665 etsi

317 2710 420 2746 non
457 2694 823 2760 detorquebat,
862 2695 1145 2745 hebetabat
1177 2692 1386 2756 tamenss

316 2775 420 2823 «stc.
443 2771 507 2822 ad
541 2786 693 2836 quem
725 2772 897 2822 locum
922 2772 1040 2823 vide
1067 2778 1245 2822 notam
1269 2786 1384 2822 nos-

317 2856 473 2899 tram.
508 2850 660 2898 Idem.

323 2942 328 2945 ·
383 2924 741 2989 Decor-queant]
774 2922 975 2976 ‘Quem
1019 2938 1122 2972 nou
1167 2939 1198 2973 a
1238 2929 1386 2975 recto

318 3005 485 3055 traxit
509 3004 645 3053 male
666 3002 827 3052 suada
849 3003 1111 3065 Voluptas
1136 3003 1386 3066 Tramite,

314 3094 421 3130 non
444 3081 571 3151 luxu
594 3086 820 3129 mentem
837 3077 1082 3127 labefecit
1100 3079 1386 3142 honestam,

316 3158 576 3208 Florentis
612 3154 824 3207 foi-tuna
853 3153 1073 3207 domus!
1107 3156 1176 3204 D.
1213 3157 1383 3207 Baud.

313 3234 473 3285 Beru.

386 3311 661 3361 Crescentio
696 3308 934 3360 laboribus
970 3306 1205 3370 membra]
1242 3310 1385 3358 Cres-

312 3388 489 3450 centia‚
526 3401 629 3436 non
670 3393 775 3446 tam
810 3385 1189 3448 magnitudine,
1227 3401 1383 3450 quam

314 3465 513 3514 viribus
538 3472 593 3513 et
618 3462 835 3523 robore3
870 3463 992 3512 dum
1029 3462 1293 3512 laboribus
1332 3464 1383 3512 in

313 3541 428 3591 dies
473 3540 724 3590 validiora
768 3538 1074 3599 redduntur,
1114 3540 1382 3603 magisque

316 3616 712 3669 confirmantur.
779 3615 922 3665 Hinc
946 3614 1155 3671 Cicero,
1180 3615 1384 3666 Quaest.

312 3694 527 3744 Tuscul.
570 3708 635 3743 11.
692 3697 772 3744 15.
834 3691 984 3753 ‘Illi,
1022 3691 1107 3757 qui
1150 3691 1381 3741 Graeciae

312 3769 529 3821 formam
562 3769 1064 3834 rerumpublicarum
1102 3768 1383 3828 dederuut,

313 3859 537 3909 corpora
566 3845 816 3908 juvenum
850 3843 1040 3894 firmari
1082 3844 1261 3893 labore
1296 3856 1381 3891 vo·

315 3925 545 3973 luerunt.
549 3920 564 3943 ²
629 3922 718 3971 Sic
743 3926 983 3970 auctores
1010 3920 1197 3983 passim
1222 3918 1380 3969 etiam

312 3999 558 4061 dicuut‚‘
575 4010 818 4061 amorem,
835 3996 1125 4056 audactam
1140 3996 1385 4059 animum,

310 4076 653 4138 voluptatem,
690 4071 971 4129 crescere?
1005 4072 1040 4122 i.
1077 4088 1125 4122 e.
1161 4074 1381 4122 invales-

304 4151 456 4203 ’.σεῖε
525 4152 790 4201 Quantum
814 4163 938 4197 vero
969 4146 1115 4196 labor
1136 4147 1379 4196 corrobo-

312 4236 396 4281 ret
435 4227 694 4277 hominum
742 4225 995 4286 membra,
1031 4231 1217 4274 contra
1251 4238 1380 4274 vero

308 4305 473 4356 otium
516 4304 766 4367 resolvat,
817 4301 976 4353 docet
1023 4301 1380 4366 Hippocrates

2353 371 2529 439 1013

1466 528 1534 580 de
1558 529 1735 581 Diaeta
1759 530 1846 581 lib.
1875 543 1938 581 n.
1964 545 2016 594 p.
2039 535 2154 582 362.
2179 530 2527 596 οᾶί1.ξ1“·“ωείἰε
2592 520 2597 525 ’

1463 607 1685 671 Ῥαδυμίη
1718 608 1927 674 ὑγραίνη,
1964 608 2043 660 καὶ
2076 609 2272 662 ἀσθενὲς
2301 610 2360 660 τὸ
2393 614 2530 674 σῶμα

1462 685 1628 737 ποιέει·
1660 686 1802 737 πόνος
1834 686 1886 737 δὲ
1905 687 2095 751 ξηραίνη
2117 687 2194 738 καὶ
2219 687 2280 738 τὸ
2301 692 2437 751 σῶμα
2457 690 2532 742 ἰσ-

1465 764 1616 829 χυρὸν
1633 764 1799 815 ποιέει.
1847 810 1851 815 .
1869 766 2073 815 Desidia
2093 768 2346 824 humectat,
2368 773 2417 816 et
2439 767 2529 817 im·

1466 843 1682 891 becillum
1700 856 1888 905 corpus,
1912 842 2214 906 fluidumque
2233 844 2427 904 reddin
2458 847 2532 894 lu-

1467 920 1551 968 bor
1571 920 1735 983 siccut,
1759 925 1809 969 et
1828 919 2070 969 robustum
2090 922 2402 985 strictumque
2422 938 2529 971 cor-

1459 1012 1553 1060 pus
1583 997 1732 1057 facit.
1800 997 1969 1047 Item:
2004 998 2067 1046 ot
2097 997 2192 1063 ’γὰρ
2233 997 2530 1060 ἀγύμναστοι

1465 1076 1564 1123 τῶν
1583 1072 1835 1139 ἀνθρώπων
1856 1073 1950 1123 ἀπὸ
1963 1073 2140 1125 παντὸς
2157 1075 2528 1129 ventidius-ouon.

1469 1152 1784 1201 [inexercitati
1807 1152 2015 1200 homines
2040 1152 2101 1201 ab
2121 1154 2248 1201 omni
2266 1153 2424 1203 labore
2438 1154 2530 1212 sa·

1465 1230 1701 1289 figantur.
1767 1228 1967 1279 Horum
2004 1243 2189 1291 corpus
2224 1244 2325 1278 non
2357 1230 2532 1280 reddi-

1465 1315 1552 1355 tur
1587 1313 1776 1370 ‘opere
1823 1304 2041 1366 laetum,'
2093 1315 2150 1355 ut
2197 1314 2347 1355 autea
2393 1309 2529 1359 dixit

1466 1383 1687 1447 Plinius,
1711 1382 1762 1433 h.
1787 1397 1834 1434 e.
1877 1397 1978 1432 non
2002 1381 2062 1432 fit
2093 1384 2208 1445 ipso
2233 1384 2412 1436 labore
2435 1383 2530 1435 flo-

1463 1461 1645 1516 ridius,
1693 1461 2053 1526 ualidiusque3
2086 1461 2162 1509 nti
2206 1476 2406 1523 eorum,
2438 1463 2526 1527 qui

1462 1535 1695 1588 crebrius
1717 1545 2052 1587 exercentur.
2087 1536 2173 1586 Sic
2192 1538 2392 1587 Seneca
2413 1539 2529 1590 haec

1463 1613 1751 1676 conjungit,
1775 1612 1841 1660 de
1866 1612 1974 1668 Ira,
2002 1625 2061 1660 n.
2084 1616 2164 1661 15.
2197 1614 2214 1639 ‘
2232 1613 2420 1669 valida
2445 1629 2528 1664 ar-

1464 1690 1632 1744 busta,
1655 1696 1710 1738 et
1733 1686 1887 1737 laeta?
1933 1690 2260 1739 Burmannus
2285 1691 2350 1740 ad
2374 1692 2526 1743 Phae-

1462 1767 1637 1822 drum,
1670 1771 1812 1825 u.5.
1839 1765 1971 1815 bene
1995 1767 2245 1828 explicat,
2272 1767 2407 1818 unde
2429 1769 2527 1819 eti-

1463 1858 1545 1893 am
1561 1841 1954 1904 dicautur,laeta
1981 1840 2191 1905 viridia,
2214 1844 2351 1892 laetoe
2376 1858 2526 1909 sege-

1462 1928 1563 1976 tes,
1586 1921 1695 1970 laeti
1716 1920 1849 1983 agri,
1871 1920 1992 1969 laeta
2014 1920 2210 1972 liumus.
2247 1922 2494 1973 Schmun-z.

1529 1997 1740 2067 Mar-itas
1774 1998 2012 2062 Deorum]
2051 1998 2435 2062 Ut-Cephaluffi
2471 2007 2529 2051 et

1464 2072 1650 2131 Orion,
1680 2075 1746 2125 ab
1781 2074 1985 2124 Aurora
2014 2075 2182 2139 rapti3
2220 2076 2527 2140 deonorum
2568 2076 2573 2081 ’

1464 2153 1630 2215 primo
1654 2151 1944 2200 Pausanias
1967 2150 2020 2200 in
2045 2150 2238 2201 Lacon.
2271 2153 2336 2203 de
2360 2155 2529 2204 altero

1462 2227 1727 2287 Homerus
1772 2228 1966 2292 odyss.
2009 2235 2066 2278 Ε.
2098 2232 2414 2282 mentionem
2449 2232 2528 2283 fa-

1463 2306 1626 2355 ciunt.
1694 2306 1830 2356 Item
1876 2306 2089 2371 Peleus,
2136 2321 2288 2371 quem
2330 2310 2528 2376 Thetys

1462 2383 1564 2433 sibi
1599 2383 1829 2448 jugavit,
1874 2383 2158 2434 secundum
2214 2385 2525 2450 Apollodor.

1460 2460 1552 2511 lib.
1594 2474 1682 2509 ιιι.
1720 2461 1807 2525 qui
1843 2475 2019 2510 omnes
2053 2462 2211 2512 hosce
2247 2478 2277 2512 a
2303 2463 2527 2514 venandi

1460 2535 1632 2586 studio
1655 2536 1854 2586 laudat.
1921 2537 2021 2586 His
2048 2538 2165 2587 addi
2193 2545 2368 2602 potest
2394 2540 2524 2604 Hip·

1460 2616 1689 2678 polytus‚
1721 2622 1941 2678 propter
1978 2615 2301 2665 venationem
2335 2617 2526 2668 Diauae

1459 2691 1773 2741 carissimus.
1809 2692 2031 2741 Patarol.

1524 2768 1740 2818 Maritos
1786 2767 2023 2830 Deorum]
2058 2767 2270 2826 Peleus,
2308 2768 2524 2820 Achillis

1460 2852 1630 2908 pater,
1649 2844 1885 2894 'lbetidis
1908 2845 2142 2901 maritus,
2178 2843 2337 2896 Ovid.
2353 2846 2523 2911 Epist.

1462 2937 1519 2973 v.
1542 2921 1803 2985 Cephalus
1828 2920 2046 2970 Aurorae
2072 2921 2156 2970 Id.
2179 2920 2245 2970 de
2267 2922 2383 2972 Art.
2408 2923 2528 2976 Am.

1460 3000 1550 3050 lib.
1574 3011 1664 3048 ιιι.
1687 2998 2010 3062 Hippolytus
2033 3000 2242 3062 Dianae,
2267 2999 2398 3049 Met.
2419 3014 2520 3051 vu.

1458 3077 1615 3126 Beru.

1523 3154 1600 3203 Ac
1623 3151 1864 3215 Deorum]
1901 3154 2058 3203 Deum
2082 3154 2146 3203 V.
2181 3154 2345 3205 Licin.

1523 3230 1739 3279 Deorum
1778 3229 1972 3293 liberos]
2019 3229 2300 3294 Theseum,
2340 3231 2525 3284 Casto·

1457 3322 1590 3372 rem,
1612 3308 1900 3371 Pollucem,
1919 3310 2145 3374 aliosque
2168 3311 2365 3374 plures.
2398 3310 2527 3362 Ber·

1457 3400 1660 3446 negger.

1524 3462 1736 3512 Deorum
1763 3462 1957 3526 liberos]
1991 3463 2066 3513 Ut
2091 3463 2278 3512 Castor
2313 3470 2364 3511 et
2403 3462 2527 3512 Pol·

1456 3538 1567 3595 lux,
1622 3539 1767 3590 Jovis
1822 3539 1933 3595 filii,
1975 3539 2042 3588 de
2098 3540 2283 3602 quibus
2328 3540 2522 3589 citatus

1457 3615 1760 3681 Apollodor.
1795 3615 1921 3665 ibid.
1986 3615 2074 3665 Sic
2108 3616 2301 3678 Dryas,
2347 3615 2523 3666 Marte

1458 3693 1686 3756 genitus,
1726 3692 2010 3749 *secuudum
2058 3690 2301 3753 eundem,
2342 3692 2433 3742 lib.
2478 3706 2520 3743 1.

1457 3769 1736 3829 Hercules,
1760 3776 1812 3816 et
1837 3768 1940 3816 alii.
1974 3768 2194 3817 Patarol.

1524 3846 1737 3894 Deorum
1776 3844 1975 3909 liberos]
2037 3843 2239 3894 Horum
2281 3844 2520 3908 quaedam

1455 3921 1664 3972 nomina
1693 3922 1807 3985 jam
1846 3922 2111 3971 recensuit
2148 3922 2378 3972 Patarol.
2407 3922 2521 3974 Cic.

1456 4000 1508 4048 in
1535 3999 1742 4061 Fragm.
1763 3997 1830 4048 de
1858 3998 2131 4055 Universo,
2165 4013 2213 4047 c.
2237 4003 2316 4047 ll.
2359 3998 2520 4050 ‘Cre-

1452 4075 1679 4126 dendum
1715 4081 1798 4125 est
1836 4075 2098 4124 veteribus
2132 4082 2188 4124 et
2224 4075 2427 4137 priscis,
2463 4083 2525 4126 ut

1453 4156 1621 4217 aiunt,
1647 4152 1785 4209 viris,
1822 4152 1910 4215 qui
1946 4165 2002 4200 se
2040 4152 2340 4216 progeniem
2378 4153 2517 4203 Deo-

1456 4246 1569 4282 rum
1593 4244 1707 4282 esse
1726 4229 2003 4290 dicebant;
2037 4228 2211 4292 itaque
2230 4242 2405 4278 eorum
2428 4244 2513 4294 vo·

1454 4308 1645 4360 cabula
1683 4306 1829 4358 uobis
1866 4304 2251 4373 prodiderunt.'

2315 4307 2527 4373 Intellig
2608 4341 2615 4349 -
