3017 4942
745 400 814 446 e.
865 396 1113 447 remu
1164 395 1498 449 saeuum
1548 397 1826 448 ranae.
1904 399 1954 447 1.
1998 381 2108 449 52.

319 541 579 609 juberet-⁹
612 543 698 595 Ita
712 543 1014 595 Suetonius.
1046 543 1156 594 Dio
1169 543 1269 593 hoc
1283 557 1393 593 am·

327 622 481 686 plius,
503 622 554 670 in
579 623 790 672 Nerva:
827 619 971 671 Μίσει
989 619 1042 670 δὲ
1060 622 1148 672 τοῦ
1160 627 1393 681 Aones-m·

324 700 412 749 νοῦ
432 700 483 748 αἱ
501 698 678 750 eineres·
698 700 859 764 αὐτοῦ,
880 697 1060 748 πολλαὶ
1075 696 1165 759 μὲν
1178 697 1393 762 ἀργυραῖ,

322 774 506 825 πολλαὶ
534 773 588 824 δὲ
616 775 695 825 καὶ
724 777 905 838 χρυσαῖ
934 772 1073 824 οὖσαι
1101 772 1392 836 σννεχωνεύ·

321 855 492 914 θησαν,
528 850 608 901 καὶ
646 852 695 914 ἐξ
738 853 895 902 αὐτῶν
934 849 1130 913 μεγάλα
1168 849 1393 915 χρήματα

319 927 581 990 συνελέγη.
637 929 765 978 Odia
785 928 1081 992 Domitiani,
1101 934 1274 978 statua
1294 930 1394 991 effus

317 1007 484 1055 nultoe
517 1011 777 1067 argentea,
813 1007 975 1055 multoe
1009 1010 1060 1055 et
1090 1019 1249 1054 aurea
1280 1020 1390 1055 con·

305 1081 454 1146 ,βατα-
484 1088 618 1140 sunt,
650 1089 791 1147 atque
819 1083 992 1145 ing-ens
1023 1082 1222 1146 pecunia
1248 1096 1310 1130 ex
1329 1081 1394 1131 iis

301 1160 467 1218 sacta.
507 1160 655 1223 Lips.

389 1237 585 1286 Gaudio
616 1237 898 1301 litaverant]
939 1236 988 1286 1.
1011 1250 1060 1286 e.
1082 1236 1184 1287 illae
1210 1236 1393 1287 Domi·

317 1314 447 1363 tiani
472 1321 683 1377 statuae,
708 1322 982 1378 postquam
1008 1313 1228 1377 dejectae
1250 1321 1391 1372 aliut,

316 1397 496 1452 strage
536 1405 627 1440 sua
665 1398 721 1439 et
755 1391 919 1452 ruina,
956 1398 1202 1455 tanquam
1239 1398 1390 1456 grato

314 1466 542 1531 quodam
562 1466 820 1517 sacrificio
837 1465 1005 1530 facto,
1018 1466 1391 1519 satisfecerunt

314 1544 508 1606 gaudio
530 1543 761 1608 publico,
778 1544 936 1608 idque
954 1545 1098 1608 qussi
1117 1545 1391 1595 satiaruut.

314 1620 331 1648 4
358 1622 544 1672 Litare
564 1622 580 1644 ’
622 1637 723 1672 non
771 1622 1058 1685 generatim
1109 1620 1392 1687 siguificat,

313 1696 642 1759 sacrificare;
666 1697 760 1746 sed
783 1698 1076 1761 speciatim,
1094 1696 1389 1748 sacrifican-

313 1776 384 1823 do
410 1777 556 1825 Deos
592 1777 818 1839 placare,
849 1790 1063 1842 eosque,
1094 1782 1219 1826 voto
1254 1776 1389 1825 solu-

314 1858 389 1909 to,
414 1853 723 1916 propitiare.
777 1853 967 1903 Festus
990 1853 1086 1910 ait,
1117 1852 1135 1882 4
1154 1853 1389 1918 Litatum,

313 1929 403 1979 alii
427 1930 672 1993 solutum,
692 1929 926 1981 deditum
953 1929 1083 1987 Deo,
1112 1930 1261 1995 quasi
1288 1930 1386 1981 lui·

312 2013 505 2057 tatum.
572 2006 679 2056 Alii
715 2022 783 2058 ex
822 2006 1014 2058 Graeco
1053 2023 1083 2057 a
1128 2007 1388 2070 precibus,

311 2097 442 2147 quas
467 2083 540 2132 illi
567 2083 707 2134 λιτὰς
728 2082 947 2134 dicunt.’
1015 2085 1219 2135 Nouius
1242 2086 1385 2134 Mar·

244 2158 248 2166 '
311 2161 500 2224 cellus,
530 2161 750 2218 ‘Litai-e,
773 2169 856 2211 est
884 2161 1193 2225 propitiare,
1215 2168 1270 2211 et
1296 2175 1384 2211 ve·

310 2242 423 2285 tum
458 2237 763 2301 impetrare.
829 2237 1016 2301 virgil.
1065 2238 1384 2289 AEn.1v.6⁰.

309 2312 536 2363 Plautus
573 2315 622 2363 in
659 2314 898 2375 Poenulo,
930 2329 991 2363 ιι.
1011 2317 1096 2364 42.
1134 2314 1386 2380 ‘Jupiter

307 2387 497 2451 faciat,
532 2397 590 2439 ut
624 2405 832 2455 semper
867 2390 1176 2451 sacrificem,
1213 2406 1383 2457 neque

308 2480 542 2531 unquam
577 2466 764 2514 litem.’
827 2468 1044 2519 Sueten.
1069 2468 1120 2516 iu
1146 2469 1382 2526 Nerone,

309 2556 430 2608 cap.
449 2547 533 2593 56.
566 2544 583 2571 4
606 2542 847 2605 Attendit
874 2552 937 2595 et·
960 2545 1261 2608 extispicio,
1283 2561 1381 2597 nee

307 2638 539 2688 unquam
582 2623 791 2675 litavit!
867 2624 1049 2674 Aurel-
1089 2625 1275 2677 Victor
1315 2628 1380 2678 de

308 2698 455 2748 Viris
488 2700 687 2749 Illustr.
722 2715 769 2751 c.
794 2704 844 2750 4.
879 2702 1094 2750 ‘Tullus
1128 2703 1381 2754 Hostilius

305 2775 431 2828 Jovi
457 2776 625 2826 Elicio
647 2777 799 2826 litare
823 2791 923 2827 non
945 2778 1177 2842 potuit.'’
1223 2782 1383 2832 Varie

305 2854 406 2904 hoc
431 2856 649 2904 verbum
672 2858 1013 2905 construitur.
1080 2856 1381 2923 Aliquando

307 2929 618 2993 simpliciter
638 2931 868 2994 ponitur,
886 2931 964 2981 uti
986 2932 1035 2981 in
1056 2933 1183 2983 locis
1200 2934 1381 2984 Plauti

307 3014 365 3056 et
387 3008 627 3057 Suetonii
652 3008 804 3057 modo
831 3008 1029 3058 citatis.
1095 3009 1186 3060 Sic
1208 3018 1265 3060 et
1287 3011 1381 3061 Se·

305 3097 441 3133 neca
465 3083 518 3131 in
538 3082 808 3146 Agamem.
824 3099 901 3133 vs.
920 3088 1037 3134 577.
1058 3086 1073 3112 4
1092 3086 1379 3151 Postquam

305 3159 519 3210 litatum
554 3170 657 3221 est,
693 3163 790 3213 Ilio
813 3162 1044 3212 Pboebus
1068 3164 1241 3227 redii:
1275 3165 1309 3214 i.
1330 3179 1380 3216 e.

306 3244 585 3300 postquam
611 3237 726 3287 Diis
760 3247 904 3299 grato
935 3238 1193 3288 sacrificio
1229 3241 1380 3291 satis·
1411 3278 1414 3283 -

307 3309 506 3362 factum
534 3320 635 3375 est,
666 3322 722 3364 et
751 3314 992 3376 solutum,
1016 3316 1153 3380 quod
1191 3317 1266 3367 illi
1290 3318 1378 3367 de·

307 3387 419 3439 beri
439 3390 539 3439 sibi
565 3392 909 3449 voluere,&c.
980 3393 1278 3457 Aliquando
1301 3394 1379 3445 di-

307 3474 497 3515 cuntur
531 3466 762 3517 homines
798 3471 814 3498 4
835 3468 1022 3531 litare,'
1056 3479 1148 3521 aut
1185 3472 1202 3500 4
1224 3473 1379 3533 perli-

308 3547 421 3591 tare
463 3543 692 3592 victimis
714 3542 731 3566 ’
769 3544 850 3594 vel
884 3544 1143 3596 ‘hostiis.'
1207 3547 1378 3597 Tacit.

305 3618 372 3668 de
410 3619 596 3680 Germ.
630 3634 679 3670 c.
714 3624 764 3670 9.
800 3621 817 3650 4
838 3621 1110 3672 Mercurio
1144 3622 1379 3673 humanis

305 3711 511 3764 quoque
535 3696 718 3747 hostiis
737 3698 883 3747 litare
900 3696 979 3748 fas
996 3698 1230 3750 babent-⁹
1257 3702 1377 3752 Flo·

306 3788 394 3822 rus
443 3788 525 3824 lv,
566 3778 615 3823 2.
669 3775 826 3825 <Nec
871 3774 1123 3837 perlitare
1167 3785 1376 3831 centum

306 3849 533 3899 victimis
560 3848 805 3912 poterat?
856 3849 1013 3915 Apul.
1038 3851 1126 3901 lib.
1150 3865 1237 3902 ιιι.
1261 3868 1379 3917 pag.

307 3933 420 3980 137.
464 3930 481 3956 4
511 3929 652 3977 Litat
691 3927 831 3979 vario
869 3930 1048 3986 latice,
1083 3944 1221 3981 nuuc
1259 3945 1377 3982 rore

304 4003 544 4066 fontano,
587 4020 726 4054 utine
781 4004 919 4055 lacte
976 4005 1234 4069 vaccino‚’
1277 4010 1379 4058 &m

305 4074 606 4146 ‘Aliquando
628 4095 753 4130 caeu
785 4088 971 4144 quarto
1001 4081 1264 4131 adduntur
1287 4072 1380 4133 νοέ

306 4173 412 4219 ces,
434 4167 450 4190 ⁸
469 4158 658 4216 sacra?
688 4166 702 4187 ⁸
725 4158 888 4223 exta,'
909 4161 1007 4208 διο.
1046 4158 1206 4210 Ovid.
1233 4161 1377 4213 Faat.

306 4249 383 4286 ιν.
414 4239 530 4286 630.
567 4238 583 4263 4
603 4233 890 4285 Pontifices
924 4235 1078 4285 forda
1111 4235 1376 4303 [gravida]

307 4326 453 4364 saera
476 4313 629 4364 litate
654 4310 825 4377 bore?
867 4313 939 4364 Et
961 4313 1097 4366 Met.
1117 4327 1237 4366 xiv.
1260 4319 1374 4366 106.

2403 381 2535 451 761

1468 544 1485 574 ⁸
1512 541 1790 608 Sacrisque
1834 557 1866 594 e
1916 556 2061 595 more
2116 541 2280 594 litatis
2333 542 2540 597 Littord

1467 617 1612 669 adit.’
1679 620 1839 669 Fallit
1878 619 2015 669 enim
2055 619 2268 670 Servius
2310 619 2376 669 ad
2415 622 2537 672 Vir-

1466 696 1666 760 gilium,
1687 710 1902 759 negans,
1936 696 2036 746 dici
2073 710 2242 759 posse,
2271 696 2287 723 4
2306 710 2453 747 sacra
2474 697 2536 748 li-

1468 771 1737 834 tari‚’sut,
1775 774 1791 801 ‘
1813 786 1904 821 nos
1937 786 2086 822 sacra
2111 769 2300 822 litare.'
2367 773 2536 824 Porro
2596 795 2606 803 ·

1466 848 1718 913 Propert.
1750 862 1828 899 lv.
1858 853 1906 898 1.
1940 849 1957 877 ‘
1981 849 2174 899 Pastor
2208 855 2261 898 et
2294 847 2362 897 ad
2398 851 2536 900 cala-⁸

1465 939 1577 976 moa
1623 933 1765 981 exta,
1793 925 1980 976 litabat
2030 924 2181 976 ovis.’
2244 925 2536 992 Aliquando

1465 1002 1582 1067 ipss
1603 1011 1618 1033 ‘
1640 1004 1884 1065 victima,'
1913 1011 1968 1055 et
2004 1012 2020 1035 ⁴
2038 1003 2388 1066 sacrificinm,’
2407 1006 2534 1057 item

1465 1087 1522 1130 et
1556 1079 1716 1137 ‘ara,'
1750 1081 1903 1129 litare
1934 1080 2147 1132 dicitur.
2215 1079 2376 1131 Ovid.
2397 1083 2537 1134 Met.

1466 1170 1567 1208 xv.
1591 1161 1708 1207 794.
1741 1158 1759 1188 ⁴
1782 1158 2013 1209 Victima
2039 1159 2177 1208 nulls
2202 1157 2356 1210 litat.'
2388 1160 2535 1209 Mar·

1466 1233 1575 1283 tial.
1615 1247 1674 1283 x.
1713 1238 1796 1283 7⁸.
1838 1234 1994 1284 ‘Non
2032 1249 2340 1301 quacunque
2379 1249 2534 1288 manu

1465 1310 1677 1359 victima
1709 1325 1842 1360 caasa
1875 1309 2036 1361 litat!
2102 1311 2253 1362 Idem
2289 1326 2417 1362 vm.
2452 1318 2535 1365 15.

1462 1386 1681 1437 ‘Omnis
1705 1388 1840 1437 etad
1866 1387 2108 1438 reducem
2136 1390 2256 1438 dum
2288 1388 2407 1439 litat
2440 1403 2536 1441 ara

1464 1462 1689 1514 ducem.'
1754 1465 1969 1514 Sueten.
1989 1464 2130 1529 Aug.
2159 1480 2206 1516 c.
2227 1470 2311 1515 96.
2346 1469 2362 1495 4
2380 1467 2534 1518 Circa

1465 1541 1756 1604 Perusiam,
1790 1541 2042 1591 sacrificio
2077 1555 2180 1591 non
2216 1542 2420 1607 litante,
2445 1559 2536 1595 au·

1464 1617 1579 1681 geri
1612 1618 1808 1667 bestias
1847 1616 2156 1682 imperavit)
2219 1618 2358 1669 Plin.
2390 1618 2535 1673 Hist.

1464 1695 1598 1745 Nat.
1617 1709 1746 1745 vm.
1763 1699 1847 1746 45.
1873 1702 1888 1724 ‘
1909 1695 2028 1746 Hoc
2045 1710 2251 1762 quoqne
2272 1702 2532 1756 notatum,

1464 1772 1658 1822 vitulos
1682 1772 1746 1822 ad
1770 1787 1885 1822 aras
1906 1773 2131 1823 humeris
2161 1774 2381 1825 hominis
2402 1775 2530 1827 alls·

1464 1853 1548 1898 tos
1570 1863 1672 1898 uon
1696 1846 1809 1898 fere
1832 1848 1985 1897 litare
2004 1862 2022 1910 ς
2057 1850 2191 1899 sicut
2213 1864 2313 1899 nec
2335 1850 2529 1900 claudi-

1462 1933 1638 1993 cante,
1675 1941 1774 1977 uec
1810 1927 1980 1977 aliena
2017 1927 2205 1992 hostia,
2241 1930 2384 1979 Deos
2418 1929 2531 1992 pla·

1459 2006 1604 2060 cari-³
1665 2008 1768 2059 Ubi
1793 2008 1958 2058 insuia
1982 2014 2065 2058 est
2091 2009 2365 2060 hariolatio
2391 2008 2533 2059 Har-

1460 2083 1624 2145 dnini,
1647 2081 1783 2135 forte
1815 2084 1952 2150 apud
1986 2085 2215 2136 Plinium
2252 2085 2528 2149 legendum

1460 2174 1573 2210 esse
1595 2161 1750 2222 litori,
1773 2168 1832 2211 ut
1857 2175 1973 2211 mox
1994 2162 2194 2225 placari.
2247 2162 2416 2213 Sicuti
2439 2177 2531 2212 su·
2610 2152 2621 2161 “

1461 2243 1588 2297 tem,
1623 2238 1667 2287 si
1699 2238 1813 2288 Diis
1849 2239 2090 2288 litabatur
2128 2238 2290 2302 gratis
2326 2238 2530 2303 hostiis,

1459 2311 1736 2365 dicebatur
1771 2315 1833 2364 iis
1874 2316 2021 2376 solvi,
2055 2316 2192 2381 quod
2230 2314 2532 2377 deberetur,

1456 2389 1746 2455 iisdemque
1791 2392 2051 2448 satisfieri,
2096 2400 2156 2443 ut
2206 2393 2400 2457 placati
2444 2407 2531 2444 ac·

1457 2469 1815 2533 quiescerent=
1853 2471 1928 2520 ita
1963 2469 2176 2520 verbum
2207 2471 2352 2519 litare
2381 2487 2530 2530 μετα-

1456 2549 1657 2609 φορικῶς
1678 2546 1871 2596 dicitur
1893 2562 2005 2611 pro,
2024 2545 2330 2597 satisfacere
2351 2547 2530 2605 alicui,

1455 2626 1673 2689 explere
1715 2631 1871 2688 atque
1906 2633 2146 2674 saturare
2184 2624 2402 2689 alicujus
2437 2634 2531 2675 vo⁴

1456 2699 1712 2750 luntatem
1735 2714 1796 2749 ac
1816 2700 2177 2764 cupiditatem.
2226 2697 2386 2764 Apud
2413 2700 2529 2752 Cic.

1452 2774 1569 2825 baec
1615 2775 1850 2837 legimus,
1895 2790 1991 2839 pro
2034 2776 2241 2832 Flacco,
2287 2789 2406 2839 cap.
2446 2778 2530 2825 38.

1452 2853 1469 2881 4
1492 2854 1664 2904 Quam
1690 2853 1909 2916 potestis
1937 2853 1996 2902 P.
2023 2852 2246 2901 Lentulo
2274 2884 2289 2900 .
2313 2882 2328 2900 .
2348 2883 2364 2899 .
2384 2862 2527 2902 mac·

1454 2935 1572 2980 tare
1598 2930 1854 2980 victimam
1894 2930 2194 2994 gratiorem,
2220 2944 2375 2994 quam
2397 2930 2442 2978 si
2468 2929 2529 2979 1..

1456 3006 1638 3056 Flacci
1655 3007 1905 3070 sanguine
1928 3006 2065 3056 illius
2084 3005 2339 3057 nefarium
2362 3006 2413 3056 io
2436 3020 2527 3058 uos

1453 3097 1635 3134 omnes
1656 3083 1831 3133 odium
1858 3083 2258 3135 salutaveritis?
2289 3085 2527 3139 Litemus

1450 3159 1610 3223 igitur
1649 3161 1911 3222 Lentulo;
1961 3169 2297 3225 parentemus
2334 3162 2527 3212 Cethe-

1453 3239 1558 3307 gm’
1623 3236 1878 3302 Apuleius
1925 3238 2112 3287 crebro
2156 3238 2528 3302 metaphoricis

1453 3314 1710 3378 ejusmodi
1755 3313 1990 3365 formulis
2033 3330 2157 3367 usus
2202 3325 2321 3380 θείς
2374 3332 2424 3368 ν.
2471 3332 2524 3381 g.

1451 3392 1588 3442 Met.
1624 3405 1713 3442 ιιι.
1736 3394 1851 3442 131.
1886 3395 1903 3422 4
1924 3393 2138 3442 Parvuli
2172 3393 2326 3457 hujus
2360 3393 2525 3444 fortu-

1451 3470 1533 3519 nis
1565 3470 1877 3527 succurrite,
1913 3477 1971 3519 et
2006 3469 2073 3519 de
2119 3470 2335 3520 latronis
2371 3470 2523 3534 liujus

1451 3546 1702 3606 sanguine
1725 3544 1922 3609 legibus
1945 3545 2132 3595 vestris
2155 3551 2211 3594 et
2233 3545 2529 3610 disciplinae

1453 3621 1676 3685 publicae
1710 3622 1859 3672 litate
1878 3620 1911 3682 ;’
1945 3622 1978 3673 i.
2005 3635 2054 3671 e.
2092 3619 2400 3671 satisfacite.
2469 3621 2523 3671 I-

1450 3698 1571 3749 deni
1598 3698 1689 3749 lib.
1711 3711 1765 3747 v.
1798 3712 1917 3763 pag.
1941 3701 2054 3748 172.
2088 3697 2107 3726 ‘
2127 3697 2280 3746 Tunc
2315 3691 2522 3762 injurio?

1448 3791 1583 3829 meae
1623 3778 1827 3827 litatum
1875 3774 2211 3838 crediderim,
2249 3787 2368 3823 cum
2411 3775 2525 3838 ejus

1449 3866 1624 3904 comas
1647 3851 1969 3914 deraserim.'
2019 3850 2136 3900 Lib.
2164 3863 2240 3900 vs.
2267 3864 2389 3914 pag.
2408 3854 2523 3902 18⁶.

1447 3928 1465 3958 4
1485 3930 1557 3980 Ε1
1593 3938 1669 3991 tu,
1703 3931 1934 3979 Fortuna
1967 3926 2166 3989 durior,
2188 3927 2301 3991 jam
2336 3929 2520 3978 saevire

1448 4005 1674 4057 desiste!
1730 4005 1827 4055 Sat
1852 4004 1949 4054 tibi
1974 4004 2178 4053 miseris
2212 4003 2326 4053 istis
2353 4004 2522 4056 cruci·

1450 4081 1625 4131 atibus
1662 4081 1790 4130 meis
1826 4080 2032 4130 litatum
2069 4078 2190 4129 est.'
2239 4080 2356 4130 Lib.
2395 4093 2527 4135 vnn.

1450 4173 1574 4223 pag.
1602 4161 1717 4207 2⁰8.
1751 4163 1767 4186 ⁴
1793 4157 1909 4207 Nec
1932 4170 2040 4205 suae
2070 4155 2289 4206 soevitioe
2312 4157 2527 4217 litatum

1449 4235 1638 4284 saltem
1664 4240 1814 4285 lauto
1838 4234 2070 4297 periculo
2094 4247 2332 4296 cernens,
2354 4238 2528 4300 poluit

1450 4309 1692 4379 expleri.'
1741 4312 1946 4363 Seneca
1967 4311 2019 4362 in
2042 4310 2256 4376 Medea,
2281 4325 2356 4367 vs.
2375 4315 2523 4365 1019.
