3017 4942
441 354 618 423 1030

441 512 602 576 fastu,
644 515 957 580 conjunctus
1000 522 1103 578 est,
1147 523 1204 568 et
1247 517 1507 569 incessum

440 589 709 652 nobilium,
725 606 788 642 ac
808 593 1041 644 Deorum
1063 595 1379 651 Dearumve‚
1397 595 1508 644 imi·

443 672 609 716 tatur.
642 667 728 718 Sic
746 667 959 721 Sallust.
981 668 1104 733 Jug.
1125 683 1243 734 cap·
1265 673 1348 719 sl.
1380 675 1396 700 4
1420 670 1512 719 In-

446 741 644 792 cedunt
695 756 793 806 per
834 758 928 795 ora
981 753 1151 796 vestra
1204 746 1513 811 magnifice!

444 820 635 883 Virgil.
659 821 776 872 AEn.
803 835 843 872 ι.
876 826 992 873 405.
1026 824 1095 874 de
1127 825 1363 876 Veneres
1397 825 1413 853 ‘
1438 827 1511 876 Et

444 910 571 947 vera
590 897 794 948 incessu
812 899 984 962 patuit
999 899 1150 951 Dea.’
1181 901 1318 952 Ibid.
1341 906 1515 954 vsaffl.

446 974 515 1024 de
555 975 795 1026 sunone:
829 977 847 1005 ‘
869 975 973 1026 Ast
1007 992 1128 1042 ego,
1162 994 1277 1043 quae
1312 979 1511 1030 Divum

443 1051 636 1103 incedo
662 1053 862 1117 regina,
892 1053 1142 1121 Jovisque
1169 1057 1238 1106 Et
1262 1070 1426 1114 soror,
1457 1064 1515 1107 et

447 1127 682 1193 conjux?
760 1130 1070 1181 Iudicabunt
1112 1133 1250 1183 enim
1285 1142 1515 1196 veteres,

445 1212 666 1256 notante
678 1207 1033 1272 Taubmanuo,
1047 1209 1083 1261 J
1090 1221 1304 1260 uuonem
1326 1210 1517 1273 insigni

446 1283 669 1347 quadam
702 1284 978 1348 majestate
1010 1286 1243 1336 incessus
1280 1288 1517 1351 ingredi3

443 1359 589 1411 unde
614 1361 964 1424 proverbium,
997 1368 1012 1391 4
1035 1362 1266 1414 Junonio
1287 1364 1520 1416 lucessu’

449 1436 734 1493 ambulare.
805 1438 942 1488 Illud
970 1446 1145 1490 tamen
1167 1455 1270 1491 uon
1292 1449 1375 1492 est
1399 1457 1518 1506 per-

448 1519 700 1577 petuum3
735 1529 852 1564 uam
875 1514 1129 1567 Quinctil.
1165 1517 1344 1568 Instit.
1368 1519 1524 1569 Orat.

448 1602 506 1640 v.
529 1595 578 1640 9.
599 1591 756 1641 etiam
779 1591 1068 1641 ‘incessum
1091 1591 1309 1643 fractum
1325 1592 1343 1617 '
1362 1593 1518 1654 dixit,

449 1664 688 1733 huncque
733 1668 870 1717 iuter
908 1669 1077 1718 mollis
1111 1676 1167 1719 et
1205 1684 1384 1733 parum
1419 1671 1519 1722 viri

445 1744 595 1808 signa
638 1746 837 1796 retulit.
920 1746 1002 1796 Ex
1047 1754 1063 1777 4
1099 1747 1281 1798 vultu’
1324 1748 1516 1814 autem,

451 1821 468 1851 4
492 1821 846 1888 ingressuque,
882 1824 1111 1890 perspici
1145 1825 1379 1879 habitum
1412 1828 1520 1877 ani·

447 1898 847 1966 morumssidem
867 1901 1102 1968 tradidit,
1124 1915 1202 1952 xi.
1222 1907 1272 1953 3.
1295 1904 1520 1954 Schwar-

453 1989 557 2025 aas

519 2053 713 2119 Sufficit
747 2054 960 2119 obsequii
985 2056 1172 2122 gloria]
1210 2056 1523 2109 Manifestus

454 2136 539 2180 est
563 2143 709 2179 error
741 2131 938 2180 librarii
962 2132 1013 2181 in
1037 2133 1218 2182 codice
1242 2134 1523 2199 Patavino,

456 2211 514 2255 et
556 2205 732 2255 Aldini
778 2207 1109 2270 typographi,
1160 2209 1213 2257 in
1270 2211 1399 2261 edit.
1441 2227 1525 2261 an.

458 2285 603 2331 1⁵18.
627 2281 715 2330 ubi
732 2289 879 2331 extat
894 2282 1100 2347 obsequi,
1117 2292 1274 2349 atque
1292 2287 1528 2350 incubuit,

457 2359 592 2422 quod
620 2373 715 2422 pro
735 2359 906 2409 imbuit
934 2361 1131 2425 legitur
1154 2363 1204 2411 in
1232 2364 1525 2414 Kirclunai-

458 2436 535 2484 eri
558 2435 824 2498 editione;
856 2452 954 2487 nec
991 2439 1187 2500 placet,
1219 2439 1356 2504 quod
1391 2442 1527 2491 liber

457 2513 743 2564 Vossianus
776 2514 955 2577 babet,
995 2517 1215 2575 instruit,
1248 2533 1345 2582 pro
1382 2518 1526 2569 insti·

461 2590 577 2639 tuit.
613 2590 778 2640 Idem.

530 2667 760 2731 Obsequii
774 2668 960 2733 gloria]
980 2669 1134 2723 Quod
1159 2672 1425 2735 proprium
1447 2671 1528 2723 fe-

459 2742 616 2792 minae
636 2749 744 2808 est,
768 2744 952 2795 audire
975 2746 1219 2796 maritum
1243 2753 1300 2798 et
1323 2762 1529 2812 parere.

534 2894 761 2959 Obsequii
771 2897 952 2960 gloria]
967 2897 1186 2948 Terent.
1207 2898 1344 2963 apud
1358 2899 1534 2950 Tacit.

462 2970 657 3022 Annal.
680 2986 807 3023 vlu.
830 2977 880 3022 8.
912 2981 926 3003 4
946 2974 1062 3024 Tibi
1084 2989 1337 3024 summum
1360 2990 1532 3026 rerum

455 3047 709 3113 judicium
734 3049 827 3100 Dii
861 3049 1091 3101 dedere:
1129 3051 1276 3102 nobis
1297 3053 1532 3118 obsequii

465 3126 632 3190 gloria
654 3126 841 3176 relicta
862 3126 979 3177 est!
1015 3128 1165 3178 Beni.

532 3201 635 3263 An,
656 3216 761 3251 eum
781 3203 969 3267 videat]
1015 3203 1089 3254 Ae
1111 3220 1218 3255 eum
1250 3206 1418 3256 videet
1447 3207 1535 3257 Li·
1565 3201 1568 3205 ’

465 3276 572 3327 vin.
596 3277 649 3327 iu
676 3284 821 3327 textu
839 3296 854 3341 ;
875 3280 1039 3330 sedin
1056 3283 1307 3347 margine,
1330 3285 1408 3334 Aa
1431 3299 1538 3334 cuns

465 3353 629 3404 videat
648 3353 720 3402 V.
738 3355 797 3403 C.
823 3355 887 3403 R.

537 3431 696 3487 Quum
716 3435 766 3481 te
784 3433 945 3481 nullu
962 3432 1142 3497 term]
1173 3432 1354 3484 Codex
1378 3433 1538 3484 Pata·

470 3507 621 3558 vinus
679 3515 736 3558 et
780 3502 910 3557 liber
951 3509 1236 3560 Vossianus
1283 3509 1541 3574 referunt,

470 3586 556 3635 An
576 3601 683 3635 cum
704 3586 898 3636 uideam
923 3591 989 3649 te,
1025 3602 1163 3651 quent
1187 3588 1347 3637 nunus
1365 3593 1542 3649 terror,

471 3665 556 3728 &⁰-
623 3663 757 3714 Quoe
794 3662 954 3713 lectio
987 3665 1154 3726 possit
1192 3663 1417 3720 admitti,
1444 3665 1544 3714 nisi

473 3739 524 3788 ei
578 3739 742 3789 ceteri
792 3739 913 3788 libri
957 3754 1137 3790 omnes
1191 3739 1543 3804 refragentur.

475 3816 656 3865 Nullus
670 3822 844 3865 autem
867 3821 1025 3866 terror
1048 3815 1243 3865 dicitnr
1260 3817 1541 3880 Trajannm

472 3893 725 3942 comitatus
745 3907 860 3954 esse,
884 3893 1004 3958 quia
1028 3893 1071 3942 is
1094 3906 1195 3943 non
1216 3893 1544 3946 multitudine

472 3970 696 4020 militum
741 3970 1129 4034 satellitumque
1177 3974 1419 4033 tanquam
1463 3977 1545 4034 ty·

476 4060 671 4096 rannus
689 4045 902 4095 incessit
926 4045 1165 4110 stipatus,
1193 4043 1257 4093 ad
1292 4051 1546 4095 terrorem

477 4120 646 4172 obviis
702 4120 1079 4172 incutiendum.
1166 4118 1304 4168 Vide
1368 4134 1546 4184 supra,

480 4196 546 4247 ad
572 4211 625 4258 p.
648 4199 764 4247 684.
815 4198 1004 4261 Neque
1023 4210 1140 4246 enm
1162 4208 1547 4259 praecursornm

476 4271 734 4324 tumultus
766 4271 1008 4322 detinuit.
1070 4269 1208 4321 Vide
1245 4271 1312 4323 ad
1348 4285 1547 4326 Lxxvr.

1142 374 1359 425 NoTAE
1407 372 1820 427 vammum
1869 378 1954 428 m

1582 523 1633 570 8.
1667 521 1683 549 4
1706 519 1877 572 Nemo
1894 521 2029 572 enim
2048 521 2477 588 perturbabatur,
2500 539 2656 575 nemo

1584 595 2021 647 submovebatur?
2082 599 2269 663 Neque
2291 602 2307 630 4
2334 614 2557 651 occursu
2583 602 2656 651 vi·

1585 686 1751 738 suque
1774 673 2022 724 terribilis
2038 674 2054 698 ’
2086 673 2206 733 fuit,
2228 682 2297 726 ut-
2308 677 2658 741 Domitianus,

1585 747 1850 811 similisve,
1861 748 1927 799 de
1938 765 2043 814 quo
2057 751 2256 801 Noster
2270 766 2655 817 supr-samm.

1584 828 1635 875 4.
1667 827 1682 853 4
1700 825 1860 875 Nulla
1878 827 2094 878 ambitio
2108 829 2389 893 'trajanum
2409 833 2658 881 comitata

1585 900 1705 959 est,’
1728 902 1779 951 Ιι.
1801 916 1851 953 e.
1872 904 2043 953 nullus
2066 906 2083 933 4
2101 912 2385 969 apparatus
2408 920 2660 971 arrogan-

1547 977 1676 1030 .tiae
1731 977 2074 1043 principalis,’
2128 981 2202 1030 nti
2270 982 2473 1032 Noster
2525 982 2661 1034 dixit

1588 1068 1791 1105 nxxvr.
1811 1060 1862 1106 7.
1905 1056 2010 1109 Qui
2034 1065 2314 1122 apparatus
2338 1061 2565 1112 maxime
2584 1063 2659 1111 iu-

1587 1131 1730 1195 eepit
1749 1146 2054 1183 accrescere
2076 1133 2171 1183 sub
2191 1133 2471 1186 Antoninis
2491 1152 2508 1198 ;
2540 1151 2658 1188 cum

1588 1206 1859 1273 Augustis,
1893 1223 2175 1276 eorumque
2202 1212 2478 1277 uxoribus,
2503 1215 2661 1264 etiam

1589 1283 1720 1348 ignis
1752 1282 1990 1348 praeferri
2022 1287 2250 1349 soleret;
2283 1289 2424 1353 quod
2468 1290 2661 1352 passim

1591 1366 1822 1412 testatur
1844 1361 2194 1413 Herodianus.
2230 1365 2478 1416 Setinum.

1657 1437 1843 1502 Sexus]
1876 1436 2157 1503 Infit-mior,
2203 1448 2260 1490 et
2308 1442 2426 1491 ideo
2471 1442 2525 1491 in
2567 1444 2664 1492 sel·

1588 1513 1691 1562 lam
1710 1519 1802 1564 aut
1820 1514 2062 1565 lecticam
2083 1529 2225 1579 saepe
2250 1516 2666 1569 transferendus.

1589 1589 1732 1655 Lips.

1653 1667 1890 1719 Decaerit
1915 1668 2002 1718 hoc
2033 1668 2192 1733 illum]
2229 1669 2415 1720 Codex
2451 1671 2669 1720 Patavi-

1591 1758 1690 1797 nus
1721 1751 1776 1794 et
1813 1744 1947 1794 liber
1981 1745 2267 1796 Vossianus
2298 1747 2497 1798 habent
2527 1751 2669 1799 decu*-

1589 1825 1714 1871 erut.
1776 1820 1882 1871 Sed
1909 1829 2134 1886 prostat
2157 1825 2382 1874 retinere
2413 1826 2431 1854 ‘
2457 1828 2668 1876 modum

1593 1899 1932 1961 potentialem
1958 1900 2211 1963 temporis
2234 1899 2439 1952 futuri!
2505 1903 2572 1953 Id
2593 1901 2670 1952 di·

1593 1989 1716 2026 cere
1753 1977 1918 2026 voluit
1956 1976 2192 2028 Plinius:
2228 1980 2284 2029 Si
2321 1981 2408 2029 vel
2443 1982 2671 2031 maxime

1595 2052 1837 2113 maritus,
1853 2054 2130 2118 Trajanus,
2152 2056 2473 2106 contrarium
2490 2056 2674 2121 faciat,

1595 2141 1768 2192 neque
1792 2129 2001 2179 incedat
2025 2131 2246 2194 pedibus
2267 2148 2282 2193 ;
2312 2140 2473 2195 prout
2498 2138 2671 2181 tamen

1591 2204 1703 2267 jnm
1742 2206 1793 2254 in
1831 2207 2048 2257 introitu
2087 2207 2140 2255 iu
2188 2208 2364 2257 urbem
2407 2216 2423 2238 ‘
2448 2209 2671 2272 pedibus

1601 2281 1849 2345 incessit,’
1903 2282 2107 2347 Paneg.
2146 2288 2403 2334 xxiv.‘2.
2448 2285 2540 2335 sed
2589 2286 2674 2334 vel

1599 2358 1793 2410 lectica
1833 2358 2050 2415 feratur,
2092 2362 2176 2410 vel
2216 2361 2433 2411 vehatur
2479 2377 2672 2424 curru3

1601 2435 1714 2499 ejus
1737 2443 1908 2485 tamen
1942 2438 2090 2485 uxori
2125 2435 2358 2487 futurum
2383 2436 2547 2488 fuerit
2570 2440 2675 2488 sin-

1603 2514 1768 2576 gulari
1806 2511 2008 2574 decori,
2052 2513 2096 2562 si
2134 2515 2186 2562 in
2229 2515 2376 2565 istius
2404 2515 2512 2565 evi
2548 2516 2675 2565 luxu

1602 2586 1825 2651 pedibus
1871 2587 2100 2651 incedat,
2148 2597 2206 2638 ut
2257 2597 2314 2639 et
2355 2592 2564 2651 marito,
2619 2597 2677 2639 et

1604 2678 1760 2713 sexus
1814 2664 1893 2713 sui
1959 2664 2309 2727 verecundia,
2366 2665 2678 2717 satisfaciat.

1604 2741 1733 2792 Erat
1755 2747 1926 2791 autem
1949 2743 2254 2792 lecticarum
2278 2758 2399 2793 usus
2422 2754 2546 2794 tunc
2568 2751 2676 2793 tam

1604 2819 1836 2882 vulgaris
1868 2819 2028 2868 etiam
2065 2821 2306 2884 privatis,
2346 2829 2408 2872 ut
2443 2823 2676 2871 Domiti-

1607 2908 1758 2956 anus,
1801 2901 1935 2944 teste
1977 2895 2193 2944 Sueton-
2233 2910 2350 2958 cap.
2397 2901 2447 2946 8.
2490 2897 2679 2947 saltem

1607 2978 1622 3001 4
1649 2970 1910 3035 probrosis
1931 2969 2138 3021 feminis
2160 2973 2360 3023 lecticoe
2386 2988 2533 3023 nsum
2557 2977 2682 3024 ude·

1609 3046 1802 3097 merit.'
1868 3047 2133 3111 Conjuges
2155 3048 2271 3098 nlioe
2304 3050 2681 3114 imperatorum

1612 3123 1802 3187 soepius
1819 3122 2162 3173 vehebantur.
2231 3124 2487 3175 Videmus
2510 3126 2684 3176 adbuc

1612 3208 1867 3263 carpenta
1911 3214 2028 3250 cum
2076 3199 2310 3249 mulabus
2359 3201 2413 3250 in
2456 3203 2684 3253 nummis
2758 3222 2765 3227 ·

1617 3274 1944 3340 Agrippina,
1977 3277 2161 3326 matris
2191 3277 2338 3339 Caii3
2376 3280 2689 3344 Domitilla»,

1613 3353 1850 3416 conjugis
1872 3354 2212 3418 Vespasiani3
2248 3356 2536 3414 Faunine,
2559 3372 2686 3408 con·

1606 3430 1751 3494 jugis
1773 3430 2045 3489 Antonini,
2080 3440 2239 3498 atque
2263 3434 2499 3484 aliarum.
2544 3433 2689 3484 Plin.

1614 3507 1757 3559 Hist.
1811 3508 1942 3558 Nat.
1999 3521 2216 3559 xxxm.
2267 3513 2352 3560 49.
2417 3511 2435 3539 4
2482 3512 2703 3562 Nostra.

1617 3592 1796 3642 aetate,
1861 3584 2117 3649 Poppaea,
2185 3587 2377 3648 conjux
2438 3587 2688 3645 Neronis.

1617 3659 1886 3725 principis,
1909 3659 2299 3712 delicatioribus
2309 3662 2563 3726 jumentis
2583 3665 2690 3715 suis

1617 3736 1785 3787 soleas
1808 3750 1875 3787 ex
1897 3750 2025 3786 auro
2059 3751 2265 3802 quoque
2293 3738 2516 3792 induere
2551 3742 2689 3791 sole·

1620 3810 1749 3862 bat!
1816 3811 1952 3861 Vide
1987 3812 2242 3863 Scheffer.
2265 3814 2333 3865 de
2356 3814 2438 3865 Re
2462 3816 2688 3869 Vehicu-

1619 3890 1736 3951 lari,
1757 3902 1797 3940 ι.
1817 3892 1867 3941 8.
1902 3888 2144 3941 Schmun.

1686 3965 1886 4015 Femina
1901 3965 2017 4029 sibi]
2039 3966 2174 4020 Quia
2195 3968 2315 4018 huic
2338 3969 2485 4019 sexui
2509 3970 2692 4021 innata

1622 4042 1956 4106 verecundia,
2008 4044 2330 4108 praecipuum
2372 4046 2485 4108 ejus
2537 4061 2690 4099 orna·

1621 4126 1872 4169 mentum.
1903 4119 2042 4183 ἱέμε.

1687 4196 1827 4245 car.
1866 4207 2106 4246 mxxxiv.
2159 4195 2309 4246 Soror
2359 4202 2525 4248 auten
2577 4199 2690 4266 tu]

1620 4271 1910 4333 Marciana,
1923 4272 2070 4338 cnjus
2082 4271 2190 4325 filla
2202 4274 2446 4341 Matidia,
2458 4275 2694 4344 Sabinu,
