3017 4942
393 447 401 455 ⁸
474 360 605 428 886

473 536 490 565 ⁸
513 534 661 584 Nihil
692 547 776 584 me
814 539 1008 585 mutum
1045 542 1218 600 potest
1248 536 1536 602 delectare,

474 615 601 664 nibil
624 614 859 674 tacitum,
881 615 1007 664 nibil
1029 615 1256 681 denique
1275 618 1537 682 hujusmo-

477 691 552 755 di,
595 690 733 753 quod
765 690 922 740 etiam
964 692 1127 742 minus
1159 693 1300 756 digni
1337 695 1540 759 assequi

472 766 713 831 possint?
776 765 860 818 ef.
900 767 1013 831 ipse
1047 768 1252 818 Plinius
1286 777 1463 820 noster
1484 784 1540 819 m

474 844 583 894 hoc
621 843 819 907 Paneg.
850 857 944 893 xv.
963 848 1016 893 4.
1052 858 1220 895 xxiv.
1245 850 1294 895 1.
1330 860 1467 898 xxv.
1487 851 1541 897 4.

482 925 1393 975 xxxv11.2.1.tx.2.1.xm.⁵.et
1424 939 1544 990 pas-

480 1002 595 1051 sim.
629 1001 779 1052 Idem.

548 1078 791 1141 Deceptus
810 1085 884 1131 est
901 1079 1142 1146 princeps]
1194 1080 1398 1131 Seneca
1419 1080 1547 1131 Tra·

483 1155 628 1220 gicus
650 1156 701 1204 in
722 1156 973 1220 Thyeste,
995 1171 1071 1206 vs.
1090 1161 1217 1207 286.
1245 1157 1262 1185 ‘
1289 1158 1416 1208 Ser.
1440 1158 1549 1208 Sed

484 1232 670 1295 quibus
689 1241 871 1295 captus
885 1233 1035 1297 dolis,
1050 1234 1244 1284 Nostro
1258 1233 1405 1285 dabit
1430 1249 1548 1298 per-

483 1308 675 1357 ductus
719 1309 772 1358 in
804 1311 1016 1374 laqueos
1060 1309 1282 1374 pedem?
1329 1310 1550 1360 Inimica

486 1385 659 1436 credit
673 1393 883 1437 cuncta.
917 1386 1060 1437 Am·-
1094 1388 1215 1438 Non
1233 1394 1441 1449 poterat
1460 1402 1550 1438 ca-

485 1462 562 1525 pi,
595 1463 709 1513 Nisi
743 1478 934 1528 capere
970 1463 1167 1514 vellet-⁹
1207 1464 1280 1515 Et
1305 1479 1390 1515 vs.
1432 1469 1548 1516 811.

483 1539 677 1603 ‘Saepe
721 1542 774 1590 in
817 1541 1120 1603 magistrum
1171 1540 1370 1591 scelera
1412 1541 1550 1591 redi-

478 1628 643 1668 erunt
680 1633 790 1669 sna.
842 1619 919 1670 Ut
950 1633 1103 1669 nemo
1136 1617 1326 1669 doceat
1355 1617 1551 1669 fraudis

479 1701 547 1745 ‘et
590 1694 803 1746 sceleris
846 1697 972 1761 vias,
1011 1698 1244 1762 Regnum
1287 1696 1534 1748 docebit.’

491 1771 644 1822 Idem.

554 1851 796 1914 Deceptus
814 1852 911 1917 est]
947 1850 995 1901 Α
1032 1851 1196 1908 nobis,
1229 1865 1399 1916 neque
1423 1851 1553 1903 alios

487 1927 704 1988 reperit,
727 1926 824 1976 nisi
846 1940 963 1976 cum
985 1928 1137 1978 alium
1160 1929 1273 1992 ipse
1292 1942 1348 1978 se
1370 1928 1556 1992 gessit.

496 2002 632 2066 Lips.

560 2080 695 2129 CAP.
736 2093 920 2130 zxvn.
954 2080 1185 2132 Parentis
1223 2080 1424 2145 publici]
1467 2081 1556 2131 Sic

492 2169 653 2218 supra
694 2170 773 2206 vt.
813 2161 858 2206 1.
903 2158 1095 2207 dicitur
1128 2164 1143 2188 ⁶
1175 2159 1461 2222 imperator
1497 2165 1559 2210 et

491 2247 686 2297 parens
702 2235 908 2298 generis
927 2234 1133 2284 humani
1155 2235 1188 2296 ς’
1207 2241 1264 2285 et
1284 2237 1301 2264 ‘
1321 2235 1559 2299 publicus

489 2310 723 2373 parens:
753 2323 808 2361 x.
840 2316 891 2361 6.
914 2318 982 2361 et
1022 2324 1179 2363 xxvr.
1211 2316 1268 2362 3.
1305 2311 1372 2362 ad
1407 2327 1561 2378 quem

497 2388 669 2436 locum
696 2389 832 2437 vide.
863 2389 1110 2439 Sohworz.

570 2464 656 2512 Ex
691 2465 929 2530 oratione]
965 2466 1137 2530 Vulgo
1170 2465 1361 2532 ubique
1394 2467 1564 2531 scrip·

501 2547 612 2590 tum
642 2541 943 2606 editumque
973 2544 1183 2607 legitur,
1203 2559 1315 2593 cum
1341 2544 1566 2594 exhortu-

493 2617 631 2667 tione
668 2620 789 2682 ejus.
848 2620 1057 2682 Lipsius
1103 2619 1298 2682 primus
1342 2619 1570 2685 putavit,

502 2707 601 2756 pro
621 2695 968 2757 exhortatione,
1001 2695 1275 2760 legendum
1312 2710 1373 2746 ex
1391 2694 1568 2745 oratio·

501 2783 564 2819 ne
578 2785 597 2826 ,-
620 2786 735 2834 quae
752 2772 1051 2836 conjectura
1063 2773 1220 2821 etiam
1235 2772 1410 2821 arrisit
1428 2772 1568 2821 Bau-

503 2845 611 2908 dio,
630 2860 797 2912 eaque
818 2856 944 2911 apte
967 2848 1193 2897 cohaeret
1216 2862 1331 2898 cum
1349 2861 1569 2911 sequen·

505 2921 647 2971 tibus
674 2923 866 2980 verbis,
904 2930 1007 2973 tum
1034 2924 1423 2987 pronuntiatione
1446 2925 1570 2988 ipsa.

505 2998 625 3050 Jam
650 3000 701 3047 in
724 3000 905 3050 codice
929 3014 1042 3048 meo
1065 3000 1140 3050 ita
1156 3001 1406 3062 scriptum
1429 3000 1571 3049 inve-

500 3074 579 3124 ·ni.
601 3074 772 3138 Igitur
794 3077 877 3125 vel
896 3077 1263 3140 amplectenda
1278 3077 1390 3126 haec
1408 3078 1573 3141 scrip-

508 3158 645 3211 tura,
677 3153 760 3200 vel
793 3162 937 3201 certe
959 3153 1229 3215 vulgatum
1265 3154 1573 3204 vocabulum

507 3225 855 3289 exhortatione,
890 3227 1071 3278 divisis
1095 3229 1311 3278 vocibus
1341 3237 1423 3280 est
1448 3231 1572 3280 scri·

510 3300 758 3364 bendum,
779 3318 843 3352 ex
862 3303 1131 3354 hortatione
1151 3304 1263 3367 ejus
1283 3321 1300 3366 ς
1322 3308 1446 3355 cum'
1465 3307 1577 3356 Pli-

512 3377 631 3424 nius
669 3380 903 3439 proximo
931 3381 1113 3443 capite
1147 3382 1578 3447 commemorarit,

513 3453 793 3517 Trajanum
838 3455 1005 3518 primo
1038 3456 1335 3506 consulatus
1376 3459 1456 3506 sui
1490 3457 1578 3508 die

513 3529 783 3581 universos
818 3529 1145 3581 adhortatum
1185 3546 1296 3581 esse
1330 3532 1395 3581 ad
1431 3547 1580 3582 ¹resu—

516 3603 760 3654 mendam
786 3604 1102 3667 libertatem,
1136 3612 1190 3655 et
1213 3607 1277 3656 ad
1295 3621 1580 3671 capessen-

515 3681 611 3729 das
653 3682 801 3745 quasi
838 3683 1122 3732 communis
1160 3682 1364 3744 imperii
1396 3699 1579 3734 curas:

517 3771 810 3821 quanquam
848 3758 1037 3808 ibidem
1077 3758 1291 3824 dixerit,
1329 3760 1452 3809 nibil
1491 3775 1583 3809 ex-

517 3832 895 3884 hortationibus
921 3834 1154 3898 ejusdem
1188 3835 1438 3893 fucatum,
1460 3836 1586 3886 nibil

522 3910 795 3960 subdolum
833 3912 1020 3961 inesse.
1087 3910 1163 3963 At
1191 3912 1280 3962 vix
1304 3911 1585 3962 verisimile

522 3991 622 4041 est,
671 3995 775 4035 tam
827 3994 1166 4050 praestantem
1214 3995 1475 4038 oratorem
1519 4002 1586 4038 ex

526 4062 763 4124 proximo
798 4063 1092 4114 intervallo·
1108 4066 1221 4114 sine
1245 4064 1415 4128 figura
1436 4079 1586 4128 repe-

507 4140 672 4190 ·tiisse
705 4142 1028 4200 vocabulum,
1070 4157 1133 4193 ac
1179 4143 1344 4206 primo
1376 4143 1588 4208 quidem

509 4217 646 4267 *loco
677 4216 729 4266 in
763 4231 979 4269 numero
1008 4219 1389 4282 multitudinis;
1422 4219 1588 4271 altero

1165 380 1387 431 No'rAE
1434 380 1843 431 VAltloRUM
1892 380 1974 431 m

1610 532 1784 576 autem
1809 526 1924 576 loco
1950 525 2142 575 saltem
2175 524 2228 574 in
2259 536 2475 573 numero
2495 523 2668 586 singu-

1610 603 1725 651 lari.
1789 602 2135 654 Quamobrem
2170 615 2271 650 non
2308 607 2409 662 est,
2439 614 2531 649 cur
2560 613 2670 648 me·

1610 679 1793 730 liorem
1816 680 2111 736 lectionem,
2132 678 2439 738 exoratione,
2456 689 2673 741 eamque

1614 757 1885 809 contextui
1949 756 2197 806 orationis
2264 755 2677 815 convenientem,

1616 834 1974 899 negligamus·
1959 868 1975 895 ,
1998 848 2148 897 quam
2172 847 2307 882 nnnc
2329 831 2486 882 etiam
2510 830 2679 880 adsci-

1620 919 1810 963 verunt
1847 913 1940 962 viri
1977 912 2145 964 celeb.
2177 912 2448 962 Gesnerus
2470 917 2527 961 et
2542 908 2681 958 Arn-

1623 990 1842 1041 tzenius.
1877 989 2027 1040 Idem·

1691 1068 1776 1117 Ex
1815 1067 2048 1132 oratione]
2107 1063 2471 1116 Baikor-tatione·
2517 1062 2683 1114 Puta-

1624 1158 1732 1194 rem
1755 1158 1817 1194 ex
1834 1145 2064 1194 oratione.
2099 1143 2242 1207 Lips.

1695 1220 2091 1271 Pronuntiatioae
2117 1217 2244 1283 ipso]
2279 1214 2687 1267 Pmntiatimoe

1627 1298 1797 1348 Lirin.
1818 1299 1871 1347 in
1894 1305 2046 1348 textu
2066 1312 2082 1356 ;
2118 1296 2207 1345 sed
2231 1296 2285 1345 in
2306 1293 2561 1358 margine,
2574 1306 2689 1357 pro·

1619 1376 1924 1426 nuntiatione
1937 1375 2042 1439 ipso
2055 1374 2122 1423 V.
2141 1373 2206 1424 C.
2229 1371 2298 1422 G.

1693 1450 2214 1513 Pronuntiotioneipsa
2224 1445 2543 1513 perspexisse]
2573 1445 2695 1495 Me-

1627 1528 1731 1579 rito
1769 1529 1973 1578 Plinius
1997 1527 2283 1578 candorem
2317 1532 2374 1576 et
2411 1525 2696 1575 veritatem

1628 1604 1998 1655 exhortationis
2028 1603 2237 1668 Trajani
2275 1602 2431 1652 etiam
2455 1614 2698 1664 compro-

1622 1682 1723 1733 -bat
1749 1697 1814 1732 ex
1841 1682 1947 1745 ipsa
1975 1679 2397 1744 provinciatim&
2432 1693 2549 1728 cum
2580 1676 2697 1726 ani-

1627 1773 1740 1809 mus
1763 1758 1987 1809 oratoris
2025 1757 2345 1820 potissimum
2375 1771 2443 1806 ex
2465 1755 2564 1803 bac
2584 1753 2704 1818 pel·
2783 1790 2787 1796 .

1624 1838 1806 1886 -lncere
1830 1834 2098 1884 credatur.
2147 1834 2164 1862 ‘
2185 1828 2587 1883 Pronuntiatio’
2616 1842 2704 1877 ve·

1628 1926 1709 1976 ro,
1745 1905 1930 1961 latiore
1964 1911 2175 1959 notione
2208 1908 2370 1965 dicta,
2409 1905 2703 1957 secundum

1630 1995 1897 2038 auctorem
1922 1986 1986 2036 ad
2007 1986 2415 2038 Herenn.Rhet.
2436 1998 2479 2034 ι.
2496 1989 2553 2034 2.
2573 1989 2596 2012 ⁴
2618 1988 2706 2032 est

1630 2065 1794 2125 vocis,
1816 2065 2006 2121 vultus,
2030 2072 2228 2126 gestus,
2247 2061 2555 2123 moderatio,
2578 2056 2704 2110 cum

1631 2140 1962 2193 venustate.’'
1988 2144 2004 2172 ‘
2024 2139 2251 2195 Habet’r
2286 2140 2423 2197 haec.
2476 2138 2709 2187 docente

1632 2220 1885 2273 Quinctil.
1910 2233 1991 2270 xi.
2027 2223 2078 2268 3.
2106 2218 2316 2267 ‘miram
2351 2214 2615 2281 quandam
2649 2215 2707 2264 in

1632 2297 1955 2347 orationibus
1975 2296 2076 2344 vim
2091 2308 2153 2345 ac
2169 2300 2498 2358 potestatem.
2522 2293 2709 2344 Quare

1634 2384 1804 2437 neque
1845 2372 2085 2437 probatio
2123 2372 2254 2433 ulla,
2288 2386 2408 2436 quae
2452 2369 2604 2420 venit
2641 2367 2710 2417 ab

1637 2457 1864 2505 oratore.
1888 2454 1992 2498 tam
2015 2447 2284 2510 tir-maest,
2305 2454 2365 2498 ut
2385 2461 2488 2497 non
2514 2444 2712 2511 perdat

1639 2529 1774 2578 vires
1818 2541 1958 2589 suas,
1993 2525 2094 2575 nisi
2126 2525 2408 2588 adjuvetur
2443 2535 2714 2573 assevera-

1637 2605 1783 2655 tione
1802 2602 2050 2653 dicentis.
2118 2599 2358 2651 Affectus
2386 2613 2571 2650 omnes
2596 2599 2714 2648 lau-

1641 2686 1910 2744 guescant,
1939 2691 2150 2727 necesse
2173 2683 2279 2736 est,
2301 2676 2400 2725 nisi
2425 2683 2574 2731 voce,
2596 2673 2713 2724 vul-

1641 2765 1719 2821 tu,
1759 2756 1917 2807 totius
1953 2769 2117 2819 prope
2149 2753 2331 2804 habitu
2353 2752 2613 2816 corporis,
2638 2752 2716 2801 in-

1644 2836 1940 2884 ardescant.
1963 2865 1979 2881 .
2004 2866 2018 2882 .
2044 2866 2060 2883 .
2079 2830 2216 2881 Illud
2257 2844 2381 2880 vcro
2410 2830 2716 2887 maximum,

1644 2911 1785 2975 quod
1822 2909 2108 2959 secundum
2141 2907 2395 2957 rationem
2421 2920 2617 2968 rerum,
2650 2904 2717 2954 de

1644 2987 1832 3053 quibus
1871 2984 2114 3046 dicimus,
2141 2983 2535 3048 animorumque
2571 2980 2721 3030 babi-

1645 3069 1751 3125 tus,
1792 3057 2165 3111 conformanda
2208 3074 2310 3109 vox
2349 3064 2430 3108 est
2456 3073 2472 3108 t
2519 3057 2719 3123 quippe

1639 3153 1750 3190 -uon
1789 3151 1974 3188 manns
2008 3136 2194 3192 solum,
2224 3132 2318 3184 sed
2353 3141 2513 3184 nutus
2543 3134 2722 3189 etiam,

1648 3217 1917 3266 declarant
1939 3221 2170 3264 nostram
2195 3209 2556 3262 voluntatem!
2586 3212 2721 3262 Pro·

1649 3307 1837 3358 nomen
1857 3293 1966 3355 ipsa
1985 3305 2088 3340 non
2107 3302 2415 3352 expressum
2436 3288 2592 3337 estin
2612 3286 2724 3336 edi·

1651 3372 1792 3419 tione
1824 3369 2126 3428 Puteolani,
2161 3364 2427 3428 Ber-oaldi,
2464 3363 2726 3427 Catanaei,

1637 3446 1797 3510 Ami,
1846 3446 2046 3505 Juntae,
2102 3442 2357 3498 Rus-nani,
2411 3441 2726 3503 Philomusi,

1654 3521 1954 3583 Cratandri,
1977 3521 2232 3577 Ascensii.
2256 3534 2338 3571 an.
2361 3523 2508 3569 1533.
2546 3520 2721 3572 Navii»

1654 3605 1709 3648 et
1734 3599 1986 3659 Livineii3
2022 3597 2149 3647 illud
2173 3604 2348 3646 tamen
2372 3596 2572 3660 primns
2593 3594 2724 3658 pub-

1653 3676 1834 3725 licavit
1867 3672 2236 3736 cuspinianus,
2265 3687 2418 3736 quem
2444 3670 2583 3720 Rob.
2609 3671 2726 3720 Ste-

1656 3752 1880 3815 phanus,
1916 3751 2105 3814 aliique
2128 3756 2251 3800 sunt
2273 3749 2462 3805 secuti,
2483 3748 2724 3813 idemque

1654 3826 1961 3876 confirmant
2002 3825 2198 3878 residui
2251 3823 2482 3874 codices.
2550 3825 2627 3875 At
2663 3822 2726 3873 ab

1655 3904 1841 3954 iisdem
1866 3901 2133 3953 codicibus
2156 3916 2253 3965 pro
2276 3900 2438 3951 verbo
2456 3902 2728 3965 perspexis-

1656 3995 1725 4043 se,
1749 3979 2098 4043 pertinaciter
2129 3978 2409 4028 exhibetur
2429 3980 2695 4042 respexisse
2708 3992 2731 4037 ,⁸

1661 4057 1799 4124 quod
1826 4065 2080 4121 praeterea
2101 4057 2260 4105 etiam
2284 4057 2335 4106 in
2359 4070 2727 4108 commemora-

1663 4139 1733 4188 tis
1745 4137 2063 4187 editionibus
2080 4134 2287 4198 legitur,
2301 4135 2538 4200 itemque
2559 4137 2727 4186 a‘Cus-

1655 4214 1877 4280 ‚piniano
1913 4221 1969 4265 et
2004 4202 2141 4262 Rob.
2173 4211 2444 4276 Stephano
2470 4212 2727 4278 proditum
