3017 4942
501 370 635 441 238

499 531 516 560 ‘
534 531 844 597 participem
858 528 1043 584 suum-,⁹
1059 529 1076 563 ‘
1094 531 1212 584 Nee
1234 530 1316 583 fas
1340 529 1461 593 est,'
1495 531 1573 580 in·

1201 387 1422 439 NOTAE
1472 387 1882 439 VAmoRuu
1933 388 2024 438 nt.

1650 528 1719 580 ba
1741 529 1815 580 sie
1842 529 2023 584 reddit
2054 527 2265 583 Solinus
2290 543 2413 595 eap-
2429 536 2516 582 εει.
2548 530 2568 561 ‘
2588 531 2722 583 Can

501 610 635 674 quit,
668 609 799 660 ‘ulla
819 622 903 658 me
923 608 1195 672 voluptate
1216 607 1299 658 hic
1324 605 1452 668 frui,
1474 607 1571 657 nisi
1646 616 1842 661 venatu
1876 617 2206 674 premuntur,
2244 610 2443 675 pariter
2478 608 2724 676 affligunt

498 685 589 734 ubi
613 685 703 734 ille
725 684 827 735 huc
846 684 1020 734 salvus
1041 684 1261 735 redierit
1284 699 1429 734 meus
1449 698 1567 748 parv

495 759 708 824 ticeps!
771 760 924 811 More
968 762 1105 811 enim
1143 762 1391 823 Romano,
1432 760 1568 811 filius

495 837 515 864 ⁸
550 836 817 900 particeps
857 836 1053 900 patris’
1086 838 1378 901 dicebatur,
1423 838 1565 901 quia,

497 922 653 979 patre
686 916 823 979 vivo,
845 914 1243 965 existimabatur
1265 915 1457 963 habere
1472 914 1564 977 jus

493 990 783 1053 bonomium
828 992 940 1053 sed,
981 1004 1044 1040 eo
1087 998 1310 1046 mortuo,
1354 988 1563 1039 demum

495 1067 894 1132 possessionem·
959 1069 1076 1118 Quo
1106 1067 1340 1130 respexit
1374 1075 1428 1114 et
1451 1067 1565 1116 Cic.

495 1144 654 1197 Verr.
696 1160 736 1195 ι.
768 1147 854 1195 44.
900 1145 916 1174 ‘
944 1143 1147 1196 Quibus
1179 1155 1299 1192 cum
1336 1139 1565 1206 (liberis)

491 1223 599 1272 vivi
623 1223 760 1274 bona
781 1228 959 1274 nostra
978 1221 1252 1285 partimur,
1273 1219 1335 1269 iis
1367 1226 1564 1284 pretor

492 1299 742 1362 adimere,
775 1299 925 1349 nobis
958 1298 1192 1359 mortuis,
1225 1296 1561 1349 bona-fortu-⁸

491 1370 690 1442 nasque
716 1377 910 1441 poterit
926 1373 964 1425 i'
1000 1373 1559 1429 Justinian.1nstit.de

490 1454 765 1506 Heredum
786 1455 940 1509 Qual-
958 1461 1014 1504 et
1039 1451 1164 1505 Diff.
1184 1456 1212 1518 §
1235 1457 1286 1503 2.
1322 1454 1338 1481 ‘
1359 1454 1449 1502 Sui
1469 1452 1557 1502 he-

488 1533 662 1592 redes,
677 1533 896 1599 quivivo
915 1546 1119 1597 quoqne
1144 1539 1295 1596 patre
1309 1531 1557 1596 quodam-

487 1612 644 1664 modo
676 1613 871 1663 domini
902 1611 1295 1663 existimantur)
1337 1612 1432 1664 cf.
1451 1613 1559 1663 Ex·

490 1703 626 1741 curs.
649 1703 792 1740 xnu.
825 1689 1072 1740 Schmun-z.

517 1768 715 1824 .Qnoem
753 1767 977 1832 proprio]
1024 1766 1087 1816 In
1124 1765 1257 1816 libro
1301 1766 1557 1817 Vossiano

486 1850 793 1895 annotatum
837 1850 942 1906 est,
982 1844 1120 1906 quasi
1161 1842 1375 1906 proprio,
1418 1844 1558 1907 quasi

413 1966 416 1969 .
483 1926 649 1970 nostra
669 1927 798 1972 snut.
861 1920 965 1970 Sed
990 1921 1103 1967 hoec
1127 1918 1294 1968 inanis
1319 1926 1400 1968 est
1422 1920 1553 1968 vari·

486 1997 595 2046 atio
615 2013 632 2059 ς
654 2011 751 2047 nee
776 1996 939 2061 pluris
964 1993 1104 2044 facio
1129 1994 1440 2059 scripturam
1466 2010 1554 2045 co-

482 2071 618 2123 dicis
661 2072 1126 2137 Guelpherbytaui,
1165 2086 1305 2136 «μακε
1335 2073 1552 2136 propria,

486 2154 587 2199 tam
601 2155 766 2200 nestra
788 2156 918 2200 sunt.
950 2149 1119 2201 Idem.

489 2252 498 2261 ·
552 2229 706 2277 omne
726 2227 977 2292 stagnum]
1013 2227 1272 2292 Loquitur
1311 2227 1377 2277 de
1417 2226 1552 2278 villis

481 2305 715 2369 priorum
740 2305 1051 2369 principum,
1068 2304 1158 2367 qui
1181 2319 1245 2354 ea
1262 2305 1439 2368 specie
1455 2306 1549 2355 im-

477 2393 718 2433 mensum
761 2395 1009 2445 agrorum
1058 2387 1283 2432 tractum
1324 2395 1549 2446 occupa·

479 2457 629 2509 bant.
675 2458 815 2522 Lips.

548 2536 783 2587 [nomem
807 2535 1121 2600 possessione]
1145 2537 1273 2587 Noti
1299 2536 1351 2585 in
1376 2536 1548 2586 Nero.

467 2609 597 2664 'nem
613 2629 814 2677 versus,
835 2622 850 2644 ⁸
873 2615 1036 2664 Roma
1058 2611 1367 2673 domumfiet‚
1384 2612 1546 2662 Veios

476 2690 699 2754 migrate
722 2690 974 2753 Quirites,
995 2691 1170 2739 Sinon
1195 2696 1252 2739 et
1275 2687 1436 2738 Veios
1457 2703 1545 2739 oe-

477 2774 639 2829 cupat
656 2768 762 2817 ista
781 2767 997 2815 domus?
1028 2766 1199 2816 Livia.

479 2866 488 2873 ·
541 2844 776 2893 Immensn
825 2842 1135 2905 possessione]
1184 2842 1421 2891 Aliusum
1476 2841 1545 2893 ad

470 2932 580 2974 eos,
603 2920 688 2983 qui
712 2918 812 2967 sibi
837 2919 1008 2968 omnia
1033 2917 1295 2978 volebant,
1315 2924 1370 2966 et
1388 2931 1546 2981 super

471 2994 661 3063 civium
702 2994 878 3043 ruinas
918 2993 1197 3055 magnifica
1241 2993 1339 3042 sibi
1383 3007 1546 3056 opera

472 3069 847 3120 construebant
868 3085 885 3130 ;
907 3077 962 3118 et
982 3071 1206 3121 maxime
1224 3068 1287 3118 ad
1315 3071 1543 3120 Neronis

471 3153 732 3211 tempora,
751 3144 817 3194 de
850 3159 953 3210 quo
988 3147 1198 3206 vulgata
1231 3145 1324 3194 illa
1356 3148 1543 3196 carmi·

470 3235 561 3284 na,
576 3222 714 3285 apud
743 3222 958 3271 Sueton.
982 3234 1101 3283 cap.
1122 3224 1204 3269 29.
1225 3226 1241 3249 ‘
1264 3220 1427 3269 Roma
1450 3221 1540 3271 do·

470 3313 586 3350 mus
622 3298 749 3350 fiet:
803 3298 955 3347 Veios
994 3298 1229 3360 migrate,
1275 3298 1539 3361 Quirites3

468 3376 526 3426 si
554 3390 653 3425 non
678 3383 734 3425 et
759 3375 915 3424 Veios
939 3380 1165 3437 occupat
1198 3374 1298 3423 ista
1322 3373 1539 3424 domus-³

470 3451 723 3504 Quamvis
762 3451 969 3513 Lipsius
1004 3451 1132 3499 nolit
1169 3451 1244 3499 eis
1281 3452 1538 3510 assentiri,

467 3530 559 3592 qui
582 3529 696 3579 haee
720 3528 785 3578 de
810 3527 1030 3579 Neronis
1047 3526 1201 3577 domo
1217 3526 1362 3576 dicta
1385 3527 1538 3579 intel-

467 3607 657 3670 ligunt.
691 3605 912 3656 Patarol.

534 3680 839 3731 Posses-sione
879 3679 1213 3744 circumvenis]
1257 3678 1307 3727 Ι.
1348 3692 1396 3729 e.
1440 3679 1536 3729 im·

465 3770 646 3807 mensa
670 3757 988 3822 possessione
1012 3755 1303 3809 circumdas
1328 3763 1383 3804 et
1414 3769 1535 3803 con·

466 3833 667 3896 eludis;
710 3833 1019 3896 metaphora
1058 3832 1142 3881 vel
1177 3832 1246 3881 ab
1288 3832 1534 3895 indagine

465 3910 787 3965 venantium,
801 3917 855 3958 et
869 3909 1024 3957 silvas
1040 3910 1183 3972 quasi
1203 3907 1499 3957 vallantium
1516 3924 1534 3970 ς

466 3985 550 4034 vel
574 3984 639 4034 ab
661 3986 896 4034 exercitu
927 3985 1102 4033 hostes
1124 3983 1534 4034 circumcluden-

466 4065 523 4111 te
547 4066 602 4108 et
626 4067 867 4121 urgente,
894 4058 1150 4110 desumta.
1217 4060 1357 4108 Plin.
1392 4059 1531 4113 Hist.

468 4136 599 4185 Nat.
648 4148 775 4184 vm.
818 4138 869 4182 3.
922 4134 1011 4184 ubi
1055 4137 1121 4185 de
1165 4135 1532 4199 elephantibus

465 4211 595 4274 agit,
651 4212 667 4237 ‘
701 4211 1058 4260 circumventi
1103 4227 1134 4260 a
1198 4212 1529 4275 venantibus,

464 4288 661 4351 primos
676 4287 1000 4337 constituunt
1018 4287 1246 4339 minimi-³
1266 4291 1397 4342 Quae
1413 4303 1528 4340 ver-

1647 685 1938 750 utrosque,’
1958 689 2061 736 &tt-
2086 687 2304 738 Sallust.
2323 687 2579 751 Jugnrth.
2603 701 2722 752 cap.

1644 767 1728 812 57.
1777 763 2011 813 ‘Moenia
2051 764 2287 814 exercitu
2332 761 2722 815 circumvenit?

1643 836 1792 887 Idem
1817 852 1934 902 cap.
1950 842 2036 888 ⁷6.
2058 839 2076 867 ‘
2095 839 2246 888 Vallo
2265 837 2514 902 fossaque
2529 838 2721 888 moenia

1644 911 2008 964 circumvenit.
2010 912 2026 937 '
2081 913 2262 963 Caesar
2305 914 2371 963 Β.
2415 913 2490 964 G.
2530 927 2590 963 v·
2635 918 2718 964 8⁵.

1639 988 1656 1015 ‘
1691 990 1761 1039 Et
1793 990 1860 1038 ab
1895 989 1956 1038 iis
1977 989 2080 1078 ‘qni
2129 997 2413 1052 cesserant,
2460 994 2516 1038 et
2552 988 2620 1039 ab
2655 989 2718 1039 iis

1643 1065 1730 1129 qui
1771 1065 1994 1129 proximi
2028 1072 2305 1129 steterant,
2340 1066 2721 1116 circumvenie-

1640 1140 1852 1192 bantur.
1856 1141 1872 1164 ’
1926 1141 2040 1193 Cic.
2077 1141 2143 1193 de
2188 1140 2716 1194 0ffi0.11.14.1‹:i

1640 1219 1997 1281 subveniatur,
2051 1219 2141 1284 qui
2204 1219 2438 1284 potentis
2495 1218 2716 1282 alicujus

1637 1296 1826 1359 opibus
1861 1296 2227 1347 circumveniri
2258 1296 2536 1361 urgeriqne
2579 1297 2718 1347 vide·

1640 1379 1744 1422 tur.
1747 1371 1761 1394 ’
1792 1373 1965 1424 Tacit.
1989 1373 2181 1426 Annal.
2202 1387 2242 1426 1.
2262 1377 2346 1426 25.
2369 1376 2387 1403 ‘
2407 1373 2591 1423 Ceteri
2623 1373 2714 1423 tri·

1638 1447 1794 1503 buual
1824 1449 2028 1514 ingenti
2044 1449 2249 1514 agmine
2263 1447 2717 1505 circumveniunt„¹

1637 1526 1883 1577 Schwnrz.
2692 1558 2699 1567 -

1703 1603 1953 1668 Flamina]
1986 1602 2129 1657 Quid
2166 1602 2389 1655 mirum?
2428 1616 2551 1652 cnm
2587 1607 2712 1654 tunc

1635 1693 1761 1742 opes
1798 1681 2014 1744 privatae
2048 1681 2120 1731 ita
2154 1693 2379 1743 magua»,
2401 1685 2461 1728 ut
2493 1675 2713 1728 flumina

1632 1755 1925 1808 baberent
1912 1773 1966 1807 ιιι
1998 1772 2093 1808 suo
2116 1757 2345 1808 orientia
2366 1761 2420 1806 et
2441 1755 2711 1810 cadentia.

1631 1833 1834 1887 Seneca
1870 1836 2037 1901 Epist.
2074 1838 2157 1886 89.
2192 1833 2510 1885 ‘Illustrinm
2537 1831 2711 1883 flumi-

1631 1923 1755 1959 num
1780 1924 1875 1974 per
1917 1911 2178 1975 privatum
2213 1908 2487 1967 decursus,
2521 1917 2581 1960 et
2603 1925 2711 1960 am·-

1631 1999 1722 2035 nes
1768 1987 1959 2051 magni,
2013 2000 2420 2052 magnarumque
2464 1986 2707 2049 gentium

1631 2065 1861 2127 termini,
1907 2077 2072 2129 usqne
2118 2063 2185 2114 ad
2231 2063 2420 2113 ostium
2460 2077 2493 2112 a
2532 2061 2708 2128 fonte,

1629 2140 1792 2191 vestri
1832 2145 2008 2195 suntz’
2049 2144 2107 2189 et
2151 2140 2305 2204 plura
2338 2137 2460 2188 huie
2497 2139 2579 2190 rei
2619 2140 2708 2190 vix

1627 2215 1906 2267 credendas
1951 2222 2008 2266 et
2048 2214 2391 2276 admirandas,
2422 2230 2543 2280 qnoe
2580 2216 2706 2268 sub-

1620 2293 1817 2357 jungit.
1885 2293 2120 2359 Ideoque
2165 2299 2222 2344 et
2264 2293 2319 2343 in
2363 2292 2703 2347 Admirandis

1626 2370 1733 2420 dixi
1755 2371 1845 2421 lib.
1870 2385 1934 2420 11.
1957 2385 2079 2435 cap.
2102 2371 2198 2422 uit.
2265 2371 2386 2421 Non
2411 2371 2595 2435 audio,
2613 2368 2702 2437 qui

1622 2447 1738 2499 boec
1781 2448 1848 2499 ad
1894 2447 2121 2499 Neronis
2163 2445 2372 2497 domum
2412 2445 2702 2509 referunt3

1620 2524 1924 2588 planissime
1978 2530 2165 2574 eontra
2215 2523 2379 2574 Plinii
2434 2524 2600 2577 verba
2646 2532 2701 2585 et

1620 2609 1868 2653 mentem.
1902 2601 2043 2665 Lips-
2686 2642 2693 2655 .

1687 2678 1893 2743 Fontes]
1912 2678 2096 2727 Fontes
2116 2676 2342 2727 arbitror
2363 2691 2570 2742 verum,
2592 2690 2696 2729 non

1618 2761 1821 2813 montes,
1860 2754 1998 2819 qnod
2031 2755 2082 2804 in
2108 2754 2169 2804 C.
2195 2753 2388 2804 editur.
2458 2753 2540 2805 Ae
2573 2756 2697 2809 milli

1619 2831 1944 2883 commodum
1989 2830 2207 2880 veniunt
2252 2830 2307 2879 in
2357 2839 2590 2882 mentem
2640 2837 2696 2882 et

1618 2906 1889 2972 Propertii
1933 2907 2036 2957 mei
2080 2920 2284 2968 versus,
2325 2921 2457 2971 quos
2498 2909 2693 2965 adseri-,

1618 2981 1759 3045 bam,
1793 2989 1849 3035 et
1880 2998 1985 3034 non
2018 2997 2122 3034 uno
2144 2982 2260 3033 loco
2281 2984 2593 3035 medicinam
2617 2986 2695 3047 eis

1615 3058 1823 3111 faciam.
1856 3061 1973 3111 ‘Ne
2010 3060 2101 3111 tibi
2135 3061 2205 3110 sit
2238 3058 2427 3110 durum
2467 3070 2694 3127 montes,

1616 3145 1670 3187 et
1692 3136 1885 3200 frigida
1922 3151 2071 3197 saxa,
2106 3136 2283 3199 Galle,
2306 3151 2477 3203 neque
2500 3153 2691 3203 exper-

1615 3220 1701 3263 tos
1733 3227 1939 3277 semper
1972 3213 2118 3263 adire
2155 3213 2320 3270 lacus,
2359 3214 2493 3265 Qua
2532 3218 2692 3266 miser

1613 3288 1840 3363 ignotis:
1871 3293 1971 3339 διο.
2038 3288 2234 3339 Moneo
2261 3290 2504 3354 primum,
2521 3291 2692 3352 fontes

1611 3367 1909 3430 legendum,
1952 3381 2053 3416 non
2100 3371 2323 3417 montes.-
2376 3365 2689 3420 dehortatur

1611 3444 1747 3495 enim
1784 3444 1993 3494 Gallum
2028 3459 2058 3493 a
2093 3443 2325 3495 fontibus
2357 3458 2422 3494 ac
2462 3442 2689 3496 flumini·

1611 3520 1728 3587 bus,
1756 3529 1815 3573 et
1841 3523 2048 3572 omnino
2083 3521 2152 3572 ab
2180 3522 2357 3587 aquis,
2374 3537 2478 3573 non
2499 3524 2690 3574 monti·

1609 3596 1725 3648 bus.
1775 3599 2018 3648 Probant
2060 3605 2271 3661 aperte,
2315 3613 2434 3662 quae
2482 3613 2688 3662 praece·

1609 3673 1759 3739 dunt,
1803 3676 1918 3724 sive
1950 3674 2099 3737 leges
2135 3675 2429 3724 ‘umbrosa
2468 3673 2689 3728 flumina

1607 3751 1793 3809 silvaess
1823 3755 1922 3802 &e.
1989 3753 2121 3801 Tum
2142 3754 2156 3781 ⁶
2179 3750 2365 3802 durum
2383 3752 2397 3774 ’
2420 3753 2684 3818 interpre-

1608 3834 1691 3877 tor
1735 3828 2128 3881 ‘calamitosum
2175 3835 2232 3878 et
2277 3828 2499 3886 infelix,’
2544 3832 2683 3895 quod

1604 3904 1825 3966 χαλεπὸν
1842 3904 2016 3955 Graeci
2040 3904 2297 3956 dicerent.
2333 3906 2685 3973 Callimachus

1606 3982 1838 4030 Lavaero
1876 3980 2140 4031 Palladis:
2173 3980 2254 4032 'ris
2282 3999 2343 4032 σε
2374 3981 2465 4032 τὸν
2498 3981 2683 4046 ὀφθαλ-

1603 4059 1712 4119 μοῖς
1737 4057 1893 4108 οὔκαὶ·
1924 4055 2243 4117 ἀποισόμενοι·
2261 4058 2321 4108 Ὠ
2341 4058 2570 4123 Εὔηρείδα
2588 4078 2681 4122 χα-

1603 4134 1761 4195 λεπὴν
1779 4133 1889 4184 ὁδὸν
1903 4133 2060 4196 ἄγαγε
2076 4132 2284 4197 &aluum
2307 4135 2362 4185 id
2387 4144 2487 4194 est,
2504 4144 2566 4187 ut
2584 4152 2679 4195 noa

1605 4213 1726 4263 olim
1762 4211 2114 4275 vertebamur,
2155 4212 2281 4268 Quis
2303 4216 2373 4275 te,
2402 4227 2496 4263 non
2533 4214 2681 4264 oculis

1601 4290 1731 4342 salve
1766 4289 1955 4341 abitare
2007 4288 2126 4353 tais,
2165 4288 2365 4339 Durum
2407 4289 2524 4348 iter,
2566 4291 2678 4355 leuc,
