3017 4942
748 391 818 438 o.
863 389 1108 440 enimi
1158 389 1493 443 snounm
1547 380 1827 444 emec.
1898 393 1953 446 1.
1995 379 2106 447 61.

305 535 464 596 peret
489 529 749 595 Trajanns
784 533 1045 598 princeps,
1077 542 1203 585 tunc
1227 535 1375 585 terti-

307 623 394 657 um
420 610 602 657 consul
624 608 936 660 ordinarius.
984 611 1185 660 Fronto
1203 619 1377 661 autem

298 684 415 748 jam
463 685 563 734 sub
609 686 786 736 Nerva
832 687 1150 750 imperatore
1191 689 1378 738 iterum

302 761 508 822 consul,
532 761 620 810 sed
661 768 860 811 tantum
892 760 1157 821 suffectus,
1188 761 1379 816 fuerat.

305 834 415 885 Hic
445 836 708 887 assidebat
732 838 785 887 in
815 838 941 888 sella
965 839 1128 890 curuli
1151 840 1379 904 Trojano

299 913 558 978 principi,
583 914 779 977 pariter
810 915 864 964 in
899 915 1029 965 sella
1051 917 1218 966 curuli
1244 930 1377 979 prae-

302 988 503 1039 sidenti
546 990 763 1049 senatui,
812 991 1047 1056 adeoque
1091 993 1380 1042 sententias

303 1072 537 1133 roganti.
603 1071 862 1137 Princeps
896 1073 1049 1130 enim,
1072 1073 1277 1138 quoties
1299 1086 1379 1124 se·

300 1149 455 1198 natui
491 1149 787 1204 interesset,
835 1163 1020 1213 rogare
1062 1151 1377 1200 sententiam

298 1222 511 1288 solitus,
537 1238 795 1289 nunquam
810 1226 998 1288 rogari.
1033 1226 1219 1283 Immo,
1237 1226 1376 1292 quo'd

298 1301 529 1351 Tacitus
551 1309 721 1365 notat,
743 1301 933 1352 Annei.
963 1317 1054 1354 ιιι.
1086 1308 1165 1353 17.
1188 1312 1243 1353 et
1266 1305 1378 1355 Coe·

301 1391 426 1427 sare
458 1377 739 1442 referente,
766 1379 866 1443 ipsi
902 1394 1107 1445 quoque
1145 1383 1378 1432 consules

301 1455 481 1518 rogari
506 1463 925 1516 consueverunt3
947 1471 1063 1507 cum
1091 1471 1215 1507 vero
1238 1461 1378 1522 prin·

304 1545 437 1595 ceps
468 1532 697 1595 abesset,
731 1547 813 1582 res
837 1532 1020 1583 ordine
1045 1548 1135 1582 suo
1164 1548 1378 1599 perage·

302 1608 483 1659 batur.
532 1610 671 1659 Vide
692 1609 998 1660 Salmasinm
1022 1609 1087 1659 ad
1112 1611 1377 1674 Spartian.

301 1686 357 1735 in
386 1685 674 1742 Hadriano,
692 1701 809 1750 cap.
820 1691 872 1738 S.
904 1686 1107 1736 Plinius
1130 1702 1251 1737 vero
1272 1689 1377 1738 cal-

299 1762 410 1811 lide
433 1763 706 1814 omittit·in
739 1764 815 1812 liis
853 1763 1027 1833 serbis
1063 1765 1377 1815 mentionem

293 1839 523 1903 ‘Trajani
542 1840 887 1904 presidentis,
906 1855 972 1890 ne
991 1838 1225 1892 officeret
1238 1856 1377 1892 com·

306 1918 567 1981 paratioui
591 1925 800 1968 senatus
822 1917 1056 1982 antiqui;
1089 1924 1275 1982 utpote
1292 1920 1378 1969 ciii

304 1995 477 2043 nullus
504 1996 685 2044 consul
726 1996 1011 2060 imperator
1037 1997 1377 2060 praesederat.

307 2068 555 2120 Schmun.

374 2147 542 2197 Tertio
591 2149 827 2198 consulein
873 2148 1202 2212 designatum]
1269 2152 1378 2201 Pe‘r

299 2222 443 2273 bunc
475 2223 797 2289 onuphrius,
821 2226 1047 2290 Lipsius,
1076 2233 1131 2277 et
1160 2229 1268 2291 alii,
1299 2229 1375 2278 iu·

301 2303 554 2371 teiligunt
583 2305 709 2354 Sex.
748 2305 1056 2370 Pompeium
1083 2306 1376 2370 Collegam3

302 2392 458 2442 quem
474 2393 571 2443 ego
588 2379 640 2429 in
655 2380 1127 2432 observationibus
1153 2384 1372 2446 primum

299 2455 464 2506 editis
503 2471 803 2507 vocaveram
841 2458 968 2509 Sex.
1007 2459 1373 2526 Pomponium,

297 2532 652 2585 ‘Almeiovenii
686 2527 850 2586 fastos
886 2539 1189 2588 consulares
1221 2554 1371 2590 secu-

302 2616 421 2659 tus=
448 2624 626 2660 verum
640 2612 753 2675 jam
779 2626 958 2677 supra,
981 2613 1045 2662 ad
1067 2615 1095 2678 §
1122 2619 1170 2665 6.
1195 2616 1372 2666 monui

297 2702 473 2753 neque
493 2689 642 2740 Sext.
664 2689 971 2754 Pompeium
986 2689 1254 2756 collegam
1272 2692 1371 2742 boc

205 2813 214 2821 ,
297 2766 418 2817 ioco
442 2765 667 2829 intelligi
693 2779 873 2830 posse3
897 2781 1012 2816 cum
1035 2766 1174 2819 Plio.
1198 2769 1370 2832 Epist.

298 2853 372 2891 n.
396 2844 478 2893 11.
503 2849 707 2907 pateat,
722 2843 883 2908 bunc,
902 2843 1133 2908 Trajauo
1158 2847 1369 2896 tertium

295 2918 538 2980 consule,
560 2933 661 2969 non
694 2920 832 2969 inter
861 2920 1100 2970 consules
1136 2904 1369 2987 designa-

235 3042 242 3053 ,
289 3004 408 3059 tos,
439 2997 533 3046 sed
560 3003 759 3047 tantum
783 2997 920 3047 inter
940 2999 1254 3060 consulares,
1278 3014 1370 3049 nu·

295 3072 508 3122 merari.
553 3072 685 3124 Haec
703 3073 842 3124 enim
866 3074 935 3124 ibi
960 3075 1178 3140 legimus
1199 3091 1213 3125 z
1237 3077 1253 3104 ‘
1272 3075 1371 3125 As·

293 3157 577 3201 senserunt
599 3154 851 3202 *consules
879 3152 1157 3218 designati,
1193 3144 1371 3204 omnes

296 3227 459 3278 etiam
494 3230 814 3294 consulares,
847 3245 1011 3296 usque
1036 3231 1103 3281 ad
1126 3232 1368 3296 Pompei·

291 3318 384 3356 um
423 3304 738 3371 collegam!
805 3306 1008 3356 Praeter
1044 3309 1181 3357 enim
1221 3308 1369 3358 binos

295 3382 609 3444 ordinarios,
647 3384 825 3447 plures
851 3390 974 3434 tnnc
996 3385 1233 3436 consules
1266 3384 1372 3434 suf-

294 3457 450 3522 fecti,
474 3466 530 3509 et
564 3460 871 3525 plerumque
900 3460 1081 3511 decem
1118 3462 1172 3510 in
1212 3472 1368 3512 unum

293 3548 512 3595 annum,
553 3535 990 3599 designabanturr
1034 3537 1368 3601 utplurimum

295 3612 437 3661 euim
476 3611 567 3660 illo
605 3619 843 3676 tempore
882 3615 1371 3665 consulatuserant

293 3686 594 3738 bimestres.
630 3687 905 3739 Postremo
927 3688 1058 3739 adeo
1075 3691 1245 3740 crevit
1264 3705 1369 3739 am-

289 3762 429 3814 bitio
452 3763 552 3814 sub
575 3765 991 3827 imperatoribus,
1016 3774 1073 3816 ut
1089 3781 1192 3816 uno
1215 3781 1373 3832 anno,

291 3838 461 3890 tradit
486 3841 835 3904 Lampridius,
872 3854 989 3904 cap.
1011 3846 1062 3891 6.
1092 3842 1189 3891 sub
1217 3843 1369 3892 Com-

291 3914 450 3964 modo
471 3912 636 3964 fuisse
658 3914 835 3978 viginti
860 3916 1089 3980 quinque
1111 3921 1368 3968 consules.

291 3990 537 4040 Historia
557 4002 697 4039 ‘vero
733 3991 1001 4040 consulum
1032 3990 1365 4043 suffectorum

290 4074 371 4116 est
396 4078 649 4131 perquam
675 4066 920 4117 intricata
940 4083 956 4128 ;
975 4081 1091 4118 cum
1120 4070 1367 4130 plurimo·

291 4156 408 4194 rum
427 4145 639 4194 nomina
657 4145 972 4195 interierint.
994 4146 1147 4198 Quod
1166 4142 1206 4196 si
1222 4158 1369 4201 caus-

293 4234 351 4271 sa
374 4221 534 4271 Marii
569 4222 761 4279 Prisci,
792 4220 987 4272 At‘ricae
1023 4226 1370 4288 proconsulis,

294 4313 412 4364 quai
439 4313 471 4351 a
507 4299 645 4351 Plin.
680 4299 850 4365 Epist.
884 4313 951 4350 ιι.
979 4304 1056 4350 11.
1081 4308 1137 4353 et
1162 4305 1241 4352 12.
1277 4302 1365 4354 de·

2390 379 2524 447 837

1454 535 1715 599 scribitur,
1738 543 1856 588 acta
1879 543 1961 588 est
1977 553 2154 589 mense
2169 539 2438 598 Januarios
2458 538 2524 591 Α.

1457 611 1518 660 C.
1543 617 1655 663 100.
1695 614 1790 663 sub
1820 614 2020 663 initium
2059 615 2203 664 tertii
2228 617 2525 666 consulatus

1431 684 1668 754 ²Trajani
1694 689 1865 754 3quod
1892 689 2178 739 Massouius
2198 691 2247 739 in
2273 692 2395 740 Vita
2416 692 2523 741 Pli-

1456 766 1528 814 nii
1562 766 1791 816 dilucide
1827 766 2037 817 docuit:
2076 776 2201 816 tunc
2236 769 2524 818 invenimus

1456 843 1551 904 ibi,
1564 857 1665 893 non
1677 845 1885 908 quidem
1905 859 2099 901 omnes,
2112 845 2312 910 aliquos
2330 852 2524 908 tamen,

1455 922 1695 971 consules
1710 919 1954 972 suffectos
1968 922 2104 971 illius
2124 929 2227 971 tem
2238 922 2397 985 poris,
2413 936 2526 971 eos·

1456 1013 1558 1062 que
1597 998 1790 1048 discite
1821 998 2143 1059 nominatos3
2181 1012 2368 1062 nempe
2389 998 2525 1050 Juli-

1454 1090 1540 1124 um
1588 1075 1858 1133 Ferocem,
1897 1076 2184 1125 Cornutum
2214 1075 2529 1139 Tertullum,

1453 1158 1509 1200 et
1531 1150 1776 1202 Acutinm
1795 1153 2044 1202 Nervam.
2082 1154 2163 1202 De
2182 1152 2374 1201 Acutio
2394 1151 2527 1200 Ner·

1454 1243 1521 1277 va
1544 1228 1788 1278 observat
1812 1228 2157 1292 Glandorpius
2193 1230 2246 1277 in
2272 1228 2527 1278 Onomas-

1455 1307 1563 1356 tico
1589 1305 1839 1355 Historiae
1874 1305 2027 1354 Rom.
2061 1318 2181 1368 pag.
2218 1309 2297 1354 lo.
2332 1303 2525 1354 ridicu·

1455 1383 1559 1431 lum
1580 1382 1715 1445 apud
1742 1381 1970 1431 Plinium
1994 1395 2022 1429 a
2048 1380 2307 1429 nonnullis
2331 1379 2525 1444 exponi

1454 1457 1471 1485 ‘
1493 1456 1714 1508 Acutius
1730 1461 1747 1485 ’
1770 1472 1864 1522 pro
1889 1456 2159 1506 adverbio.
2213 1456 2408 1505 Nerva
2433 1468 2521 1504 au·

1455 1537 1561 1582 tem
1603 1533 1654 1581 in
1695 1530 1900 1582 familiis
1940 1530 2267 1588 Acutiorum,
2309 1531 2526 1581 Coccei-

1453 1616 1618 1667 orum,
1643 1610 1976 1666 Liciniorum,
2000 1616 2055 1658 et
2085 1608 2346 1672 Silioruni,
2371 1622 2525 1672 repe-

1452 1687 1674 1739 riuntur.
1744 1685 2036 1738 Admodum
2071 1693 2245 1735 autem
2266 1685 2524 1735 credibile

1452 1775 1555 1821 est,
1581 1763 1825 1813 Acutiuni
1849 1763 1984 1813 huuc
2012 1763 2260 1818 Nervam,
2290 1764 2398 1825 jam
2423 1761 2523 1813 sub

1453 1840 1638 1890 Nerva
1659 1840 1994 1905 imperatore,
2034 1839 2262 1889 secundo
2284 1838 2526 1889 consula-

1451 1923 1508 1967 tu
1535 1916 1773 1974 suffecto,
1795 1923 1851 1967 et
1875 1931 2031 1981 nunc,
2066 1916 2162 1966 sub
2184 1917 2367 1966 Nerva
2389 1916 2526 1967 Tra·

1439 1994 1571 2058 jano
1615 1994 1953 2058 imperatore,
1993 2007 2095 2043 non
2141 1994 2307 2042 solum
2360 1993 2521 2044 tertio

1439 2072 1722 2122 'consulatu
1746 2069 1985 2132 suffecto,
2015 2070 2109 2120 sed
2133 2071 2288 2120 etiam
2314 2070 2522 2133 collegii

1449 2147 1727 2212 dignitate,
1750 2149 1804 2199 in
1822 2149 2070 2198 bonorem
2094 2147 2342 2211 gentilitii
2356 2148 2524 2197 nomi·-

1451 2226 1552 2282 nis,
1575 2225 1980 2276 condecoratum
2001 2237 2120 2274 esse
2134 2243 2148 2287 3
2183 2224 2320 2273 sicut
2339 2231 2392 2272 et
2413 2224 2524 2287 ejus

1449 2303 1764 2352 sententiam
1810 2303 1862 2352 in
1916 2316 2097 2352 caussa
2149 2302 2304 2350 Marii
2348 2300 2527 2351 Prisci

1449 2382 1641 2430 ceteris
1669 2379 2022 2442 praevaluisse,
2047 2391 2113 2425 ex
2137 2377 2312 2427 Plinio
2326 2377 2525 2427 iutelli-

1449 2455 1633 2518 gimus.
1676 2456 1732 2506 Si
1757 2455 1917 2518 igitur
1939 2468 2005 2504 ex
2031 2454 2105 2503 liis
2131 2454 2314 2503 Festos
2340 2468 2524 2504 cousu-

1448 2533 1583 2582 lares
1627 2532 1749 2582 anni
1788 2531 2059 2581 centesimi
2097 2538 2215 2594 post
2252 2531 2522 2581 Clu-istum

1446 2618 1626 2660 natum
1673 2611 1906 2660 breviter
1960 2609 2202 2673 digerere
2261 2609 2517 2671 velimus3

1446 2700 1624 2736 meuse
1646 2686 1896 2738 Januario
1929 2691 1982 2734 et
2004 2684 2306 2745 Februario,
2331 2700 2518 2733 consu-

1446 2765 1524 2813 les
1547 2763 1794 2813 ordinarii
1815 2761 1962 2811 suere
1975 2761 2228 2825 Trajauus
2245 2761 2516 2825 Augustus

1446 2854 1535 2891 ιιι.
1549 2849 1604 2890 et
1625 2842 1701 2891 M.
1714 2840 1885 2892 Julius
1907 2840 2108 2890 Fronto
2127 2851 2217 2887 ιιι.
2237 2837 2519 2902 (de‘Fron·

1445 2927 1571 2971 tone
1606 2921 1717 2970 dixi
1747 2920 1809 2969 ad
1845 2932 1938 2969 nx.
1971 2917 2050 2981 5.)
2099 2917 2283 2966 Mense
2319 2916 2519 2966 Martio

1445 3006 1501 3048 et
1529 2998 1714 3062 Aprili,
1754 3012 1815 3047 ac
1849 2995 1984 3047 forte
2018 2994 2233 3056 diutius,
2260 2993 2516 3057 Trajanus

1445 3074 1750 3137 imperator,
1787 3073 1901 3137 ipse
1939 3071 2240 3136 prorogavit
2262 3070 2517 3119 etcouti-

1445 3151 1626 3200 nuavit
1648 3149 1975 3199 consulatum
2000 3158 2149 3197 suum
2170 3146 2517 3206 ordinariumg

1446 3226 1700 3276 Frontoni
1748 3232 1944 3291 autem,
1987 3224 2069 3277 uti,
2106 3222 2348 3286 conjicio,
2392 3226 2517 3272 tunc

1444 3302 1673 3369 suffecit,
1708 3303 1913 3367 sibique
1945 3302 2197 3363 collegam
2223 3300 2516 3350 consulatus

1445 3381 1667 3431 adscivit
1725 3380 1972 3431 Acutiurn
2023 3379 2268 3429 Nervam.
2329 3378 2515 3426 Utrum

1441 3456 1657 3521 deinde,
1692 3457 1873 3506 Nerva
1910 3454 2132 3519 Trajano
2166 3453 2420 3516 Augusto,
2459 3458 2517 3500 et

1419 3531 1638 3582 ‘Acutio
1662 3533 1863 3592 Nerva,
1877 3529 2184 3594 magistratu
2201 3527 2298 3577 boc
2319 3527 2514 3576 abeun-

1444 3611 1605 3672 tibus,
1618 3609 1790 3661 Julius
1814 3609 2003 3670 Ferox,
2019 3623 2048 3656 a
2064 3606 2311 3656 Calendis
2324 3607 2516 3669 Juniis,

1441 3701 1507 3735 an
1554 3700 1584 3734 a
1636 3684 1881 3734 Calendis
1935 3683 2176 3748 Augusti,
2223 3684 2515 3746 susceperit

1443 3769 1619 3826 partes
1643 3761 1866 3811 consulis
1888 3757 2117 3820 suffecti,
2152 3766 2209 3809 et
2240 3773 2391 3822 quem
2424 3760 2513 3808 ba·

1444 3839 1620 3889 buerit
1661 3839 1933 3902 collegam,
1985 3835 2202 3885 definire
2248 3851 2351 3885 uon
2372 3858 2377 3863 ·
2396 3846 2514 3900 post·

1441 3928 1575 3964 sum.
1639 3914 1882 3964 Posthaec
1907 3925 2050 3976 vero,
2073 3924 2246 3960 mense
2271 3911 2513 3975 Septem-

1441 3992 1526 4042 bri
1584 3999 1640 4041 et
1692 3989 1915 4040 Octobri
1957 3987 2094 4039 illius
2131 3988 2272 4050 anni,
2308 3988 2513 4040 Plinius

1442 4076 1622 4118 noster
1650 4076 1704 4117 et
1736 4067 1999 4117 Cornutus
2033 4063 2297 4123 Tertullus
2329 4078 2513 4113 cousu-

1443 4147 1520 4211 les
1544 4142 1746 4210 suffecti
1770 4140 1917 4192 fuere
1938 4157 1954 4204 ς
1978 4141 2115 4207 quod
2140 4155 2206 4191 ex
2229 4141 2385 4205 hujus
2407 4143 2514 4192 Pa-

1442 4220 1678 4286 negyrici
1702 4233 1820 4283 cap.
1846 4231 1937 4268 xc.
1963 4222 2013 4268 3.
2038 4224 2095 4267 et
2118 4231 2254 4268 xcn.
2276 4221 2326 4266 4.
2348 4227 2512 4282 patet.

1441 4299 1631 4348 Mense
1656 4305 1830 4347 autem
1851 4294 2138 4347 Novembri
2156 4301 2211 4345 et
2228 4294 2510 4348 Decembri
