3017 4942
502 340 636 406 512

499 501 615 566 ipse
649 499 894 564 Agricola
927 510 1132 552 veneno
1152 501 1385 552 sublatus
1421 516 1452 552 a
1481 517 1565 552 sn-

499 578 723 642 spicioso
734 586 894 643 atque
906 578 1087 628 invido
1099 580 1336 644 principe
1351 581 1564 644 putaba-

504 655 627 704 tur?
660 654 734 704 At
755 655 1012 719 Trajanus
1036 656 1359 707 nosterliber
1383 672 1566 720 purus·

504 745 605 796 que
628 731 805 781 luorum
831 732 1115 781 scelerum:
1153 733 1259 797 qui,
1277 741 1334 783 nt
1356 733 1458 783 Dio
1472 734 1567 796 ait,

503 809 615 857 aih-e
637 807 837 871 ἐφθόνει,
858 809 967 857 οὔτε
983 807 1172 874 καθῄρει
1189 808 1314 868 τινὰ,
1334 808 1466 860 ἀλλὰ
1487 808 1567 859 καὶ

503 884 629 935 πάνυ
645 884 825 936 πάντας
844 885 956 935 τοὺς
972 886 1181 948 ἀγαθοὺς
1201 885 1341 946 ἐτίμα
1359 885 1437 935 καὶ
1458 888 1567 948 ἐμε-

504 961 706 1023 mure.
772 964 942 1027 Neque
958 964 1134 1013 invidit
1159 965 1400 1026 cuiquam,
1419 979 1569 1028 neque

503 1041 695 1103 occidit,
713 1042 795 1090 sed
823 1042 967 1103 plane
983 1056 1142 1091 omnes
1162 1042 1306 1091 bonas
1332 1046 1380 1091 et
1399 1043 1567 1095 boues·-

505 1117 660 1172 tubnt,
681 1121 726 1164 et
746 1116 983 1177 dignitate
1004 1117 1225 1179 augebat.
1259 1118 1404 1181 Lips.

472 1230 473 1235 =
508 1218 543 1247 .·
570 1194 854 1256 Principum
886 1192 1111 1256 imidias]
1145 1194 1265 1242 Dux
1300 1193 1470 1256 regius
1506 1200 1568 1245 nt

505 1269 620 1323 fere
637 1271 907 1334 semperin
928 1271 1144 1333 lubrico,
1162 1273 1451 1334 praesertim
1470 1272 1568 1323 sub

505 1347 747 1411 principe
792 1347 1058 1410 iniquiore.
1122 1347 1341 1410 Josepb.
1386 1347 1567 1413 Antiq-

506 1437 587 1473 νι.
612 1427 692 1474 14.
723 1432 739 1455 ⁴
765 1424 1038 1487 Quotquot
1058 1425 1110 1473 in
1146 1438 1321 1475 eorum
1347 1425 1568 1488 gratiam

476 1534 481 1539 -
506 1505 754 1569 plurimos
776 1503 978 1553 labores
999 1504 1328 1558 exhauriunt.
1353 1517 1442 1552 eos
1460 1504 1565 1567 pri·

505 1596 643 1633 mum
669 1582 914 1637 evehunt,
936 1581 1128 1630 deinde
1154 1581 1266 1644 jam
1289 1581 1568 1630 honoratos

503 1672 600 1722 per
626 1656 871 1707 invidiam
906 1671 1008 1706 non
1040 1657 1202 1705 solnm
1226 1655 1571 1720 dignitatibus

506 1735 732 1799 privant,
775 1733 865 1783 sed
914 1748 1009 1796 per
1045 1733 1354 1782 calumniam
1392 1733 1570 1797 oppti-

506 1808 692 1860 munt.’
756 1808 952 1858 Similia
976 1806 1112 1870 apud
1136 1808 1377 1872 Xenoph.
1401 1809 1493 1858 lib.
1513 1823 1569 1859 v.

508 1887 656 1939 Curt.
683 1898 762 1934 vl.
799 1885 1072 1935 Demosth.
1107 1883 1328 1944 Olynth.
1355 1897 1418 1934 ιι.
1455 1886 1573 1935 Liv.

510 1975 678 2012 xxvt.
698 1965 783 2010 40.
804 1960 1074 2009 Plutarch.
1098 1960 1149 2008 in
1175 1959 1378 2016 Crasso,
1402 1960 1572 2011 Tacit.

508 2037 649 2089 Anu.
675 2051 715 2086 1.
748 2041 833 2086 52.
867 2036 1058 2086 Zonar.
1081 2043 1208 2085 tom.
1233 2049 1322 2085 ιιι.
1352 2036 1572 2089 Gruter.

510 2115 722 2165 Dicnrs.
744 2113 917 2162 Tacit.
942 2126 990 2161 c.
1013 2115 1095 2161 33.
1128 2112 1281 2161 Bern-

512 2226 527 2236 .
574 2190 712 2243 cap.
735 2202 861 2239 xlx.
900 2189 1196 2240 Validiarum
1208 2188 1426 2252 exortus]
1460 2189 1573 2241 Ha-

508 2267 636 2317 bent
671 2267 934 2315 calidorum
971 2264 1136 2314 codex
1171 2267 1275 2315 Ms.
1316 2267 1572 2324 Venetus,

507 2422 810 2476 Vossianus,
835 2425 891 2473 et
910 2419 1045 2471 alter
1067 2419 1336 2469 Gudianus
1355 2435 1372 2481 3
1406 2421 1456 2470 in
1479 2420 1574 2470 im·

507 2497 722 2567 pressis,
754 2497 1099 2558 Puteolanus,
1133 2496 1445 2558 Beroaldus,
1481 2496 1573 2546 Ai-

510 2573 626 2634 dns,
661 2572 1008 2633 Philoinnsus,
1040 2572 1339 2635 Rhenanus,
1378 2572 1574 2623 Ascen-

509 2650 633 2713 sius,
647 2650 682 2701 J
688 2656 829 2705 unta,
842 2649 1112 2713 Stephani,
1129 2648 1422 2699 Cratander
1436 2665 1451 2699 ε
1487 2663 1575 2703 ce·

511 2726 614 2777 teri
652 2727 850 2777 rectius
887 2725 1188 2775 validiorum.
1227 2726 1244 2755 ‘
1274 2724 1575 2776 Validiora’

506 2811 683 2857 sutem
704 2805 720 2833 ⁸
742 2801 944 2852 sidera'
975 2802 1239 2866 dicuntur,
1260 2816 1377 2867 quae
1397 2810 1577 2855 cetera

507 2879 887 2943 magnitudine,
908 2878 1205 2943 splendore,
1235 2886 1293 2929 et
1324 2878 1588 2938 efficacia,

506 2965 777 3021 superant,
792 2971 873 3013 ac.
890 2958 933 3006 si
957 2957 1277 3018 exoriantur,
1295 2956 1578 3009 obscurant

508 3047 673 3098 parva
693 3041 749 3083 et
767 3034 926 3084 exilia
946 3031 1149 3095 sidera3
1186 3039 1343 3097 prout
1364 3048 1577 3096 prover-

509 3108 600 3159 bio
635 3109 848 3171 dicitur,
882 3109 1087 3158 ‘lumen
1131 3109 1299 3172 majus
1331 3108 1578 3161 obfuscat

506 3187 710 3237 minus?
791 3185 964 3236 Aliter
1011 3201 1118 3237 rem
1161 3187 1296 3237 banc
1331 3187 1580 3251 exprimit

509 3263 651 3313 Plin.
675 3261 824 3319 infra,
854 3275 972 3312 ιιι.
994 3265 1044 3311 2.
1074 3264 1091 3291 ⁴
1116 3261 1350 3325 Accidit,
1367 3271 1431 3315 nt
1458 3280 1577 3315 cor·

509 3353 657 3402 pora,
669 3339 957 3402 quamlibet
970 3338 1131 3389 aedua
1144 3345 1199 3389 et
1216 3341 1442 3398 excelsa,
1459 3355 1575 3404 pro·

509 3414 799 3464 carioribus
832 3415 1062 3476 admota,
1098 3415 1437 3473 decrescant?
1468 3419 1574 3467 &c-

509 3491 744 3554 Eaeortus,
781 3505 878 3554 pro
916 3491 1134 3555 simplici
1172 3493 1396 3550 nomine,
1426 3500 1578 3557 ortus,

508 3569 735 3632 ponitur.
802 3569 891 3619 Sic
928 3576 1106 3619 noster
1143 3585 1321 3634 snpra,
1359 3584 1491 3620 vm.
1525 3574 1576 3619 3.

507 3645 840 3708 imperatoris
863 3646 1065 3695 initium
1093 3652 1245 3697 vocat
1265 3648 1281 3677 ‘
1303 3645 1578 3696 exortum.'

508 3721 629 3772 Hac
649 3737 775 3773 voce
799 3722 1103 3773 idemtidem
1127 3738 1248 3773 usus
1267 3730 1347 3773 est
1370 3724 1576 3773 Plinius

508 3798 712 3862 Major3
736 3815 782 3847 v.
795 3815 844 3863 g.
867 3812 948 3849 ιιι.
967 3804 1046 3850 12.
1063 3800 1149 3851 nbi
1166 3801 1233 3850 de
1250 3801 1402 3850 melle
1419 3814 1576 3862 apum

510 3874 654 3936 agitz
691 3877 707 3902 ‘
724 3875 880 3925 Venit
900 3876 999 3926 boc
1024 3890 1090 3924 ex
1115 3875 1255 3938 aere,
1276 3882 1331 3925 et
1353 3876 1576 3927 maxime

508 3950 737 3999 siderum
752 3959 959 4013 exortu,
976 3952 1345 4015 praecipueqne
1361 3951 1477 4013 ipso
1492 3951 1576 4001 si-

508 4028 589 4076 rio
622 4027 1092 4090 exsplendescente
1122 4026 1204 4089 fit,
1236 4042 1335 4076 nec
1368 4027 1576 4079 omnino

511 4102 654 4167 prius
693 4101 1039 4165 Vergiliarum
1075 4102 1299 4153 exortu.’
1340 4104 1375 4152 1.
1400 4117 1573 4157 xvm.

502 4193 629 4243 cap.
663 4182 749 4230 34.
785 4178 970 4230 eadem
1022 4193 1121 4229 vox
1169 4178 1442 4243 quinquies
1484 4195 1571 4232 oc·

1198 357 1418 407 NOTAE
1466 358 1875 411 VARIORUM
1933 364 2013 413 m

1639 505 2090 559 currit.'Sekaearz.

1703 580 2016 648 Iaegatoruvu]
2072 583 2177 634 Hic
2211 584 2587 650 ‘consulat-esf
2629 586 2706 638 in·

1640 659 1756 722 quit
1796 660 2021 722 Lipsius,
2065 667 2079 689 ⁸
2103 660 2348 724 intelligit
2377 670 2447 713 ’et
2494 665 2705 726 provin-

1640 732 1733 784 ciis
1756 736 2026 801 copiisque
2051 736 2351 801 praefectos.
2386 740 2521 790 Nam
2547 741 2710 802 legati

1640 810 1741 860 isto
1772 826 1885 861 aevo
1907 812 2179 877 duplicesz
2205 821 2224 842 ‘
2243 815 2568 865 consulares’
2591 816 2703 878 jam

1640 887 1794 951 dieti,
1828 890 1942 939 loco
1976 891 2276 953 praesidum,
2310 899 2365 941 et
2398 889 2709 956 ‘praetorii,'

1641 963 1881 1031 minores,
1902 967 1987 1031 qui
2008 968 2104 1017 sub
2129 967 2228 1016 illis
2251 970 2466 1032 sing-ulis
2492 969 2708 1031 legioni·

1641 1040 1737 1091 bus
1772 1042 2030 1106 prefecti.
2099 1045 2236 1094 Sunt
2272 1045 2371 1094 ista
2406 1045 2471 1094 ab
2501 1044 2709 1094 ordina·

1642 1119 1784 1169 tione
1810 1121 2052 1184 Augusti,
2073 1137 2189 1185 quae
2218 1121 2376 1171 Dioni
2401 1123 2599 1186 optime
2619 1134 2709 1170 ex·

1641 1211 1821 1259 pressa
1854 1197 2066 1249 inorat-
2097 1199 2432 1262 Maecenatis,
2468 1199 2560 1249 lib.
2585 1197 2709 1248 ιιι]

1641 1273 1862 1324 Patarol.

1706 1351 1997 1413 Legamu-
2007 1352 2247 1418 dignitas]
2280 1349 2418 1401 Vide
2436 1366 2599 1417 supra
2620 1365 2712 1402 no·

1641 1433 1749 1485 tam
1788 1434 2033 1491 nostram,
2062 1428 2129 1479 ad
2159 1441 2244 1477 rx.
2265 1433 2314 1477 2.
2382 1426 2541 1478 Addo
2574 1438 2713 1477 nunc

1642 1505 1813 1554 locum
1846 1520 1911 1555 ex
1946 1506 2124 1556 Strab.
2161 1506 2355 1567 Geogr.
2389 1519 2478 1553 ιιι.
2515 1519 2569 1569 p.
2597 1509 2712 1555 166.

1643 1580 1735 1629 nbi
1768 1591 1971 1646 narrat,
1992 1582 2310 1646 provinciam
2341 1569 2593 1631 Bieticam
2617 1596 2713 1645 po-

1645 1658 1770 1723 pulo
1803 1659 2033 1708 Romano
2060 1673 2176 1708 esse
2198 1658 2524 1720 attributam,
2546 1657 2714 1709 mitti·

1645 1749 1747 1798 qne
1780 1736 1834 1784 in
1868 1750 1982 1785 eam
1997 1734 2295 1799 στρατηγὸν,
2319 1733 2501 1796 ἔχοντα
2520 1734 2711 1796 ταμίαν,

1646 1809 1726 1860 καὶ
1766 1812 2079 1875 πρεσβευτὴν,
2119 1817 2390 1875 pretorem,
2428 1825 2535 1860 cua·
2583 1826 2714 1874 qua-

1642 1893 1790 1949 store‚
1822 1896 1871 1939 et
1906 1892 2103 1952 legat03
2146 1890 2398 1952 reliquam
2438 1887 2716 1951 Hispania

1647 1965 1971 2028 provinciam
2006 1981 2120 2015 esse
2158 1966 2399 2018 Caesaris,
2424 1972 2477 2012 et
2508 1964 2560 2011 in
2594 1977 2714 2012 eam

1647 2043 1786 2091 mitti
1822 2040 1904 2092 δύο
1935 2040 2251 2107 πρεσβευτὰς,
2285 2039 2609 2105 mamm&
2637 2058 2714 2098 τε,

1648 2117 1727 2168 καὶ
1758 2119 2003 2181 ὑπατικὸν,
2035 2123 2153 2169 duos
2177 2121 2384 2180 legatos,
2414 2116 2715 2180 punierim,

1647 2200 1696 2244 et
1730 2197 2031 2246 consularem.
2106 2194 2261 2244 Conf.
2298 2194 2436 2243 idem
2476 2192 2569 2243 lib.
2610 2206 2716 2258 vtt-

1622 2286 1704 2335 ’μ
1726 2276 1840 2322 840.
1864 2275 1959 2321 sub
1979 2273 2178 2322 calcem
2202 2272 2393 2334 operis.
2426 2270 2670 2320 Solum

508 2342 935 2407 salisburgensis,
970 2349 1026 2391 et
1062 2354 1239 2404 meus;
1274 2341 1402 2393 item
1438 2343 1576 2395 liber
1617 2397 1624 2403 ,

1712 2347 1951 2410 Dignius
1981 2346 2305 2409 inumbratur]
2341 2345 2524 2396 Codex
2555 2344 2716 2394 Guel-

1647 2424 1889 2487 pberbyt.
1924 2431 2081 2490 atque
2115 2437 2147 2474 e
2180 2423 2467 2483 Vaticanis,
2497 2435 2551 2470 n.
2570 2424 2719 2470 3461.

1649 2508 1706 2550 et
1725 2504 1875 2551 1776.
1899 2500 2091 2550 habent
2125 2513 2393 2551 numerum
2427 2496 2719 2547 multitudi-

1650 2577 1751 2640 nis,
1769 2577 2031 2638 dignitates
2052 2576 2399 2626 inumbrantur.
2435 2574 2604 2623 Idem.

1649 2690 1660 2697 .
1719 2654 1879 2710 Quam
1904 2652 2117 2716 absente]
2156 2652 2255 2702 Hae
2289 2652 2406 2700 duae
2439 2664 2595 2703 voees
2626 2649 2721 2699 de-

1650 2729 1951 2781 siderantur
1983 2729 2036 2778 in
2067 2727 2185 2779 cod·
2210 2726 2531 2789 Guelpberb.
2554 2724 2720 2780 tribus

1651 2806 1939 2863 Vaticanis,
1976 2813 2032 2857 et
2066 2806 2233 2856 altero
2253 2803 2411 2854 ·libro
2453 2802 2719 2857 Gudiano.

1651 2882 1805 2933 Idem.

1652 2991 1658 2995 -
1715 2960 2057 3023 Imperatorem
2077 2958 2527 3020 commilitonemque
2548 2956 2721 3006 miscu-

1649 3034 1783 3098 eras]
1815 3036 1865 3086 h.
1887 3035 2293 3100 esimperatoris
2326 3032 2720 3092 anctoritatem,

1653 3126 1715 3161 ac
1748 3112 1876 3163 socii
1910 3120 1969 3164 et
1999 3112 2216 3176 collegae
2247 3110 2642 3166 humanitatem,
2665 3107 2722 3158 et

1652 3189 2016 3240 commilitonis
2043 3202 2277 3252 operam,
2301 3186 2491 3236 eximio
2518 3194 2721 3249 tempe·

1654 3271 1889 3314 ramento
1910 3265 2274 3329 conjunxeras,
2294 3277 2410 3312 enm
2435 3262 2486 3310 in
2512 3261 2723 3324 provin·
2815 3272 2822 3278 “

1652 3340 1765 3401 ciis,
1789 3349 1845 3391 et
1867 3342 2006 3404 apud
2037 3340 2345 3400 exercitum,
2367 3352 2484 3387 cum
2510 3337 2721 3401 legatis,

1651 3416 2024 3481 militibusque,
2056 3417 2168 3481 pari
2205 3415 2381 3466 studio
2417 3415 2722 3464 versareris.

1649 3499 1665 3522 ‘
1681 3491 1982 3556 Imperator
1997 3493 2011 3515 '
2031 3500 2089 3544 et
2108 3495 2124 3523 ‘
2143 3490 2464 3555 commilito,'
2484 3493 2584 3541 hoc
2602 3493 2718 3542 loco

1634 3574 1749 3632 'per
1766 3570 2061 3631 μετωνυμίαν
2082 3570 2307 3634 subjecti
2331 3584 2428 3632 pro
2451 3568 2724 3632 adjuncto,

1652 3647 1728 3695 nti
1752 3648 2032 3711 loquuntur
2056 3647 2306 3702 rhetores,
2324 3659 2421 3709 pro
2441 3645 2721 3695 virtutibus

1650 3729 1707 3771 et
1738 3721 1918 3773 officiis
1951 3725 2174 3787 propriis
2207 3721 2503 3786 hujusmodi
2537 3734 2720 3784 perso-

1650 3811 1832 3847 narum
1866 3807 2163 3863 ponuntnr3
2211 3799 2288 3847 uti
2321 3812 2482 3860 supra
2519 3798 2722 3849 Plinius

1650 3872 1802 3929 dixit,
1823 3888 1889 3924 ιι.
1903 3880 1957 3926 8.
1978 3878 1995 3904 ‘
2012 3875 2174 3925 sentit
2197 3873 2316 3936 sibi,
2334 3886 2440 3921 non
2462 3873 2722 3937 Principi,

1649 3948 1792 4012 dici,’
1825 3950 1861 3999 i.
1882 3965 1931 4000 e.
1964 3951 2072 4000 suis
2106 3949 2384 4009 ,virtutibus
2413 3956 2469 4007 et
2498 3950 2721 4013 meritis,

1648 4038 1751 4073 non
1794 4026 2036 4089 dignitati
2074 4031 2128 4076 et
2159 4023 2383 4074 fortuuae
2419 4039 2549 4073 suaa.
2633 4026 2720 4076 Sic

1650 4101 1920 4152 Claudiau.
1968 4115 2047 4152 ιν.
2094 4102 2308 4159 Consul.
2353 4100 2554 4149 Honor.
2595 4105 2716 4151 294.

1649 4178 1745 4241 ait,
1793 4178 1909 4228 ‘Tu
1952 4178 2118 4231 civem
2174 4184 2482 4242 patremque
2524 4178 2719 4242 ἔθηκ’
