3017 4942
483 366 619 437 516

480 529 707 596 quimnn
728 534 989 581 creatura.
1042 528 1196 580 Idem.

550 607 774 670 Annona,
822 623 930 671 quoe
978 607 1176 672 ceteris]
1255 606 1553 671 Catanoeus,

482 691 498 715 ‘
514 683 652 735 Satis
674 681 914 746 constat,'
936 682 1124 748 inquit,
1147 689 1162 713 ‘
1179 697 1430 733 annonam
1454 697 1553 748 pro

478 767 796 818 commeatu,
839 760 874 809 i.
907 775 956 809 e.
998 759 1139 810 omni
1182 760 1450 811 esculento
1493 767 1553 810 et

480 839 759 902 potuleuto
802 838 1076 902 usurpari;
1121 852 1238 889 nam
1275 838 1446 888 Varro
1483 837 1552 887 de

481 919 549 968 R.
570 918 633 968 R.
661 917 748 968 lib.
783 930 875 967 ιιι.
907 921 965 966 et
997 915 1333 981 Tranquillus
1357 916 1410 965 in
1432 916 1553 965 Tib.

479 997 496 1025 ⁸
517 1009 773 1045 annonam
796 992 995 1044 macelli
1014 991 1053 1054 ς’
1084 992 1285 1042 Colum.
1306 1005 1388 1045 tv.
1411 993 1429 1020 ‘
1446 994 1550 1044 vini

480 1086 546 1122 ac
581 1071 735 1121 musti
775 1084 1028 1120 annonam
1045 1068 1078 1132 ς’
1112 1069 1304 1133 Veget.
1334 1069 1424 1120 lib.
1458 1084 1551 1120 ιιι.

482 1155 498 1178 ⁴
522 1163 617 1212 pro
639 1147 779 1198 omni
804 1154 1119 1208 commeatu,
1151 1146 1414 1212 posuere,'
1435 1151 1556 1198 &c.’

479 1225 589 1276 Hic
633 1224 945 1289 intelligitur
995 1232 1010 1255 ⁶
1036 1224 1184 1275 cibus
1233 1224 1553 1285 castrensis,'

481 1301 591 1367 qui,
613 1309 671 1351 ut
692 1302 897 1366 Lipsius
922 1303 1036 1368 Jam
1069 1316 1134 1352 ex
1156 1300 1436 1365 spartiano
1457 1316 1550 1352 no·

480 1380 635 1442 tavit,
655 1381 954 1445 plerumque
977 1379 1217 1431 constitit
1252 1379 1436 1437 larido,
1458 1394 1550 1429 ca·

477 1472 590 1517 seo,
625 1473 800 1523 posca.
863 1459 1062 1510 Eodem
1098 1459 1372 1523 spartiano
1410 1456 1549 1509 refe-

480 1542 649 1599 rente,
671 1550 721 1585 c.
744 1539 825 1585 11.
857 1538 875 1565 ‘
897 1536 1254 1586 Fescenninus
1287 1535 1458 1600 Niger
1493 1535 1547 1585 in

479 1610 619 1661 omni
658 1611 993 1676 expeditione
1033 1619 1156 1663 ante
1194 1627 1374 1663 omnes
1414 1611 1548 1661 mili·

477 1695 646 1739 tarem
665 1690 837 1741 cibum
855 1690 1037 1740 sumsit
1054 1696 1175 1740 ante
1195 1687 1552 1754 papilionem-³

477 1765 799 1831 Hujusmodi
818 1765 1176 1831 frugalitatem
1198 1766 1547 1816 Mamertinus

479 1843 640 1893 etiam
664 1841 898 1893 laudavit
928 1844 980 1892 in
1007 1842 1240 1906 Juliano,
1273 1841 1475 1904 Paneg.
1496 1857 1546 1892 c.

380 1944 385 1947 ·
479 1922 563 1969 11.
595 1920 613 1947 ‘
635 1920 735 1972 Qui
765 1917 994 1983 saepius,'
1015 1918 1545 1983 inquit,“statarium

478 1995 756 2059 prandium
802 1997 868 2045 ad
914 1996 1285 2046 necessitatem
1336 1997 1548 2048 humani

476 2073 712 2137 corporis
766 2074 959 2137 capiat,
1004 2071 1233 2137 gaudens
1289 2075 1548 2126 castrensi

478 2149 621 2208 cibo,
657 2151 898 2200 ministro
934 2151 1108 2209 obvio,
1130 2158 1185 2201 et
1221 2154 1408 2215 poculo
1439 2151 1547 2203 for·

479 2226 651 2278 tuito-⁹
716 2222 787 2278 Et.
819 2228 1033 2278 Latinus
1062 2229 1250 2279 Pacat.
1274 2229 1468 2296 Paneg.
1495 2247 1543 2282 c.

479 2306 562 2375 ¹5⁸·
600 2305 945 2355 Theodosium
972 2313 1122 2357 vocat
1141 2307 1543 2372 ‘imperatorem

476 2396 639 2445 parce
662 2390 1011 2448 contenteque
1037 2384 1314 2446 viventem,
1337 2385 1543 2436 modico

472 2463 533 2509 et
556 2459 802 2508 castrensi
827 2459 942 2509 cibo
974 2459 1177 2524 jejunia
1198 2460 1350 2523 longa
1373 2463 1544 2511 solan-

476 2534 619 2586 tem-⁹
686 2537 1010 2587 contrariam
1035 2539 1460 2589 cousuetudinem
1486 2547 1544 2591 et

475 2612 822 2677 disciplinam,
844 2630 962 2679 quse
983 2615 1181 2665 Vitellii
1206 2623 1441 2680 tempore
1464 2616 1543 2666 in-

477 2689 702 2748 crebuit,
726 2691 890 2742 Tacit.
913 2691 1056 2740 Hist.
1077 2705 1141 2745 11.
1164 2696 1247 2742 62.
1269 2692 1347 2742 bis
1372 2693 1545 2744 verbis

475 2768 711 2816 notavit:
748 2768 764 2796 ‘
785 2768 865 2817 Ex
890 2768 1035 2818 Urbe
1067 2772 1223 2833 atque
1248 2769 1405 2819 Italia
1426 2770 1543 2820 irri-

478 2851 712 2896 tamenta
746 2845 880 2907 gulae
916 2845 1271 2911 gestabantur,
1303 2853 1544 2911 strepen-

474 2920 616 2971 tibus
643 2921 711 2972 ab
729 2930 951 2987 utroque
976 2921 1104 2971 mari
1128 2922 1430 2984 itineribus3
1451 2924 1544 2973 ex‘-

473 2998 647 3048 hausti
670 2997 1019 3048 conviviorum
1041 2997 1379 3061 apparatibus
1400 2999 1543 3062 prin·

474 3073 621 3137 cipes
668 3072 971 3123 civitatum:
1028 3073 1370 3124 vastabantur
1412 3075 1541 3138 ipsae

476 3148 745 3211 civitates3
799 3149 1152 3212 degenerabat
1192 3165 1222 3200 a
1266 3150 1442 3200 labore
1479 3166 1543 3203 ac

478 3225 672 3276 virtute
713 3226 885 3289 miles,
925 3226 1260 3276 assuetudine
1303 3228 1541 3293 volupta-

477 3307 609 3363 tum,
634 3308 688 3352 et
710 3308 977 3353 contemtu
1003 3303 1181 3354 ducis.’
1229 3303 1477 3356 Schwarz.

547 3378 816 3428 Comitatus
849 3380 1090 3431 accinctus
1121 3387 1173 3431 et
1202 3381 1399 3446 parens]
1440 3382 1541 3433 Ac-

472 3454 674 3518 cinctur,
694 3456 730 3503 i.
751 3471 800 3506 e.
824 3468 1036 3522 paratus
1060 3464 1118 3509 et
1138 3459 1450 3524 expeditns3
1481 3468 1542 3512 ut

474 3538 620 3582 recte
656 3534 983 3597 explicarunt
1015 3535 1310 3599 Catanaeus,
1335 3536 1539 3600 Lipsius

458 3614 532 3658 et
553 3607 670 3659 Jac.
692 3608 763 3659 de
782 3610 833 3659 la
859 3611 1073 3673 Baune;
1108 3620 1264 3677 atque
1301 3611 1437 3662 infra
1471 3613 1538 3674 ad

476 3697 620 3735 xxx.
654 3691 706 3736 6.
780 3687 1161 3751 Berneggerus,
1199 3687 1287 3737 ubi
1333 3688 1539 3739 Plinius

473 3761 489 3789 ‘
511 3760 797 3812 bonitatem
812 3764 828 3785 ’
854 3769 1006 3814 vocat
1024 3770 1040 3793 ⁴
1063 3763 1387 3815 accinctam.'
1429 3764 1538 3816 Pro

476 3849 605 3886 voce
631 3853 825 3904 pareus,
847 3839 1193 3905 Cuspitiianus
1226 3841 1394 3891 edidit
1425 3856 1539 3905 pur·-

472 3928 572 3963 σιω.
638 3915 735 3964 Cui
778 3917 990 3967 lectioni
1026 3916 1206 3969 favent
1223 3918 1540 3977 ,Rittersbu-

473 3990 580 4039 sius
605 3997 659 4040 et
681 3990 798 4042 Jac.
820 3991 886 4042 de
910 3996 960 4044 la
982 3994 1184 4063 Baune.
1249 3994 1368 4045 Nec
1403 3994 1540 4043 male

474 4067 757 4115 conveniat
778 4066 890 4119 baec
917 4069 1029 4118 laus
1051 4070 1103 4119 in
1122 4069 1448 4134 comitatum,
1470 4068 1539 4119 ad

473 4142 767 4205 exemplum
802 4143 881 4194 sui
917 4146 1187 4210 principis,
1208 4144 1458 4210 frugalem
1481 4152 1540 4196 et

464 4219 725 4281 sobrium.
801 4223 898 4272 Est
939 4223 1076 4273 enim
1126 4236 1319 4287 parcus,
1377 4239 1539 4288 parvo

460 4303 774 4360 contentus,-
801 4299 1056 4361 sumtibus
1092 4315 1332 4368 parcens,
1361 4300 1539 4368 fruga-

1178 384 1399 436 1101·AE
1448 384 1862 437 VAmoRUu
1913 387 1994 438 m

2075 532 2164 584 Sic
2185 531 2425 586 Ciceroni
2443 534 2513 587 de
2532 534 2693 589 Orat.

1625 619 1687 655 ιι.
1709 608 1792 657 71.
1817 607 2013 659 dicitur
2034 610 2052 637 ‘
2072 609 2299 674 optimus
2322 613 2553 671 colonus,
2573 618 2695 678 par·-

1624 684 1883 740 cissimus,
1928 685 2359 749 modestissimus,
2406 687 2694 751 frugalissi-

1626 759 1771 809 mus.'
1836 763 1906 812 Et
1941 762 2079 812 idem
2114 763 2181 814 de
2216 762 2326 815 Off.
2361 778 2401 815 1·
2432 769 2516 816 80.
2557 765 2694 816 bene

1622 836 1726 887 ista
1759 838 2065 902 conjunxit:
2103 839 2512 905 ‘Intelligemus,
2537 832 2700 908 quum¹

1624 914 1694 965 sit
1732 921 1907 982 turpe,
1944 916 2182 969 diffluere
2216 919 2446 981 luxuria,
2474 926 2528 969 et
2562 919 2694 970 deli·

1623 998 1743 1043 cate
1787 1008 1850 1044 ac
1894 995 2123 1045 molliter
2164 995 2378 1057 virere3
2432 1009 2691 1061 quamque

1623 1066 1913 1131 honestum,
1930 1085 2109 1134 parce,
2119 1072 2468 1129 continenter,
2488 1085 2697 1136 severe,

1623 1143 1832 1196 sobrie!
1878 1146 2095 1208 Verum,
2116 1152 2300 1197 contra
2323 1148 2693 1198 auctoritatem

1626 1228 1707 1271 tot
1747 1222 1994 1274 librorum
2038 1225 2165 1274 nihil
2215 1232 2392 1288 mnto;
2446 1226 2694 1289 maxime,

1624 1313 1739 1349 cum
1764 1302 2017 1352 contitutus
2037 1303 2287 1367 principis
2314 1304 2443 1354 satis
2467 1317 2693 1368 congru-

1622 1383 1774 1427 enter
1795 1378 1952 1428 etiarn
1975 1379 2180 1430 dicatur
2197 1394 2390 1443 parens,
2413 1381 2446 1431 i.
2468 1395 2515 1432 e.
2541 1382 2690 1432 obse·

1622 1470 1807 1521 quens,
1824 1464 1881 1508 et
1900 1458 1965 1508 ad
1987 1466 2168 1509 nutum
2191 1458 2492 1524 imperantis
2515 1461 2691 1512 inten‘·

1625 1539 1727 1583 tus.
1790 1534 2012 1600 Virgilio
2039 1536 2242 1587 AEneid.
2276 1550 2319 1586 ι.
2347 1540 2464 1587 698.
2497 1538 2691 1589 dicitur

1617 1610 1634 1638 ‘
1655 1610 1801 1662 dicto
1828 1611 2051 1676 parens!
2115 1612 2179 1663 In
2213 1613 2399 1664 codice
2430 1614 2690 1684 Salisbur*

1622 1689 1791 1753 gensi,
1814 1697 1866 1738 et
1896 1688 2203 1755 quibusdam
2240 1691 2560 1742 editionibus
2594 1706 2686 1742 an·

1623 1764 1955 1830 tiquioribus,
1978 1780 2074 1830 pro
2104 1780 2296 1830 parens,
2319 1766 2506 1821 vitiose
2535 1774 2687 1819 extat

1619 1847 1805 1906 putens.
1858 1841 2026 1893 Idem.

1686 1921 1768 1969 Ad
1802 1919 1908 1983 hoc,
1942 1919 2221 1983 comitatus]
2254 1919 2337 1970 Aa
2369 1919 2457 1970 Iros
2491 1918 2688 1969 comitu-

1619 2001 1732 2057 ως
1763 1998 1856 2047 sed
1880 1999 1946 2047 ad
1964 2000 2050 2047 Ιιοι·
2071 1999 2140 2048 V.
2158 1997 2221 2048 C.
2247 1998 2311 2047 R.
2334 1997 2402 2049 G.
2452 1998 2616 2050 Livia.

1685 2075 1964 2140 Aes-incus]
2012 2074 2344 2140 Metapliora,
2382 2089 2481 2125 non
2517 2073 2685 2126 fluens

1618 2158 1712 2202 aut
1753 2152 1974 2217 solutus,
2009 2166 2131 2202 vere
2174 2152 2478 2216 adstrictus,
2522 2159 2580 2203 et
2623 2159 2685 2203 ut

1622 2228 1813 2288 milites
1836 2234 1955 2277 tuos
1979 2226 2217 2278 decebat.
2265 2225 2406 2291 Lips.

1682 2302 1965 2368 Accincttrs]
1999 2304 2140 2357 Quid
2178 2304 2222 2352 si
2258 2302 2559 2368 expeditus,
2581 2314 2687 2353 non

1618 2380 1821 2431 herens
1843 2393 1934 2430 aut
1957 2381 2244 2431 subsistens
2266 2395 2382 2430 cum
2406 2382 2690 2431 incommo-

1619 2456 1688 2508 do
1712 2457 2136 2523 provincialium?
2190 2458 2281 2508 Sic
2304 2469 2450 2508 xxx.
2475 2462 2522 2508 5.
2542 2456 2683 2523 quod

1617 2535 1816 2584 adisis.
1860 2536 2051 2584 Rern.-

1685 2612 1756 2662 Et
1786 2610 1985 2677 pareas]
2028 2611 2219 2662 Parcas
2251 2610 2314 2662 C.
2351 2616 2517 2662 recte.
2565 2609 2685 2661 Rit-

1616 2689 1765 2738 tersit.

1682 2764 1923 2828 Magnum
1954 2763 2160 2828 ιιῑίᾳιιειιι
2191 2764 2384 2829 duem]
2427 2762 2687 2828 Designat

1616 2841 1803 2891 ducem
1829 2842 2109 2892 virtutibus
2140 2856 2403 2905 magnum,
2425 2847 2480 2891 et
2499 2855 2687 2892 severa
2721 2878 2726 2884 .

1617 2918 1909 2983 disciplinae
1944 2918 2185 2968 militaris
2218 2919 2489 2969 exactione
2519 2917 2688 2982 incly-

1625 530 1709 589 lis,
1734 537 1790 582 et
1812 531 2036 583 sobrius.

1618 3002 1750 3060 tum,
1798 2997 1886 3063 qni
1934 2996 2098 3061 possit
2142 2996 2318 3061 aliquo
2356 2996 2407 3045 in
2463 3008 2685 3045 numero

1618 3075 1809 3138 putari,
1834 3084 1989 3139 prout
2008 3075 2196 3126 Cicero
2220 3073 2476 3138 loquitur:
2513 3072 2684 3140 qualis

1616 3151 1870 3214 Trajanus
1894 3159 2028 3208 erat,
2041 3166 2158 3200 cum
2184 3149 2352 3200 adbuc
2375 3149 2480 3198 dux
2503 3155 2686 3200 esset·
2667 3184 2688 3211 ,

1605 3212 1672 3277 ἲὶι
1693 3242 1795 3297 qua
1819 3226 2190 3278 moderationis
2210 3226 2364 3276 laude
2381 3226 2538 3276 etiam
2561 3241 2686 3292 per-

1615 3305 1772 3369 stitit,
1791 3321 1906 3356 cum
1921 3307 2029 3371 jam
2049 3306 2254 3370 imperii
2276 3304 2681 3369 gubernaculum

1615 3383 1953 3447 suscepisset·
2018 3381 2226 3447 Alioqui
2276 3379 2426 3430 fuere
2469 3379 2683 3430 omnino

1614 3474 1717 3509 non
1755 3460 1908 3524 pauci
1945 3460 2122 3524 duces,
2143 3460 2239 3524 ⁴qui
2272 3473 2413 3522 saepe
2436 3457 2537 3507 sibi
2562 3457 2681 3521 plus

1613 3535 1863 3599 licentias,
1900 3550 2049 3600 quam
2090 3542 2273 3600 postea
2314 3536 2681 3598 imperatores,

1613 3626 1860 3663 sumsere.
1895 3614 2061 3666 Quam
2088 3627 2271 3677 graves
2288 3611 2461 3661 Italiae
2482 3618 2538 3660 et
2559 3624 2681 3675 pro-

1613 3690 1797 3740 vinciis
1819 3687 2019 3740 fuerint
2035 3688 2301 3739 Vitelliani
2326 3687 2535 3745 milites,
2559 3686 2682 3737 ‘ob-

1581 3788 1586 3793 ·
1613 3766 1779 3827 noxiis
1810 3765 2049 3822 ducibus,
2079 3767 2136 3815 et'
2161 3764 2437 3829 probibere
2460 3777 2562 3813 non
2587 3776 2681 3813 au·

1612 3842 1719 3900 sis,'
1755 3843 2028 3905 eleganter
2071 3841 2290 3906 exponit
2321 3841 2497 3892 Tacit.
2530 3840 2684 3893 Hist.

1611 3932 1676 3969 ιι.
1697 3924 1780 3971 66.
1844 3920 1916 3973 Et
1950 3920 2063 3971 Cic.
2085 3920 2197 3984 jam
2234 3919 2288 3969 in
2322 3918 2594 3984 republica
2614 3918 2679 3969 li·
2739 3974 2749 3984 ,

1611 3993 1758 4053 bera,
1779 3995 1845 4045 de
1867 3995 2164 4060 hujusmodi
2199 3993 2420 4045 ducibus
2455 3995 2680 4059 impera·

1612 4072 1917 4137 toribusque
1940 4072 2192 4137 queritur,
2224 4086 2319 4137 pro
2350 4074 2470 4136 lege
2493 4072 2679 4122 Manil-

1612 4152 1765 4199 (3.13.
1795 4147 1811 4175 ‘
1833 4148 2064 4212 Propter
2098 4149 2231 4198 hanc
2268 4148 2541 4198 avaritiam
2578 4148 2678 4197 im-

1613 4232 1929 4290 peratorum,
1950 4232 2171 4290 quantas
2195 4225 2535 4281 calamitates,
2556 4237 2679 4289 qno·

1610 4315 1834 4369 cumque
1856 4307 2070 4357 ventum
2098 4302 2186 4368 sit,
2213 4299 2380 4354 nostri
2412 4300 2676 4352 exercitus
