<?xml version="1.0" encoding="UTF-8"?>
<!DOCTYPE html PUBLIC "-//W3C//DTD XHTML 1.0 Transitional//EN"
    "http://www.w3.org/TR/xhtml1/DTD/xhtml1-transitional.dtd">
<html xmlns="http://www.w3.org/1999/xhtml" xml:lang="en" lang="en">
 <head>
  <title>
</title>
<meta http-equiv="Content-Type" content="text/html;charset=utf-8" />
  <meta name='ocr-system' content='tesseract 3.04.00' />
  <meta name='ocr-capabilities' content='ocr_page ocr_carea ocr_par ocr_line ocrx_word'/>
</head>
<body>
  <div class='ocr_page' id='page_1' title='image "./panegyriciveter01unkngoog_0232.png"; bbox 0 0 3017 4942; ppageno 0'>
   <div class='ocr_carea' id='block_1_1' title="bbox 477 375 614 445">
    <p class='ocr_par' dir='ltr' id='par_1_1' title="bbox 477 375 614 445">
     <span class='ocr_line' id='line_1_1' title="bbox 477 375 614 445; baseline -0.007 -1"><span class='ocrx_word' id='word_1_1' title='bbox 477 375 614 445; x_wconf 76' lang='lat'><strong>652</strong></span> 
     </span>
    </p>
   </div>
   <div class='ocr_carea' id='block_1_2' title="bbox 1172 389 1986 444">
    <p class='ocr_par' dir='ltr' id='par_1_2' title="bbox 1172 389 1986 444">
     <span class='ocr_line' id='line_1_2' title="bbox 1172 389 1986 444; baseline 0.001 -2"><span class='ocrx_word' id='word_1_2' title='bbox 1172 391 1392 442; x_wconf 70' lang='lat' dir='ltr'><strong>NOTAE</strong></span> <span class='ocrx_word' id='word_1_3' title='bbox 1443 389 1853 444; x_wconf 72' lang='lat' dir='ltr'><strong>vAluoRuu</strong></span> <span class='ocrx_word' id='word_1_4' title='bbox 1900 392 1986 443; x_wconf 68' lang='lat' dir='ltr'><strong>IN</strong></span> 
     </span>
    </p>
   </div>
   <div class='ocr_carea' id='block_1_3' title="bbox 478 535 1866 601">
    <p class='ocr_par' dir='ltr' id='par_1_3' title="bbox 478 535 1866 601">
     <span class='ocr_line' id='line_1_3' title="bbox 478 535 1866 601; baseline 0 -12"><span class='ocrx_word' id='word_1_5' title='bbox 478 536 609 601; x_wconf 83' lang='lat' dir='ltr'><strong>mis]</strong></span> <span class='ocrx_word' id='word_1_6' title='bbox 632 535 807 600; x_wconf 70' lang='lat' dir='ltr'><strong>librisg</strong></span> <span class='ocrx_word' id='word_1_7' title='bbox 840 539 896 588; x_wconf 83' lang='lat' dir='ltr'><strong>et</strong></span> <span class='ocrx_word' id='word_1_8' title='bbox 925 535 1107 587; x_wconf 82' lang='lat' dir='ltr'><strong>abessa</strong></span> <span class='ocrx_word' id='word_1_9' title='bbox 1127 542 1321 600; x_wconf 87' lang='lat' dir='ltr'><strong>potest,</strong></span> <span class='ocrx_word' id='word_1_10' title='bbox 1343 543 1403 587; x_wconf 91' lang='lat' dir='ltr'><strong>ut</strong></span> <span class='ocrx_word' id='word_1_11' title='bbox 1421 551 1549 587; x_wconf 72' lang='lat' dir='ltr'><strong>suas·</strong></span> <span class='ocrx_word' id='word_1_12' title='bbox 1620 536 1866 589; x_wconf 70' lang='lat' dir='ltr'><strong>&amp;liseur-z.</strong></span> 
     </span>
    </p>
   </div>
   <div class='ocr_carea' id='block_1_4' title="bbox 476 612 1554 3235">
    <p class='ocr_par' dir='ltr' id='par_1_4' title="bbox 476 612 1552 1760">
     <span class='ocr_line' id='line_1_4' title="bbox 476 612 1547 676; baseline -0.001 -12"><span class='ocrx_word' id='word_1_13' title='bbox 476 630 609 664; x_wconf 64' lang='grc' dir='ltr'><em>Μ</em></span> <span class='ocrx_word' id='word_1_14' title='bbox 640 613 731 664; x_wconf 84' lang='lat' dir='ltr'><strong>fiat</strong></span> <span class='ocrx_word' id='word_1_15' title='bbox 764 612 1174 674; x_wconf 56' lang='lat' dir='ltr'><strong>substantivorum</strong></span> <span class='ocrx_word' id='word_1_16' title='bbox 1211 613 1302 663; x_wconf 88' lang='lat' dir='ltr'><strong>sed</strong></span> <span class='ocrx_word' id='word_1_17' title='bbox 1326 614 1547 676; x_wconf 75' lang='lat' dir='ltr'><strong>gratiam</strong></span> 
     </span>
     <span class='ocr_line' id='line_1_5' title="bbox 483 689 1550 756; baseline 0 -17"><span class='ocrx_word' id='word_1_18' title='bbox 483 690 665 739; x_wconf 83' lang='lat' dir='ltr'><strong>miram</strong></span> <span class='ocrx_word' id='word_1_19' title='bbox 696 690 815 739; x_wconf 82' lang='lat' dir='ltr'><strong>huie</strong></span> <span class='ocrx_word' id='word_1_20' title='bbox 849 690 962 739; x_wconf 89' lang='lat' dir='ltr'><strong>loco</strong></span> <span class='ocrx_word' id='word_1_21' title='bbox 995 689 1272 740; x_wconf 87' lang='lat' dir='ltr'><strong>conciliare</strong></span> <span class='ocrx_word' id='word_1_22' title='bbox 1298 689 1550 756; x_wconf 64' lang='lat' dir='ltr'><strong>judicat!</strong></span> 
     </span>
     <span class='ocr_line' id='line_1_6' title="bbox 483 768 1549 819; baseline 0.001 -1"><span class='ocrx_word' id='word_1_23' title='bbox 483 768 610 818; x_wconf 78' lang='lat' dir='ltr'><strong>Tam</strong></span> <span class='ocrx_word' id='word_1_24' title='bbox 651 768 857 817; x_wconf 85' lang='lat' dir='ltr'><strong>diversa</strong></span> <span class='ocrx_word' id='word_1_25' title='bbox 896 773 1019 818; x_wconf 90' lang='lat' dir='ltr'><strong>sunt</strong></span> <span class='ocrx_word' id='word_1_26' title='bbox 1054 768 1282 818; x_wconf 84' lang='lat' dir='ltr'><strong>virorum</strong></span> <span class='ocrx_word' id='word_1_27' title='bbox 1316 768 1549 819; x_wconf 87' lang='lat' dir='ltr'><strong>erudito·</strong></span> 
     </span>
     <span class='ocr_line' id='line_1_7' title="bbox 484 844 1550 909; baseline 0.003 -16"><span class='ocrx_word' id='word_1_28' title='bbox 484 859 597 894; x_wconf 83' lang='lat' dir='ltr'><strong>rum</strong></span> <span class='ocrx_word' id='word_1_29' title='bbox 613 844 843 908; x_wconf 81' lang='lat' dir='ltr'><strong>judicia!</strong></span> <span class='ocrx_word' id='word_1_30' title='bbox 895 844 1008 909; x_wconf 83' lang='lat' dir='ltr'><strong>Ego</strong></span> <span class='ocrx_word' id='word_1_31' title='bbox 1031 858 1176 909; x_wconf 77' lang='lat' dir='ltr'><strong>vero,</strong></span> <span class='ocrx_word' id='word_1_32' title='bbox 1196 846 1296 895; x_wconf 86' lang='lat' dir='ltr'><strong>etsi</strong></span> <span class='ocrx_word' id='word_1_33' title='bbox 1317 859 1419 896; x_wconf 88' lang='lat' dir='ltr'><strong>nou</strong></span> <span class='ocrx_word' id='word_1_34' title='bbox 1442 845 1550 896; x_wconf 88' lang='lat' dir='ltr'><strong>dis·</strong></span> 
     </span>
     <span class='ocr_line' id='line_1_8' title="bbox 483 920 1552 987; baseline 0.003 -17"><span class='ocrx_word' id='word_1_35' title='bbox 483 920 688 987; x_wconf 89' lang='lat' dir='ltr'><strong>simulo,</strong></span> <span class='ocrx_word' id='word_1_36' title='bbox 743 929 1097 972; x_wconf 72' lang='lat' dir='ltr'><strong>assumentum</strong></span> <span class='ocrx_word' id='word_1_37' title='bbox 1151 922 1268 986; x_wconf 85' lang='lat' dir='ltr'><strong>hoc,</strong></span> <span class='ocrx_word' id='word_1_38' title='bbox 1321 937 1552 973; x_wconf 69' lang='lat' dir='ltr'><strong>mmai·</strong></span> 
     </span>
     <span class='ocr_line' id='line_1_9' title="bbox 479 1000 1550 1066; baseline 0.003 -17"><span class='ocrx_word' id='word_1_39' title='bbox 479 1000 712 1064; x_wconf 71' lang='lat' dir='ltr'><strong>gratiam,</strong></span> <span class='ocrx_word' id='word_1_40' title='bbox 730 1000 856 1050; x_wconf 84' lang='lat' dir='ltr'><strong>meis</strong></span> <span class='ocrx_word' id='word_1_41' title='bbox 874 1010 1080 1066; x_wconf 83' lang='lat' dir='ltr'><strong>quoque</strong></span> <span class='ocrx_word' id='word_1_42' title='bbox 1104 1000 1312 1052; x_wconf 88' lang='lat' dir='ltr'><strong>auribus</strong></span> <span class='ocrx_word' id='word_1_43' title='bbox 1335 1015 1550 1066; x_wconf 83' lang='lat' dir='ltr'><strong>pergra-</strong></span> 
     </span>
     <span class='ocr_line' id='line_1_10' title="bbox 480 1076 1550 1148; baseline 0.003 -23"><span class='ocrx_word' id='word_1_44' title='bbox 480 1083 597 1148; x_wconf 78' lang='lat' dir='ltr'><strong>tum</strong></span> <span class='ocrx_word' id='word_1_45' title='bbox 639 1076 900 1138; x_wconf 86' lang='lat' dir='ltr'><strong>accidere,</strong></span> <span class='ocrx_word' id='word_1_46' title='bbox 940 1076 1170 1127; x_wconf 87' lang='lat' dir='ltr'><strong>nondum</strong></span> <span class='ocrx_word' id='word_1_47' title='bbox 1211 1085 1388 1128; x_wconf 87' lang='lat' dir='ltr'><strong>tamen</strong></span> <span class='ocrx_word' id='word_1_48' title='bbox 1428 1078 1550 1128; x_wconf 88' lang='lat' dir='ltr'><strong>ideo</strong></span> 
     </span>
     <span class='ocr_line' id='line_1_11' title="bbox 482 1137 1549 1217; baseline 0.002 -15"><span class='ocrx_word' id='word_1_49' title='bbox 482 1137 642 1204; x_wconf 71' lang='lat' dir='ltr'><strong>a&#39;usus</strong></span> <span class='ocrx_word' id='word_1_50' title='bbox 663 1167 775 1203; x_wconf 89' lang='lat' dir='ltr'><strong>sum</strong></span> <span class='ocrx_word' id='word_1_51' title='bbox 796 1153 850 1204; x_wconf 89' lang='lat' dir='ltr'><strong>id</strong></span> <span class='ocrx_word' id='word_1_52' title='bbox 872 1155 1129 1217; x_wconf 86' lang='lat' dir='ltr'><strong>recipere.</strong></span> <span class='ocrx_word' id='word_1_53' title='bbox 1164 1153 1318 1210; x_wconf 86' lang='lat' dir='ltr'><strong>Quod</strong></span> <span class='ocrx_word' id='word_1_54' title='bbox 1344 1154 1387 1204; x_wconf 89' lang='lat' dir='ltr'><strong>si</strong></span> <span class='ocrx_word' id='word_1_55' title='bbox 1413 1156 1549 1205; x_wconf 89' lang='lat' dir='ltr'><strong>euim</strong></span> 
     </span>
     <span class='ocr_line' id='line_1_12' title="bbox 482 1230 1552 1296; baseline 0.002 -16"><span class='ocrx_word' id='word_1_56' title='bbox 482 1244 550 1293; x_wconf 82' lang='lat' dir='ltr'><strong>ea</strong></span> <span class='ocrx_word' id='word_1_57' title='bbox 571 1232 763 1289; x_wconf 85' lang='lat' dir='ltr'><strong>omnia,</strong></span> <span class='ocrx_word' id='word_1_58' title='bbox 787 1246 904 1296; x_wconf 71' lang='lat' dir='ltr'><strong>qum</strong></span> <span class='ocrx_word' id='word_1_59' title='bbox 936 1246 1086 1295; x_wconf 81' lang='lat' dir='ltr'><strong>aeque</strong></span> <span class='ocrx_word' id='word_1_60' title='bbox 1121 1232 1252 1281; x_wconf 79' lang='lat' dir='ltr'><strong>bene</strong></span> <span class='ocrx_word' id='word_1_61' title='bbox 1288 1230 1392 1282; x_wconf 90' lang='lat' dir='ltr'><strong>dici</strong></span> <span class='ocrx_word' id='word_1_62' title='bbox 1431 1246 1552 1296; x_wconf 92' lang='lat' dir='ltr'><strong>pos</strong></span> 
     </span>
     <span class='ocr_line' id='line_1_13' title="bbox 482 1308 1552 1374; baseline 0.004 -17"><span class='ocrx_word' id='word_1_63' title='bbox 482 1315 624 1364; x_wconf 82' lang='lat' dir='ltr'><strong>sunt,</strong></span> <span class='ocrx_word' id='word_1_64' title='bbox 667 1314 760 1358; x_wconf 87' lang='lat' dir='ltr'><strong>aut</strong></span> <span class='ocrx_word' id='word_1_65' title='bbox 804 1322 919 1374; x_wconf 66' lang='lat' dir='ltr'><strong>qum</strong></span> <span class='ocrx_word' id='word_1_66' title='bbox 971 1322 1108 1358; x_wconf 89' lang='lat' dir='ltr'><strong>nunc</strong></span> <span class='ocrx_word' id='word_1_67' title='bbox 1149 1308 1359 1374; x_wconf 88' lang='lat' dir='ltr'><strong>quidem</strong></span> <span class='ocrx_word' id='word_1_68' title='bbox 1403 1310 1552 1361; x_wconf 92' lang='lat' dir='ltr'><strong>nobis</strong></span> 
     </span>
     <span class='ocr_line' id='line_1_14' title="bbox 483 1385 1552 1453; baseline 0.003 -19"><span class='ocrx_word' id='word_1_69' title='bbox 483 1385 702 1453; x_wconf 80' lang='lat' dir='ltr'><strong>meliora</strong></span> <span class='ocrx_word' id='word_1_70' title='bbox 749 1392 806 1436; x_wconf 90' lang='lat' dir='ltr'><strong>et</strong></span> <span class='ocrx_word' id='word_1_71' title='bbox 854 1386 1087 1449; x_wconf 87' lang='lat' dir='ltr'><strong>gratiora</strong></span> <span class='ocrx_word' id='word_1_72' title='bbox 1131 1387 1393 1444; x_wconf 81' lang='lat' dir='ltr'><strong>videntur,</strong></span> <span class='ocrx_word' id='word_1_73' title='bbox 1438 1390 1552 1438; x_wconf 85' lang='lat' dir='ltr'><strong>sine</strong></span> 
     </span>
     <span class='ocr_line' id='line_1_15' title="bbox 480 1462 1551 1527; baseline 0.005 -16"><span class='ocrx_word' id='word_1_74' title='bbox 480 1462 763 1512; x_wconf 65' lang='lat' dir='ltr'><strong>sententiae</strong></span> <span class='ocrx_word' id='word_1_75' title='bbox 797 1464 1134 1527; x_wconf 86' lang='lat' dir='ltr'><strong>necessitate,</strong></span> <span class='ocrx_word' id='word_1_76' title='bbox 1158 1477 1218 1514; x_wconf 90' lang='lat' dir='ltr'><strong>ac</strong></span> <span class='ocrx_word' id='word_1_77' title='bbox 1241 1464 1352 1514; x_wconf 89' lang='lat' dir='ltr'><strong>sine</strong></span> <span class='ocrx_word' id='word_1_78' title='bbox 1374 1471 1551 1516; x_wconf 77' lang='lat' dir='ltr'><strong>vetus-</strong></span> 
     </span>
     <span class='ocr_line' id='line_1_16' title="bbox 482 1539 1551 1605; baseline 0.002 -16"><span class='ocrx_word' id='word_1_79' title='bbox 482 1545 654 1590; x_wconf 78' lang='lat' dir='ltr'><strong>torum</strong></span> <span class='ocrx_word' id='word_1_80' title='bbox 678 1539 915 1590; x_wconf 86' lang='lat' dir='ltr'><strong>codicum</strong></span> <span class='ocrx_word' id='word_1_81' title='bbox 939 1540 1152 1602; x_wconf 89' lang='lat' dir='ltr'><strong>indicio,</strong></span> <span class='ocrx_word' id='word_1_82' title='bbox 1177 1540 1288 1605; x_wconf 85' lang='lat' dir='ltr'><strong>jam</strong></span> <span class='ocrx_word' id='word_1_83' title='bbox 1323 1556 1551 1591; x_wconf 89' lang='lat' dir='ltr'><strong>commu·</strong></span> 
     </span>
     <span class='ocr_line' id='line_1_17' title="bbox 482 1617 1552 1680; baseline 0.004 -14"><span class='ocrx_word' id='word_1_84' title='bbox 482 1624 600 1667; x_wconf 86' lang='lat' dir='ltr'><strong>tare</strong></span> <span class='ocrx_word' id='word_1_85' title='bbox 642 1617 889 1678; x_wconf 77' lang='lat' dir='ltr'><strong>velimus3</strong></span> <span class='ocrx_word' id='word_1_86' title='bbox 939 1617 1062 1680; x_wconf 81' lang='lat' dir='ltr'><strong>quid</strong></span> <span class='ocrx_word' id='word_1_87' title='bbox 1103 1618 1313 1668; x_wconf 85' lang='lat' dir='ltr'><strong>tandem</strong></span> <span class='ocrx_word' id='word_1_88' title='bbox 1350 1618 1444 1669; x_wconf 82' lang='lat' dir='ltr'><strong>fiet</strong></span> <span class='ocrx_word' id='word_1_89' title='bbox 1482 1618 1552 1670; x_wconf 84' lang='lat' dir='ltr'><strong>de</strong></span> 
     </span>
     <span class='ocr_line' id='line_1_18' title="bbox 480 1695 1405 1760; baseline 0.003 -16"><span class='ocrx_word' id='word_1_90' title='bbox 480 1695 831 1759; x_wconf 69' lang='lat' dir='ltr'>scriptoribus</span> <span class='ocrx_word' id='word_1_91' title='bbox 854 1695 1113 1760; x_wconf 85' lang='lat' dir='ltr'><strong>antiquis?</strong></span> <span class='ocrx_word' id='word_1_92' title='bbox 1159 1695 1405 1747; x_wconf 71' lang='lat' dir='ltr'><strong>Schmun.</strong></span> 
     </span>
    </p>

    <p class='ocr_par' dir='ltr' id='par_1_5' title="bbox 479 1771 1553 2068">
     <span class='ocr_line' id='line_1_19' title="bbox 550 1771 1551 1838; baseline 0.002 -17"><span class='ocrx_word' id='word_1_93' title='bbox 550 1773 666 1821; x_wconf 73' lang='lat' dir='ltr'><strong>Non</strong></span> <span class='ocrx_word' id='word_1_94' title='bbox 684 1771 785 1835; x_wconf 75' lang='lat' dir='ltr'><strong>uti]</strong></span> <span class='ocrx_word' id='word_1_95' title='bbox 815 1772 968 1824; x_wconf 81' lang='lat' dir='ltr'><strong>Quod</strong></span> <span class='ocrx_word' id='word_1_96' title='bbox 998 1771 1135 1821; x_wconf 87' lang='lat' dir='ltr'><strong>baud</strong></span> <span class='ocrx_word' id='word_1_97' title='bbox 1159 1772 1236 1822; x_wconf 85' lang='lat' dir='ltr'><strong>ita</strong></span> <span class='ocrx_word' id='word_1_98' title='bbox 1256 1774 1350 1821; x_wconf 81' lang='lat' dir='ltr'><strong>sub</strong></span> <span class='ocrx_word' id='word_1_99' title='bbox 1375 1782 1551 1838; x_wconf 76' lang='lat' dir='ltr'><strong>tyran·</strong></span> 
     </span>
     <span class='ocr_line' id='line_1_20' title="bbox 480 1848 1551 1915; baseline -0.001 -14"><span class='ocrx_word' id='word_1_100' title='bbox 480 1863 586 1911; x_wconf 73' lang='lat'><strong>{103</strong></span> <span class='ocrx_word' id='word_1_101' title='bbox 633 1849 723 1915; x_wconf 81' lang='lat' dir='ltr'><strong>qui</strong></span> <span class='ocrx_word' id='word_1_102' title='bbox 766 1848 986 1899; x_wconf 88' lang='lat' dir='ltr'><strong>‘munus</strong></span> <span class='ocrx_word' id='word_1_103' title='bbox 1027 1863 1173 1898; x_wconf 86' lang='lat' dir='ltr'><strong>suum</strong></span> <span class='ocrx_word' id='word_1_104' title='bbox 1214 1848 1457 1899; x_wconf 82' lang='lat' dir='ltr'><strong>fastidire</strong></span> <span class='ocrx_word' id='word_1_105' title='bbox 1495 1857 1551 1900; x_wconf 86' lang='lat' dir='ltr'><strong>te</strong></span> 
     </span>
     <span class='ocr_line' id='line_1_21' title="bbox 479 1923 1553 1994; baseline 0 -19"><span class='ocrx_word' id='word_1_106' title='bbox 479 1926 583 1994; x_wconf 87' lang='lat' dir='ltr'><strong>(ait</strong></span> <span class='ocrx_word' id='word_1_107' title='bbox 598 1923 826 1992; x_wconf 86' lang='lat' dir='ltr'><strong>Seneca)</strong></span> <span class='ocrx_word' id='word_1_108' title='bbox 840 1926 1074 1991; x_wconf 84' lang='lat' dir='ltr'><strong>injuriam</strong></span> <span class='ocrx_word' id='word_1_109' title='bbox 1084 1925 1419 1990; x_wconf 86' lang='lat' dir='ltr'><strong>judicaturus</strong></span> <span class='ocrx_word' id='word_1_110' title='bbox 1434 1926 1553 1977; x_wconf 89' lang='lat' dir='ltr'><strong>est.&#39;</strong></span> 
     </span>
     <span class='ocr_line' id='line_1_22' title="bbox 483 2003 624 2068; baseline -0.014 -15"><span class='ocrx_word' id='word_1_111' title='bbox 483 2003 624 2068; x_wconf 79' lang='lat' dir='ltr'><strong>Lips.</strong></span> 
     </span>
    </p>

    <p class='ocr_par' dir='ltr' id='par_1_6' title="bbox 476 2072 1554 3235">
     <span class='ocr_line' id='line_1_23' title="bbox 551 2072 1550 2145; baseline 0 -14"><span class='ocrx_word' id='word_1_112' title='bbox 551 2080 691 2131; x_wconf 69' lang='lat' dir='ltr'><strong>Cn».</strong></span> <span class='ocrx_word' id='word_1_113' title='bbox 726 2092 958 2130; x_wconf 84' lang='lat' dir='ltr'><strong>xxxvu.</strong></span> <span class='ocrx_word' id='word_1_114' title='bbox 1006 2080 1170 2130; x_wconf 70' lang='lat' dir='ltr'><strong>Onera</strong></span> <span class='ocrx_word' id='word_1_115' title='bbox 1188 2072 1401 2145; x_wconf 60' lang='lat' dir='ltr'><strong>iusuper-ii]</strong></span> <span class='ocrx_word' id='word_1_116' title='bbox 1434 2079 1480 2129; x_wconf 90' lang='lat'><strong>1.</strong></span> <span class='ocrx_word' id='word_1_117' title='bbox 1502 2096 1550 2131; x_wconf 90' lang='lat' dir='ltr'><strong>e.</strong></span> 
     </span>
     <span class='ocr_line' id='line_1_24' title="bbox 478 2155 1551 2224; baseline 0 -17"><span class='ocrx_word' id='word_1_118' title='bbox 478 2164 686 2208; x_wconf 76' lang='lat' dir='ltr'><strong>sumtus</strong></span> <span class='ocrx_word' id='word_1_119' title='bbox 721 2155 938 2221; x_wconf 79' lang='lat' dir='ltr'><strong>publici,</strong></span> <span class='ocrx_word' id='word_1_120' title='bbox 963 2157 1050 2221; x_wconf 89' lang='lat' dir='ltr'><strong>qui</strong></span> <span class='ocrx_word' id='word_1_121' title='bbox 1087 2157 1138 2206; x_wconf 85' lang='lat' dir='ltr'><strong>in</strong></span> <span class='ocrx_word' id='word_1_122' title='bbox 1175 2158 1383 2216; x_wconf 86' lang='lat' dir='ltr'><strong>milites,</strong></span> <span class='ocrx_word' id='word_1_123' title='bbox 1417 2159 1551 2224; x_wconf 80' lang='lat' dir='ltr'><strong>clas·</strong></span> 
     </span>
     <span class='ocr_line' id='line_1_25' title="bbox 483 2235 1554 2300; baseline 0 -14"><span class='ocrx_word' id='word_1_124' title='bbox 483 2250 588 2300; x_wconf 87' lang='lat' dir='ltr'><strong>ses,</strong></span> <span class='ocrx_word' id='word_1_125' title='bbox 651 2249 924 2298; x_wconf 84' lang='lat' dir='ltr'><strong>annonam,</strong></span> <span class='ocrx_word' id='word_1_126' title='bbox 992 2235 1297 2298; x_wconf 79' lang='lat' dir='ltr'><strong>legationes,</strong></span> <span class='ocrx_word' id='word_1_127' title='bbox 1359 2237 1554 2286; x_wconf 86' lang='lat' dir='ltr'><strong>salaria</strong></span> 
     </span>
     <span class='ocr_line' id='line_1_26' title="bbox 482 2310 1550 2374; baseline 0.003 -14"><span class='ocrx_word' id='word_1_128' title='bbox 482 2310 881 2373; x_wconf 71' lang='lat' dir='ltr'><strong>magistratuum</strong></span> <span class='ocrx_word' id='word_1_129' title='bbox 922 2318 978 2361; x_wconf 95' lang='lat' dir='ltr'><strong>et</strong></span> <span class='ocrx_word' id='word_1_130' title='bbox 1019 2311 1440 2374; x_wconf 69' lang='lat' dir='ltr'><strong>ministrantium,</strong></span> <span class='ocrx_word' id='word_1_131' title='bbox 1474 2312 1550 2363; x_wconf 81' lang='lat' dir='ltr'><strong>fa-</strong></span> 
     </span>
     <span class='ocr_line' id='line_1_27' title="bbox 484 2385 1553 2451; baseline 0.002 -13"><span class='ocrx_word' id='word_1_132' title='bbox 484 2387 659 2438; x_wconf 86' lang='lat' dir='ltr'><strong>ciendi</strong></span> <span class='ocrx_word' id='word_1_133' title='bbox 693 2395 865 2437; x_wconf 89' lang='lat' dir='ltr'><strong>eraut.</strong></span> <span class='ocrx_word' id='word_1_134' title='bbox 937 2387 1247 2451; x_wconf 84' lang='lat' dir='ltr'><strong>Hujusmodi</strong></span> <span class='ocrx_word' id='word_1_135' title='bbox 1276 2403 1437 2439; x_wconf 87' lang='lat' dir='ltr'><strong>onera</strong></span> <span class='ocrx_word' id='word_1_136' title='bbox 1462 2385 1553 2440; x_wconf 49' lang='lat' dir='ltr'><strong>vo*-</strong></span> 
     </span>
     <span class='ocr_line' id='line_1_28' title="bbox 484 2463 1552 2532; baseline 0.004 -17"><span class='ocrx_word' id='word_1_137' title='bbox 484 2470 675 2515; x_wconf 86' lang='lat' dir='ltr'><strong>cautur</strong></span> <span class='ocrx_word' id='word_1_138' title='bbox 699 2465 883 2515; x_wconf 84' lang='lat' dir='ltr'><strong>Tacito</strong></span> <span class='ocrx_word' id='word_1_139' title='bbox 914 2463 1103 2515; x_wconf 81' lang='lat' dir='ltr'><strong>Annal.</strong></span> <span class='ocrx_word' id='word_1_140' title='bbox 1129 2465 1219 2517; x_wconf 89' lang='lat' dir='ltr'><strong>lib.</strong></span> <span class='ocrx_word' id='word_1_141' title='bbox 1254 2481 1293 2516; x_wconf 88' lang='grc' dir='ltr'><strong>ι.</strong></span> <span class='ocrx_word' id='word_1_142' title='bbox 1327 2482 1446 2532; x_wconf 84' lang='lat' dir='ltr'><strong>cap.</strong></span> <span class='ocrx_word' id='word_1_143' title='bbox 1472 2471 1552 2519; x_wconf 88' lang='lat'><strong>11.</strong></span> 
     </span>
     <span class='ocr_line' id='line_1_29' title="bbox 481 2542 1551 2606; baseline 0.003 -13"><span class='ocrx_word' id='word_1_144' title='bbox 481 2542 914 2606; x_wconf 86' lang='lat' dir='ltr'><strong>‘necessitates,’</strong></span> <span class='ocrx_word' id='word_1_145' title='bbox 949 2544 999 2593; x_wconf 90' lang='lat' dir='ltr'><strong>b.</strong></span> <span class='ocrx_word' id='word_1_146' title='bbox 1023 2560 1071 2594; x_wconf 91' lang='lat' dir='ltr'><strong>e.</strong></span> <span class='ocrx_word' id='word_1_147' title='bbox 1107 2547 1419 2596; x_wconf 64' lang='lat' dir='ltr'><strong>necessarie</strong></span> <span class='ocrx_word' id='word_1_148' title='bbox 1458 2547 1551 2596; x_wconf 90' lang='lat' dir='ltr'><strong>im·</strong></span> 
     </span>
     <span class='ocr_line' id='line_1_30' title="bbox 476 2625 1554 2687; baseline 0.006 -18"><span class='ocrx_word' id='word_1_149' title='bbox 476 2635 697 2687; x_wconf 69' lang='lat' dir='ltr'><strong>‹pensae;</strong></span> <span class='ocrx_word' id='word_1_150' title='bbox 728 2630 783 2672; x_wconf 87' lang='lat' dir='ltr'><strong>et</strong></span> <span class='ocrx_word' id='word_1_151' title='bbox 816 2636 947 2673; x_wconf 83' lang='lat' dir='ltr'><strong>xm.</strong></span> <span class='ocrx_word' id='word_1_152' title='bbox 981 2628 1064 2673; x_wconf 78' lang='lat'><strong>6⁰.</strong></span> <span class='ocrx_word' id='word_1_153' title='bbox 1095 2625 1412 2675; x_wconf 76' lang='lat' dir='ltr'><strong>‘necessitas</strong></span> <span class='ocrx_word' id='word_1_154' title='bbox 1439 2640 1554 2675; x_wconf 89' lang='lat' dir='ltr'><strong>ero·</strong></span> 
     </span>
     <span class='ocr_line' id='line_1_31' title="bbox 486 2699 1554 2763; baseline 0.005 -15"><span class='ocrx_word' id='word_1_155' title='bbox 486 2699 786 2763; x_wconf 61' lang='lat' dir='ltr'><strong>gatianum?</strong></span> <span class='ocrx_word' id='word_1_156' title='bbox 850 2699 1048 2750; x_wconf 88' lang='lat' dir='ltr'><strong>Eodem</strong></span> <span class='ocrx_word' id='word_1_157' title='bbox 1067 2702 1203 2751; x_wconf 84' lang='lat' dir='ltr'><strong>enim</strong></span> <span class='ocrx_word' id='word_1_158' title='bbox 1227 2702 1412 2752; x_wconf 82' lang='lat' dir='ltr'><strong>Tacito</strong></span> <span class='ocrx_word' id='word_1_159' title='bbox 1434 2716 1554 2753; x_wconf 88' lang='lat' dir='ltr'><strong>auc·</strong></span> 
     </span>
     <span class='ocr_line' id='line_1_32' title="bbox 482 2778 1552 2845; baseline 0.002 -16"><span class='ocrx_word' id='word_1_160' title='bbox 482 2785 623 2842; x_wconf 79' lang='lat' dir='ltr'><strong>tore,</strong></span> <span class='ocrx_word' id='word_1_161' title='bbox 661 2778 803 2829; x_wconf 84' lang='lat' dir='ltr'><strong>Hist.</strong></span> <span class='ocrx_word' id='word_1_162' title='bbox 837 2791 915 2828; x_wconf 80' lang='lat' dir='ltr'><strong>nr.</strong></span> <span class='ocrx_word' id='word_1_163' title='bbox 949 2782 1034 2828; x_wconf 81' lang='grc'><strong>74.</strong></span> <span class='ocrx_word' id='word_1_164' title='bbox 1064 2785 1080 2809; x_wconf 84' lang='lat'><strong><em>⁴</em></strong></span> <span class='ocrx_word' id='word_1_165' title='bbox 1102 2779 1217 2829; x_wconf 86' lang='lat' dir='ltr'><strong>Nec</strong></span> <span class='ocrx_word' id='word_1_166' title='bbox 1253 2779 1401 2845; x_wconf 84' lang='lat' dir='ltr'><strong>quies</strong></span> <span class='ocrx_word' id='word_1_167' title='bbox 1425 2795 1552 2845; x_wconf 87' lang='lat' dir='ltr'><strong>gen·</strong></span> 
     </span>
     <span class='ocr_line' id='line_1_33' title="bbox 482 2857 1552 2921; baseline 0.003 -15"><span class='ocrx_word' id='word_1_168' title='bbox 482 2857 617 2906; x_wconf 77' lang='lat' dir='ltr'><strong>tium</strong></span> <span class='ocrx_word' id='word_1_169' title='bbox 654 2857 768 2907; x_wconf 88' lang='lat' dir='ltr'><strong>sine</strong></span> <span class='ocrx_word' id='word_1_170' title='bbox 799 2857 975 2921; x_wconf 88' lang='lat' dir='ltr'><strong>armis,</strong></span> <span class='ocrx_word' id='word_1_171' title='bbox 1007 2871 1105 2906; x_wconf 86' lang='lat' dir='ltr'><strong>nee</strong></span> <span class='ocrx_word' id='word_1_172' title='bbox 1137 2871 1282 2906; x_wconf 85' lang='lat' dir='ltr'><strong>arma</strong></span> <span class='ocrx_word' id='word_1_173' title='bbox 1311 2858 1425 2907; x_wconf 90' lang='lat' dir='ltr'><strong>sine</strong></span> <span class='ocrx_word' id='word_1_174' title='bbox 1459 2859 1552 2909; x_wconf 87' lang='lat' dir='ltr'><strong>sti·</strong></span> 
     </span>
     <span class='ocr_line' id='line_1_34' title="bbox 483 2936 1553 3005; baseline 0.002 -19"><span class='ocrx_word' id='word_1_175' title='bbox 483 2937 713 3000; x_wconf 89' lang='lat' dir='ltr'><strong>pendiis‚</strong></span> <span class='ocrx_word' id='word_1_176' title='bbox 746 2950 844 2987; x_wconf 87' lang='lat' dir='ltr'><strong>nec</strong></span> <span class='ocrx_word' id='word_1_177' title='bbox 877 2936 1141 3001; x_wconf 86' lang='lat' dir='ltr'><strong>stipendia</strong></span> <span class='ocrx_word' id='word_1_178' title='bbox 1175 2938 1286 2987; x_wconf 86' lang='lat' dir='ltr'><strong>sine</strong></span> <span class='ocrx_word' id='word_1_179' title='bbox 1321 2939 1553 3005; x_wconf 85' lang='lat' dir='ltr'><strong>tributis,</strong></span> 
     </span>
     <span class='ocr_line' id='line_1_35' title="bbox 484 3012 1552 3078; baseline 0.003 -16"><span class='ocrx_word' id='word_1_180' title='bbox 484 3012 669 3063; x_wconf 79' lang='lat' dir='ltr'><strong>baberi</strong></span> <span class='ocrx_word' id='word_1_181' title='bbox 694 3012 950 3078; x_wconf 89' lang='lat' dir='ltr'><strong>possunt.’</strong></span> <span class='ocrx_word' id='word_1_182' title='bbox 995 3012 1273 3064; x_wconf 79' lang='lat' dir='ltr'><strong>structura</strong></span> <span class='ocrx_word' id='word_1_183' title='bbox 1295 3029 1552 3077; x_wconf 86' lang='lat' dir='ltr'><strong>gramma·</strong></span> 
     </span>
     <span class='ocr_line' id='line_1_36' title="bbox 485 3089 1553 3142; baseline 0.002 -2"><span class='ocrx_word' id='word_1_184' title='bbox 485 3090 593 3140; x_wconf 81' lang='lat' dir='ltr'><strong>tica</strong></span> <span class='ocrx_word' id='word_1_185' title='bbox 614 3090 794 3140; x_wconf 66' lang='lat' dir='ltr'><strong>luorum</strong></span> <span class='ocrx_word' id='word_1_186' title='bbox 819 3089 1094 3139; x_wconf 79' lang='lat' dir='ltr'><strong>verborum</strong></span> <span class='ocrx_word' id='word_1_187' title='bbox 1131 3090 1242 3139; x_wconf 75' lang='lat' dir='ltr'><strong>baee</strong></span> <span class='ocrx_word' id='word_1_188' title='bbox 1261 3098 1370 3141; x_wconf 82' lang='lat' dir='ltr'><strong>est:</strong></span> <span class='ocrx_word' id='word_1_189' title='bbox 1407 3092 1553 3142; x_wconf 90' lang='lat' dir='ltr'><strong>One·</strong></span> 
     </span>
     <span class='ocr_line' id='line_1_37' title="bbox 487 3167 1553 3235; baseline 0.002 -17"><span class='ocrx_word' id='word_1_190' title='bbox 487 3183 548 3219; x_wconf 88' lang='lat' dir='ltr'><strong>ra</strong></span> <span class='ocrx_word' id='word_1_191' title='bbox 570 3169 776 3234; x_wconf 87' lang='lat' dir='ltr'><strong>imperii</strong></span> <span class='ocrx_word' id='word_1_192' title='bbox 808 3167 1111 3232; x_wconf 65' lang='lat' dir='ltr'><strong>coegerunt,</strong></span> <span class='ocrx_word' id='word_1_193' title='bbox 1139 3170 1417 3234; x_wconf 77' lang='lat' dir='ltr'><strong>vectigalia</strong></span> <span class='ocrx_word' id='word_1_194' title='bbox 1441 3173 1553 3235; x_wconf 91' lang='lat' dir='ltr'><strong>ple-</strong></span> 
     </span>
    </p>
   </div>
   <div class='ocr_carea' id='block_1_5' title="bbox 486 3244 1557 3310">
    <p class='ocr_par' dir='ltr' id='par_1_7' title="bbox 486 3244 1557 3310">
     <span class='ocr_line' id='line_1_38' title="bbox 486 3244 1557 3310; baseline 0.001 -14"><span class='ocrx_word' id='word_1_195' title='bbox 486 3259 651 3310; x_wconf 82' lang='lat' dir='ltr'><strong>raque</strong></span> <span class='ocrx_word' id='word_1_196' title='bbox 686 3244 908 3308; x_wconf 88' lang='lat' dir='ltr'><strong>institui,</strong></span> <span class='ocrx_word' id='word_1_197' title='bbox 941 3250 1002 3295; x_wconf 88' lang='lat' dir='ltr'><strong>ut</strong></span> <span class='ocrx_word' id='word_1_198' title='bbox 1023 3257 1120 3307; x_wconf 89' lang='lat' dir='ltr'><strong>pro</strong></span> <span class='ocrx_word' id='word_1_199' title='bbox 1149 3244 1378 3296; x_wconf 88' lang='lat' dir='ltr'><strong>utilitate</strong></span> <span class='ocrx_word' id='word_1_200' title='bbox 1413 3261 1557 3297; x_wconf 87' lang='lat' dir='ltr'><strong>com·</strong></span> 
     </span>
    </p>
   </div>
   <div class='ocr_carea' id='block_1_6' title="bbox 474 3321 1555 4403">
    <p class='ocr_par' dir='ltr' id='par_1_8' title="bbox 474 3321 1555 4403">
     <span class='ocr_line' id='line_1_39' title="bbox 487 3321 1553 3387; baseline 0.001 -16"><span class='ocrx_word' id='word_1_201' title='bbox 487 3322 653 3386; x_wconf 88' lang='lat' dir='ltr'><strong>muni,</strong></span> <span class='ocrx_word' id='word_1_202' title='bbox 689 3322 764 3372; x_wconf 70' lang='lat' dir='ltr'><strong>ita</strong></span> <span class='ocrx_word' id='word_1_203' title='bbox 804 3335 923 3371; x_wconf 88' lang='lat' dir='ltr'><strong>cum</strong></span> <span class='ocrx_word' id='word_1_204' title='bbox 967 3321 1284 3385; x_wconf 86' lang='lat' dir='ltr'><strong>singulorum</strong></span> <span class='ocrx_word' id='word_1_205' title='bbox 1330 3323 1553 3387; x_wconf 85' lang='lat' dir='ltr'><strong>injuriis.</strong></span> 
     </span>
     <span class='ocr_line' id='line_1_40' title="bbox 485 3397 1554 3452; baseline 0 -1"><span class='ocrx_word' id='word_1_206' title='bbox 485 3397 933 3451; x_wconf 79' lang='lat' dir='ltr'><strong>Quemadmodum</strong></span> <span class='ocrx_word' id='word_1_207' title='bbox 955 3412 1082 3447; x_wconf 85' lang='lat' dir='ltr'><strong>vero</strong></span> <span class='ocrx_word' id='word_1_208' title='bbox 1106 3397 1310 3450; x_wconf 75' lang='lat' dir='ltr'><strong>Plinius</strong></span> <span class='ocrx_word' id='word_1_209' title='bbox 1331 3401 1554 3452; x_wconf 86' lang='lat' dir='ltr'><strong>maxime</strong></span> 
     </span>
     <span class='ocr_line' id='line_1_41' title="bbox 480 3478 1552 3546; baseline 0.003 -18"><span class='ocrx_word' id='word_1_210' title='bbox 480 3486 772 3543; x_wconf 82' lang='lat' dir='ltr'><strong>occupatus</strong></span> <span class='ocrx_word' id='word_1_211' title='bbox 793 3480 943 3528; x_wconf 86' lang='lat' dir='ltr'><strong>estin</strong></span> <span class='ocrx_word' id='word_1_212' title='bbox 961 3478 1290 3541; x_wconf 72' lang='lat' dir='ltr'><strong>praedicanda</strong></span> <span class='ocrx_word' id='word_1_213' title='bbox 1315 3480 1552 3546; x_wconf 82' lang='lat' dir='ltr'><strong>benigni·</strong></span> 
     </span>
     <span class='ocr_line' id='line_1_42' title="bbox 483 3557 1553 3623; baseline 0 -15"><span class='ocrx_word' id='word_1_214' title='bbox 483 3564 599 3608; x_wconf 89' lang='lat' dir='ltr'><strong>tate</strong></span> <span class='ocrx_word' id='word_1_215' title='bbox 622 3564 677 3609; x_wconf 91' lang='lat' dir='ltr'><strong>et</strong></span> <span class='ocrx_word' id='word_1_216' title='bbox 712 3557 1033 3609; x_wconf 85' lang='lat' dir='ltr'><strong>liberalitate</strong></span> <span class='ocrx_word' id='word_1_217' title='bbox 1068 3558 1299 3623; x_wconf 86' lang='lat' dir='ltr'><strong>Trajani‚</strong></span> <span class='ocrx_word' id='word_1_218' title='bbox 1332 3573 1553 3623; x_wconf 88' lang='lat' dir='ltr'><strong>eamque</strong></span> 
     </span>
     <span class='ocr_line' id='line_1_43' title="bbox 474 3635 1552 3702; baseline 0.001 -17"><span class='ocrx_word' id='word_1_219' title='bbox 474 3635 588 3701; x_wconf 84' lang='lat' dir='ltr'><strong>jam</strong></span> <span class='ocrx_word' id='word_1_220' title='bbox 625 3650 783 3702; x_wconf 87' lang='lat' dir='ltr'><strong>supra</strong></span> <span class='ocrx_word' id='word_1_221' title='bbox 804 3652 868 3687; x_wconf 78' lang='lat' dir='ltr'><strong>ex</strong></span> <span class='ocrx_word' id='word_1_222' title='bbox 892 3636 1140 3687; x_wconf 86' lang='lat' dir='ltr'><strong>donativo</strong></span> <span class='ocrx_word' id='word_1_223' title='bbox 1171 3644 1227 3687; x_wconf 88' lang='lat' dir='ltr'><strong>et</strong></span> <span class='ocrx_word' id='word_1_224' title='bbox 1265 3637 1552 3701; x_wconf 84' lang='lat' dir='ltr'><strong>congiario,</strong></span> 
     </span>
     <span class='ocr_line' id='line_1_44' title="bbox 486 3714 1555 3779; baseline 0.003 -17"><span class='ocrx_word' id='word_1_225' title='bbox 486 3714 723 3777; x_wconf 79' lang='lat' dir='ltr'><strong>proxime</strong></span> <span class='ocrx_word' id='word_1_226' title='bbox 746 3727 872 3765; x_wconf 74' lang='lat' dir='ltr'><strong>vero</strong></span> <span class='ocrx_word' id='word_1_227' title='bbox 893 3730 959 3765; x_wconf 86' lang='lat' dir='ltr'><strong>ex</strong></span> <span class='ocrx_word' id='word_1_228' title='bbox 983 3715 1304 3766; x_wconf 84' lang='lat' dir='ltr'><strong>delatoribus</strong></span> <span class='ocrx_word' id='word_1_229' title='bbox 1330 3715 1555 3779; x_wconf 85' lang='lat' dir='ltr'><strong>abactis,</strong></span> 
     </span>
     <span class='ocr_line' id='line_1_45' title="bbox 485 3790 1552 3854; baseline 0.005 -13"><span class='ocrx_word' id='word_1_230' title='bbox 485 3790 861 3842; x_wconf 83' lang='lat' dir='ltr'><strong>demonstravit</strong></span> <span class='ocrx_word' id='word_1_231' title='bbox 880 3808 898 3854; x_wconf 74' lang='grc' dir='ltr'><strong>ς</strong></span> <span class='ocrx_word' id='word_1_232' title='bbox 920 3793 993 3842; x_wconf 85' lang='lat' dir='ltr'><strong>ita</strong></span> <span class='ocrx_word' id='word_1_233' title='bbox 1017 3807 1155 3844; x_wconf 86' lang='lat' dir='ltr'><strong>nuuc</strong></span> <span class='ocrx_word' id='word_1_234' title='bbox 1174 3792 1391 3842; x_wconf 86' lang='lat' dir='ltr'><strong>eandem</strong></span> <span class='ocrx_word' id='word_1_235' title='bbox 1412 3810 1552 3846; x_wconf 86' lang='lat' dir='ltr'><strong>eom·</strong></span> 
     </span>
     <span class='ocr_line' id='line_1_46' title="bbox 485 3869 1553 3934; baseline 0.006 -17"><span class='ocrx_word' id='word_1_236' title='bbox 485 3869 809 3931; x_wconf 80' lang='lat' dir='ltr'><strong>probandam</strong></span> <span class='ocrx_word' id='word_1_237' title='bbox 846 3871 1006 3920; x_wconf 89' lang='lat' dir='ltr'><strong>sumit</strong></span> <span class='ocrx_word' id='word_1_238' title='bbox 1040 3884 1108 3920; x_wconf 87' lang='lat' dir='ltr'><strong>ex</strong></span> <span class='ocrx_word' id='word_1_239' title='bbox 1142 3871 1485 3934; x_wconf 83' lang='lat' dir='ltr'><strong>vectigalibus</strong></span> <span class='ocrx_word' id='word_1_240' title='bbox 1523 3888 1553 3923; x_wconf 97' lang='lat' dir='ltr'><strong>a</strong></span> 
     </span>
     <span class='ocr_line' id='line_1_47' title="bbox 478 3945 1552 4015; baseline 0.008 -21"><span class='ocrx_word' id='word_1_241' title='bbox 478 3945 715 4011; x_wconf 82' lang='lat' dir='ltr'><strong>Trajano</strong></span> <span class='ocrx_word' id='word_1_242' title='bbox 738 3949 1065 4013; x_wconf 63' lang='lat' dir='ltr'><strong>temperatis»,</strong></span> <span class='ocrx_word' id='word_1_243' title='bbox 1098 3958 1153 4000; x_wconf 86' lang='lat' dir='ltr'><strong>et</strong></span> <span class='ocrx_word' id='word_1_244' title='bbox 1187 3950 1448 4015; x_wconf 83' lang='lat' dir='ltr'><strong>sigillatim</strong></span> <span class='ocrx_word' id='word_1_245' title='bbox 1484 3968 1552 4003; x_wconf 83' lang='lat' dir='ltr'><strong>ex</strong></span> 
     </span>
     <span class='ocr_line' id='line_1_48' title="bbox 485 4023 1551 4093; baseline 0.008 -22"><span class='ocrx_word' id='word_1_246' title='bbox 485 4023 734 4073; x_wconf 81' lang='lat' dir='ltr'><strong>vicesima</strong></span> <span class='ocrx_word' id='word_1_247' title='bbox 768 4026 1032 4076; x_wconf 86' lang='lat' dir='ltr'><strong>restricta.</strong></span> <span class='ocrx_word' id='word_1_248' title='bbox 1100 4027 1308 4093; x_wconf 83' lang='lat' dir='ltr'><strong>Ubique</strong></span> <span class='ocrx_word' id='word_1_249' title='bbox 1342 4044 1468 4080; x_wconf 79' lang='lat' dir='ltr'><strong>vero</strong></span> <span class='ocrx_word' id='word_1_250' title='bbox 1496 4030 1551 4079; x_wconf 91' lang='lat' dir='ltr'><strong>id</strong></span> 
     </span>
     <span class='ocr_line' id='line_1_49' title="bbox 484 4099 1552 4163; baseline 0.008 -15"><span class='ocrx_word' id='word_1_251' title='bbox 484 4099 599 4163; x_wconf 86' lang='lat' dir='ltr'><strong>agit</strong></span> <span class='ocrx_word' id='word_1_252' title='bbox 622 4105 815 4162; x_wconf 85' lang='lat' dir='ltr'><strong>orator,</strong></span> <span class='ocrx_word' id='word_1_253' title='bbox 835 4109 892 4151; x_wconf 91' lang='lat' dir='ltr'><strong>ut</strong></span> <span class='ocrx_word' id='word_1_254' title='bbox 919 4102 1183 4162; x_wconf 88' lang='lat' dir='ltr'><strong>ostendat,</strong></span> <span class='ocrx_word' id='word_1_255' title='bbox 1215 4106 1266 4155; x_wconf 90' lang='lat' dir='ltr'><strong>in</strong></span> <span class='ocrx_word' id='word_1_256' title='bbox 1287 4107 1364 4157; x_wconf 89' lang='lat' dir='ltr'><strong>bis</strong></span> <span class='ocrx_word' id='word_1_257' title='bbox 1386 4108 1552 4157; x_wconf 90' lang='lat' dir='ltr'><strong>omni-</strong></span> 
     </span>
     <span class='ocr_line' id='line_1_50' title="bbox 487 4173 1553 4247; baseline 0.01 -22"><span class='ocrx_word' id='word_1_258' title='bbox 487 4173 584 4225; x_wconf 86' lang='lat' dir='ltr'><strong>bus</strong></span> <span class='ocrx_word' id='word_1_259' title='bbox 611 4176 889 4240; x_wconf 78' lang='lat' dir='ltr'><strong>Trajanum</strong></span> <span class='ocrx_word' id='word_1_260' title='bbox 923 4191 1026 4229; x_wconf 89' lang='lat' dir='ltr'><strong>non</strong></span> <span class='ocrx_word' id='word_1_261' title='bbox 1058 4182 1224 4233; x_wconf 88' lang='lat' dir='ltr'><strong>solum</strong></span> <span class='ocrx_word' id='word_1_262' title='bbox 1257 4185 1553 4247; x_wconf 83' lang='lat' dir='ltr'><strong>superiores</strong></span> 
     </span>
     <span class='ocr_line' id='line_1_51' title="bbox 482 4253 1551 4327; baseline 0.01 -25"><span class='ocrx_word' id='word_1_263' title='bbox 482 4253 852 4318; x_wconf 78' lang='lat' dir='ltr'><strong>imperatores,</strong></span> <span class='ocrx_word' id='word_1_264' title='bbox 888 4254 980 4304; x_wconf 81' lang='lat' dir='ltr'><strong>sed</strong></span> <span class='ocrx_word' id='word_1_265' title='bbox 1015 4263 1073 4307; x_wconf 89' lang='lat' dir='ltr'><strong>et</strong></span> <span class='ocrx_word' id='word_1_266' title='bbox 1104 4257 1273 4322; x_wconf 90' lang='lat' dir='ltr'><strong>ipsum</strong></span> <span class='ocrx_word' id='word_1_267' title='bbox 1295 4260 1551 4327; x_wconf 79' lang='lat' dir='ltr'><strong>Nervam,</strong></span> 
     </span>
     <span class='ocr_line' id='line_1_52' title="bbox 483 4330 1551 4403; baseline 0.01 -21"><span class='ocrx_word' id='word_1_268' title='bbox 483 4337 758 4395; x_wconf 77' lang='lat' dir='ltr'><strong>parentem</strong></span> <span class='ocrx_word' id='word_1_269' title='bbox 848 4330 1174 4399; x_wconf 79' lang='lat' dir='ltr'><strong>adoptivum,</strong></span> <span class='ocrx_word' id='word_1_270' title='bbox 1260 4351 1551 4403; x_wconf 82' lang='lat' dir='ltr'><strong>superasse.</strong></span> 
     </span>
    </p>
   </div>
   <div class='ocr_carea' id='block_1_7' title="bbox 1623 610 2754 4400">
    <p class='ocr_par' dir='ltr' id='par_1_9' title="bbox 1623 610 2702 2211">
     <span class='ocr_line' id='line_1_53' title="bbox 1696 610 2697 678; baseline -0.005 -13"><span class='ocrx_word' id='word_1_271' title='bbox 1696 614 1967 678; x_wconf 71' lang='lat' dir='ltr'><strong>Vectigalia</strong></span> <span class='ocrx_word' id='word_1_272' title='bbox 1998 613 2216 677; x_wconf 62' lang='lat' dir='ltr'><strong>instant]</strong></span> <span class='ocrx_word' id='word_1_273' title='bbox 2264 610 2533 675; x_wconf 69' lang='lat' dir='ltr'><strong>Vectigalia</strong></span> <span class='ocrx_word' id='word_1_274' title='bbox 2571 623 2697 674; x_wconf 84' lang='lat' dir='ltr'><strong>pro·</strong></span> 
     </span>
     <span class='ocr_line' id='line_1_54' title="bbox 1624 685 2697 757; baseline -0.003 -18"><span class='ocrx_word' id='word_1_275' title='bbox 1624 692 1736 754; x_wconf 89' lang='lat' dir='ltr'><strong>prie</strong></span> <span class='ocrx_word' id='word_1_276' title='bbox 1781 691 1994 757; x_wconf 84' lang='lat' dir='ltr'><strong>quidem</strong></span> <span class='ocrx_word' id='word_1_277' title='bbox 2039 691 2354 740; x_wconf 83' lang='lat' dir='ltr'><strong>dicebantur</strong></span> <span class='ocrx_word' id='word_1_278' title='bbox 2388 685 2697 754; x_wconf 68' lang='lat' dir='ltr'><strong>‘portoria‚?</strong></span> 
     </span>
     <span class='ocr_line' id='line_1_55' title="bbox 1624 763 2696 833; baseline -0.003 -16"><span class='ocrx_word' id='word_1_279' title='bbox 1624 783 1741 833; x_wconf 76' lang='lat' dir='ltr'><strong>quae</strong></span> <span class='ocrx_word' id='word_1_280' title='bbox 1784 783 1850 818; x_wconf 86' lang='lat' dir='ltr'><strong>ex</strong></span> <span class='ocrx_word' id='word_1_281' title='bbox 1891 778 2108 819; x_wconf 83' lang='lat' dir='ltr'><strong>vectura</strong></span> <span class='ocrx_word' id='word_1_282' title='bbox 2156 766 2361 822; x_wconf 71' lang='lat' dir='ltr'><strong>aerario,</strong></span> <span class='ocrx_word' id='word_1_283' title='bbox 2405 768 2488 815; x_wconf 82' lang='lat' dir='ltr'><strong>vel</strong></span> <span class='ocrx_word' id='word_1_284' title='bbox 2542 763 2696 822; x_wconf 72' lang='lat' dir='ltr'><strong>fiseo,</strong></span> 
     </span>
     <span class='ocr_line' id='line_1_56' title="bbox 1624 841 2697 912; baseline -0.007 -14"><span class='ocrx_word' id='word_1_285' title='bbox 1624 848 2020 912; x_wconf 73' lang='lat' dir='ltr'><strong>pendebanturz</strong></span> <span class='ocrx_word' id='word_1_286' title='bbox 2046 845 2182 897; x_wconf 90' lang='lat' dir='ltr'><strong>uude</strong></span> <span class='ocrx_word' id='word_1_287' title='bbox 2205 848 2222 874; x_wconf 86' lang='lat'>‘</span> <span class='ocrx_word' id='word_1_288' title='bbox 2237 841 2496 908; x_wconf 77' lang='lat' dir='ltr'><strong>vectigal&#39;</strong></span> <span class='ocrx_word' id='word_1_289' title='bbox 2519 858 2550 892; x_wconf 87' lang='lat' dir='ltr'><strong>a</strong></span> <span class='ocrx_word' id='word_1_290' title='bbox 2568 841 2585 868; x_wconf 91' lang='lat'>‘</span> <span class='ocrx_word' id='word_1_291' title='bbox 2608 856 2697 890; x_wconf 85' lang='lat' dir='ltr'><strong>ve-</strong></span> 
     </span>
     <span class='ocr_line' id='line_1_57' title="bbox 1623 917 2698 986; baseline -0.008 -10"><span class='ocrx_word' id='word_1_292' title='bbox 1623 926 1796 976; x_wconf 81' lang='lat' dir='ltr'><strong>hendo</strong></span> <span class='ocrx_word' id='word_1_293' title='bbox 1813 924 1828 947; x_wconf 84' lang='lat'>’</span> <span class='ocrx_word' id='word_1_294' title='bbox 1851 926 2048 976; x_wconf 88' lang='lat' dir='ltr'><strong>dictum</strong></span> <span class='ocrx_word' id='word_1_295' title='bbox 2075 923 2316 986; x_wconf 84' lang='lat' dir='ltr'><strong>traditur,</strong></span> <span class='ocrx_word' id='word_1_296' title='bbox 2341 936 2458 973; x_wconf 87' lang='lat' dir='ltr'><strong>cum</strong></span> <span class='ocrx_word' id='word_1_297' title='bbox 2480 933 2547 969; x_wconf 81' lang='lat' dir='ltr'><strong>ex</strong></span> <span class='ocrx_word' id='word_1_298' title='bbox 2570 917 2698 968; x_wconf 85' lang='lat' dir='ltr'><strong>fun·</strong></span> 
     </span>
     <span class='ocr_line' id='line_1_58' title="bbox 1625 997 2698 1069; baseline -0.007 -15"><span class='ocrx_word' id='word_1_299' title='bbox 1625 1004 1707 1054; x_wconf 90' lang='lat' dir='ltr'><strong>dis</strong></span> <span class='ocrx_word' id='word_1_300' title='bbox 1726 1002 1903 1069; x_wconf 83' lang='lat' dir='ltr'><strong>fruges</strong></span> <span class='ocrx_word' id='word_1_301' title='bbox 1929 1004 1979 1054; x_wconf 88' lang='lat' dir='ltr'><strong>iu</strong></span> <span class='ocrx_word' id='word_1_302' title='bbox 2001 1003 2182 1053; x_wconf 89' lang='lat' dir='ltr'><strong>urbem</strong></span> <span class='ocrx_word' id='word_1_303' title='bbox 2202 1001 2539 1051; x_wconf 77' lang='lat' dir='ltr'><strong>veherentur.</strong></span> <span class='ocrx_word' id='word_1_304' title='bbox 2579 997 2698 1047; x_wconf 90' lang='lat' dir='ltr'><strong>De·</strong></span> 
     </span>
     <span class='ocr_line' id='line_1_59' title="bbox 1625 1080 2697 1145; baseline -0.008 -12.992"><span class='ocrx_word' id='word_1_305' title='bbox 1625 1081 1747 1132; x_wconf 89' lang='lat' dir='ltr'><strong>inde</strong></span> <span class='ocrx_word' id='word_1_306' title='bbox 1801 1096 1925 1131; x_wconf 81' lang='lat' dir='ltr'><strong>vero</strong></span> <span class='ocrx_word' id='word_1_307' title='bbox 1979 1080 2272 1145; x_wconf 78' lang='lat' dir='ltr'><strong>generatim</strong></span> <span class='ocrx_word' id='word_1_308' title='bbox 2321 1090 2474 1127; x_wconf 86' lang='lat' dir='ltr'><strong>omne</strong></span> <span class='ocrx_word' id='word_1_309' title='bbox 2528 1087 2697 1138; x_wconf 81' lang='lat' dir='ltr'><strong>genua</strong></span> 
     </span>
     <span class='ocr_line' id='line_1_60' title="bbox 1626 1151 2699 1224; baseline -0.008 -16"><span class='ocrx_word' id='word_1_310' title='bbox 1626 1159 1948 1224; x_wconf 86' lang='lat' dir='ltr'><strong>publicorum</strong></span> <span class='ocrx_word' id='word_1_311' title='bbox 2002 1157 2266 1209; x_wconf 86' lang='lat' dir='ltr'><strong>redituum</strong></span> <span class='ocrx_word' id='word_1_312' title='bbox 2323 1156 2400 1205; x_wconf 86' lang='lat' dir='ltr'><strong>sic</strong></span> <span class='ocrx_word' id='word_1_313' title='bbox 2458 1151 2699 1217; x_wconf 81' lang='lat' dir='ltr'><strong>appella·</strong></span> 
     </span>
     <span class='ocr_line' id='line_1_61' title="bbox 1627 1230 2698 1299; baseline -0.007 -15"><span class='ocrx_word' id='word_1_314' title='bbox 1627 1243 1772 1297; x_wconf 89' lang='lat' dir='ltr'><strong>tum;</strong></span> <span class='ocrx_word' id='word_1_315' title='bbox 1809 1250 1926 1299; x_wconf 74' lang='lat' dir='ltr'><strong>quae</strong></span> <span class='ocrx_word' id='word_1_316' title='bbox 1956 1235 2105 1286; x_wconf 88' lang='lat' dir='ltr'><strong>nobis</strong></span> <span class='ocrx_word' id='word_1_317' title='bbox 2128 1231 2403 1285; x_wconf 86' lang='lat' dir='ltr'><strong>Germanis</strong></span> <span class='ocrx_word' id='word_1_318' title='bbox 2431 1230 2698 1291; x_wconf 82' lang='lat' dir='ltr'><strong>dicuutur,</strong></span> 
     </span>
     <span class='ocr_line' id='line_1_62' title="bbox 1624 1304 2698 1378; baseline -0.009 -16"><span class='ocrx_word' id='word_1_319' title='bbox 1624 1315 1846 1374; x_wconf 73' lang='lat' dir='ltr'><strong>anlagen,</strong></span> <span class='ocrx_word' id='word_1_320' title='bbox 1880 1311 1962 1361; x_wconf 79' lang='lat' dir='ltr'><strong>vel</strong></span> <span class='ocrx_word' id='word_1_321' title='bbox 1991 1311 2246 1378; x_wconf 63' lang='lat' dir='ltr'><strong>osgfflugea.</strong></span> <span class='ocrx_word' id='word_1_322' title='bbox 2309 1308 2553 1373; x_wconf 85' lang='lat' dir='ltr'><strong>Cujaeius</strong></span> <span class='ocrx_word' id='word_1_323' title='bbox 2580 1304 2698 1370; x_wconf 57' lang='lat' dir='ltr'><strong>opi,</strong></span> 
     </span>
     <span class='ocr_line' id='line_1_63' title="bbox 1626 1380 2699 1450; baseline -0.006 -13"><span class='ocrx_word' id='word_1_324' title='bbox 1626 1396 1781 1438; x_wconf 86' lang='lat' dir='ltr'><strong>uatus</strong></span> <span class='ocrx_word' id='word_1_325' title='bbox 1807 1394 1909 1450; x_wconf 87' lang='lat' dir='ltr'><strong>est,</strong></span> <span class='ocrx_word' id='word_1_326' title='bbox 1934 1401 2120 1437; x_wconf 88' lang='lat' dir='ltr'><strong>nomeu</strong></span> <span class='ocrx_word' id='word_1_327' title='bbox 2152 1389 2169 1415; x_wconf 88' lang='lat'>‘</span> <span class='ocrx_word' id='word_1_328' title='bbox 2190 1383 2518 1448; x_wconf 79' lang='lat' dir='ltr'><strong>vectigalium</strong></span> <span class='ocrx_word' id='word_1_329' title='bbox 2540 1380 2555 1402; x_wconf 89' lang='lat'>’</span> <span class='ocrx_word' id='word_1_330' title='bbox 2580 1388 2699 1432; x_wconf 88' lang='lat' dir='ltr'><strong>tan-</strong></span> 
     </span>
     <span class='ocr_line' id='line_1_64' title="bbox 1628 1461 2700 1527; baseline -0.007 -13"><span class='ocrx_word' id='word_1_331' title='bbox 1628 1463 1892 1515; x_wconf 86' lang='lat' dir='ltr'><strong>tummodo</strong></span> <span class='ocrx_word' id='word_1_332' title='bbox 1916 1463 1965 1513; x_wconf 87' lang='lat' dir='ltr'><strong>in</strong></span> <span class='ocrx_word' id='word_1_333' title='bbox 1986 1461 2452 1527; x_wconf 76' lang='lat' dir='ltr'><strong>quadragesimam,</strong></span> <span class='ocrx_word' id='word_1_334' title='bbox 2468 1466 2560 1509; x_wconf 87' lang='lat' dir='ltr'><strong>aut</strong></span> <span class='ocrx_word' id='word_1_335' title='bbox 2575 1472 2700 1508; x_wconf 83' lang='lat' dir='ltr'><strong>cen·</strong></span> 
     </span>
     <span class='ocr_line' id='line_1_65' title="bbox 1625 1540 2702 1606; baseline -0.007 -13"><span class='ocrx_word' id='word_1_336' title='bbox 1625 1543 1880 1603; x_wconf 85' lang='lat' dir='ltr'><strong>tesimsm,</strong></span> <span class='ocrx_word' id='word_1_337' title='bbox 1897 1541 1980 1592; x_wconf 84' lang='lat' dir='ltr'><strong>vel</strong></span> <span class='ocrx_word' id='word_1_338' title='bbox 1993 1540 2489 1606; x_wconf 83' lang='lat' dir='ltr'><strong>quinquagesimam,</strong></span> <span class='ocrx_word' id='word_1_339' title='bbox 2505 1550 2702 1587; x_wconf 76' lang='lat' dir='ltr'><strong>conve-</strong></span> 
     </span>
     <span class='ocr_line' id='line_1_66' title="bbox 1626 1614 2701 1683; baseline -0.007 -15"><span class='ocrx_word' id='word_1_340' title='bbox 1626 1619 1766 1680; x_wconf 87' lang='lat' dir='ltr'><strong>nire;</strong></span> <span class='ocrx_word' id='word_1_341' title='bbox 1792 1618 1883 1669; x_wconf 85' lang='lat' dir='ltr'><strong>sed</strong></span> <span class='ocrx_word' id='word_1_342' title='bbox 1903 1618 2185 1683; x_wconf 81' lang='lat' dir='ltr'><strong>spanhem.</strong></span> <span class='ocrx_word' id='word_1_343' title='bbox 2210 1617 2276 1666; x_wconf 89' lang='lat' dir='ltr'><strong>de</strong></span> <span class='ocrx_word' id='word_1_344' title='bbox 2295 1617 2408 1666; x_wconf 85' lang='lat' dir='ltr'><strong>Usu</strong></span> <span class='ocrx_word' id='word_1_345' title='bbox 2430 1621 2486 1665; x_wconf 87' lang='lat' dir='ltr'><strong>et</strong></span> <span class='ocrx_word' id='word_1_346' title='bbox 2504 1614 2701 1663; x_wconf 81' lang='lat' dir='ltr'><strong>Praest.</strong></span> 
     </span>
     <span class='ocr_line' id='line_1_67' title="bbox 1628 1690 2698 1757; baseline -0.007 -11"><span class='ocrx_word' id='word_1_347' title='bbox 1628 1695 1887 1746; x_wconf 85' lang='lat' dir='ltr'><strong>Numism.</strong></span> <span class='ocrx_word' id='word_1_348' title='bbox 1924 1702 2052 1745; x_wconf 87' lang='lat' dir='ltr'><strong>torn.</strong></span> <span class='ocrx_word' id='word_1_349' title='bbox 2081 1707 2146 1744; x_wconf 89' lang='grc' dir='ltr'><strong>ιι.</strong></span> <span class='ocrx_word' id='word_1_350' title='bbox 2185 1708 2305 1757; x_wconf 84' lang='lat' dir='ltr'><strong>pag.</strong></span> <span class='ocrx_word' id='word_1_351' title='bbox 2328 1696 2444 1742; x_wconf 78' lang='lat'><strong>651.</strong></span> <span class='ocrx_word' id='word_1_352' title='bbox 2482 1690 2698 1741; x_wconf 89' lang='lat' dir='ltr'><strong>demon-</strong></span> 
     </span>
     <span class='ocr_line' id='line_1_68' title="bbox 1624 1768 2701 1836; baseline -0.004 -15"><span class='ocrx_word' id='word_1_353' title='bbox 1624 1773 1837 1836; x_wconf 83' lang='lat' dir='ltr'><strong>stravit,</strong></span> <span class='ocrx_word' id='word_1_354' title='bbox 1857 1771 1911 1821; x_wconf 89' lang='lat' dir='ltr'><strong>id</strong></span> <span class='ocrx_word' id='word_1_355' title='bbox 1935 1772 2094 1821; x_wconf 79' lang='lat' dir='ltr'><strong>etiam</strong></span> <span class='ocrx_word' id='word_1_356' title='bbox 2120 1770 2185 1821; x_wconf 89' lang='lat' dir='ltr'><strong>ad</strong></span> <span class='ocrx_word' id='word_1_357' title='bbox 2211 1769 2506 1820; x_wconf 77' lang='lat' dir='ltr'><strong>vicesimam</strong></span> <span class='ocrx_word' id='word_1_358' title='bbox 2532 1768 2701 1832; x_wconf 87' lang='lat' dir='ltr'><strong>perti-</strong></span> 
     </span>
     <span class='ocr_line' id='line_1_69' title="bbox 1627 1842 2701 1912; baseline -0.005 -11"><span class='ocrx_word' id='word_1_359' title='bbox 1627 1865 1771 1901; x_wconf 85' lang='lat' dir='ltr'><strong>nere.</strong></span> <span class='ocrx_word' id='word_1_360' title='bbox 1838 1851 1925 1899; x_wconf 90' lang='lat' dir='ltr'><strong>De</strong></span> <span class='ocrx_word' id='word_1_361' title='bbox 1947 1847 2290 1912; x_wconf 81' lang='lat' dir='ltr'><strong>vectigalibus</strong></span> <span class='ocrx_word' id='word_1_362' title='bbox 2313 1852 2489 1896; x_wconf 87' lang='lat' dir='ltr'><strong>autem</strong></span> <span class='ocrx_word' id='word_1_363' title='bbox 2514 1842 2701 1909; x_wconf 81' lang='lat' dir='ltr'><strong>populi</strong></span> 
     </span>
     <span class='ocr_line' id='line_1_70' title="bbox 1630 1926 2701 1989; baseline -0.008 -10"><span class='ocrx_word' id='word_1_364' title='bbox 1630 1928 1852 1980; x_wconf 87' lang='lat' dir='ltr'><strong>Romani</strong></span> <span class='ocrx_word' id='word_1_365' title='bbox 1899 1926 2335 1989; x_wconf 77' lang='lat' dir='ltr'><strong>elegantissimam</strong></span> <span class='ocrx_word' id='word_1_366' title='bbox 2379 1929 2701 1975; x_wconf 74' lang='lat' dir='ltr'><strong>commenta-</strong></span> 
     </span>
     <span class='ocr_line' id='line_1_71' title="bbox 1629 2000 2701 2062; baseline -0.008 -6"><span class='ocrx_word' id='word_1_367' title='bbox 1629 2005 1824 2057; x_wconf 86' lang='lat' dir='ltr'><strong>tionem</strong></span> <span class='ocrx_word' id='word_1_368' title='bbox 1865 2003 2035 2055; x_wconf 87' lang='lat' dir='ltr'><strong>edidit</strong></span> <span class='ocrx_word' id='word_1_369' title='bbox 2069 2003 2416 2059; x_wconf 82' lang='lat' dir='ltr'><strong>Burmannus,</strong></span> <span class='ocrx_word' id='word_1_370' title='bbox 2451 2002 2506 2052; x_wconf 87' lang='lat' dir='ltr'><strong>in</strong></span> <span class='ocrx_word' id='word_1_371' title='bbox 2548 2000 2701 2062; x_wconf 79' lang='lat' dir='ltr'><strong>cujus</strong></span> 
     </span>
     <span class='ocr_line' id='line_1_72' title="bbox 1626 2072 2701 2147; baseline -0.01 -13"><span class='ocrx_word' id='word_1_372' title='bbox 1626 2091 1797 2134; x_wconf 87' lang='lat' dir='ltr'><strong>morte</strong></span> <span class='ocrx_word' id='word_1_373' title='bbox 1830 2096 1999 2147; x_wconf 89' lang='lat' dir='ltr'><strong>nuper</strong></span> <span class='ocrx_word' id='word_1_374' title='bbox 2028 2094 2239 2144; x_wconf 76' lang='lat' dir='ltr'><strong>gravem</strong></span> <span class='ocrx_word' id='word_1_375' title='bbox 2267 2078 2530 2144; x_wconf 83' lang='lat' dir='ltr'><strong>jacturam</strong></span> <span class='ocrx_word' id='word_1_376' title='bbox 2562 2072 2701 2127; x_wconf 81' lang='lat' dir='ltr'><strong>fecit</strong></span> 
     </span>
     <span class='ocr_line' id='line_1_73' title="bbox 1629 2159 2174 2211; baseline -0.009 0"><span class='ocrx_word' id='word_1_377' title='bbox 1629 2176 1714 2211; x_wconf 91' lang='lat' dir='ltr'><strong>res</strong></span> <span class='ocrx_word' id='word_1_378' title='bbox 1737 2159 1985 2210; x_wconf 88' lang='lat' dir='ltr'><strong>literaria.</strong></span> <span class='ocrx_word' id='word_1_379' title='bbox 2020 2159 2174 2207; x_wconf 81' lang='lat' dir='ltr'><strong>Idem.</strong></span> 
     </span>
    </p>

    <p class='ocr_par' dir='ltr' id='par_1_10' title="bbox 1624 2228 2754 4400">
     <span class='ocr_line' id='line_1_74' title="bbox 1696 2228 2699 2301; baseline -0.008 -14"><span class='ocrx_word' id='word_1_380' title='bbox 1696 2237 2010 2301; x_wconf 73' lang='lat' dir='ltr'><strong>Singulorum</strong></span> <span class='ocrx_word' id='word_1_381' title='bbox 2049 2232 2273 2298; x_wconf 66' lang='lat' dir='ltr'><strong>injuriis]</strong></span> <span class='ocrx_word' id='word_1_382' title='bbox 2323 2228 2603 2295; x_wconf 84' lang='lat' dir='ltr'><strong>‘Singuli,&#39;</strong></span> <span class='ocrx_word' id='word_1_383' title='bbox 2641 2228 2699 2281; x_wconf 83' lang='lat' dir='ltr'><strong>id</strong></span> 
     </span>
     <span class='ocr_line' id='line_1_75' title="bbox 1628 2306 2700 2381; baseline -0.008 -14"><span class='ocrx_word' id='word_1_384' title='bbox 1628 2323 1732 2381; x_wconf 89' lang='lat' dir='ltr'><strong>est,</strong></span> <span class='ocrx_word' id='word_1_385' title='bbox 1756 2315 1969 2381; x_wconf 75' lang='lat' dir='ltr'><strong>privati,</strong></span> <span class='ocrx_word' id='word_1_386' title='bbox 1991 2313 2078 2379; x_wconf 88' lang='lat' dir='ltr'><strong>qui</strong></span> <span class='ocrx_word' id='word_1_387' title='bbox 2105 2312 2356 2362; x_wconf 62' lang='lat' dir='ltr'><strong>universa</strong></span> <span class='ocrx_word' id='word_1_388' title='bbox 2387 2306 2700 2372; x_wconf 66' lang='lat' dir='ltr'><strong>reipublic-m</strong></span> 
     </span>
     <span class='ocr_line' id='line_1_76' title="bbox 1628 2385 2702 2459; baseline -0.011 -15"><span class='ocrx_word' id='word_1_389' title='bbox 1628 2398 1979 2459; x_wconf 76' lang='lat' dir='ltr'><strong>opponuntur.</strong></span> <span class='ocrx_word' id='word_1_390' title='bbox 2047 2389 2247 2439; x_wconf 83' lang='lat' dir='ltr'><strong>Gellius</strong></span> <span class='ocrx_word' id='word_1_391' title='bbox 2284 2400 2340 2437; x_wconf 86' lang='lat' dir='ltr'><strong>x.</strong></span> <span class='ocrx_word' id='word_1_392' title='bbox 2372 2390 2456 2436; x_wconf 82' lang='lat'><strong>20.</strong></span> <span class='ocrx_word' id='word_1_393' title='bbox 2500 2385 2702 2434; x_wconf 54' lang='lat' dir='ltr'><strong>‘Veteae</strong></span> 
     </span>
     <span class='ocr_line' id='line_1_77' title="bbox 1630 2467 2695 2538; baseline -0.01 -15"><span class='ocrx_word' id='word_1_394' title='bbox 1630 2472 1752 2536; x_wconf 85' lang='lat' dir='ltr'><strong>res,&#39;</strong></span> <span class='ocrx_word' id='word_1_395' title='bbox 1795 2472 1981 2538; x_wconf 89' lang='lat' dir='ltr'><strong>iuquit,</strong></span> <span class='ocrx_word' id='word_1_396' title='bbox 2030 2468 2222 2533; x_wconf 77' lang='lat' dir='ltr'><strong>‘priva</strong></span> <span class='ocrx_word' id='word_1_397' title='bbox 2261 2467 2533 2526; x_wconf 80' lang='lat' dir='ltr'><strong>dixerunt,</strong></span> <span class='ocrx_word' id='word_1_398' title='bbox 2576 2477 2695 2527; x_wconf 79' lang='lat' dir='ltr'><strong>quae</strong></span> 
     </span>
     <span class='ocr_line' id='line_1_78' title="bbox 1627 2539 2699 2614; baseline -0.01 -13"><span class='ocrx_word' id='word_1_399' title='bbox 1627 2565 1722 2602; x_wconf 86' lang='lat' dir='ltr'><strong>nos</strong></span> <span class='ocrx_word' id='word_1_400' title='bbox 1754 2549 1957 2614; x_wconf 86' lang='lat' dir='ltr'><strong>singula</strong></span> <span class='ocrx_word' id='word_1_401' title='bbox 1991 2543 2240 2597; x_wconf 79' lang='lat' dir='ltr'><strong>dicimus-³</strong></span> <span class='ocrx_word' id='word_1_402' title='bbox 2305 2541 2384 2592; x_wconf 81' lang='lat' dir='ltr'><strong>Ae</strong></span> <span class='ocrx_word' id='word_1_403' title='bbox 2407 2556 2473 2591; x_wconf 88' lang='lat' dir='ltr'><strong>ne</strong></span> <span class='ocrx_word' id='word_1_404' title='bbox 2502 2539 2699 2606; x_wconf 83' lang='lat' dir='ltr'><strong>privati</strong></span> 
     </span>
     <span class='ocr_line' id='line_1_79' title="bbox 1628 2617 2699 2693; baseline -0.014 -15"><span class='ocrx_word' id='word_1_405' title='bbox 1628 2627 1838 2693; x_wconf 83' lang='lat' dir='ltr'><strong>quidem</strong></span> <span class='ocrx_word' id='word_1_406' title='bbox 1862 2639 2041 2677; x_wconf 91' lang='lat' dir='ltr'><strong>omnes</strong></span> <span class='ocrx_word' id='word_1_407' title='bbox 2061 2621 2440 2685; x_wconf 77' lang='lat' dir='ltr'><strong>intelliguntur,</strong></span> <span class='ocrx_word' id='word_1_408' title='bbox 2454 2618 2546 2669; x_wconf 87' lang='lat' dir='ltr'><strong>sed</strong></span> <span class='ocrx_word' id='word_1_409' title='bbox 2567 2617 2699 2667; x_wconf 80' lang='lat' dir='ltr'><strong>dun-</strong></span> 
     </span>
     <span class='ocr_line' id='line_1_80' title="bbox 1628 2695 2702 2770; baseline -0.015 -11"><span class='ocrx_word' id='word_1_410' title='bbox 1628 2714 1775 2760; x_wconf 83' lang='lat' dir='ltr'><strong>taxat</strong></span> <span class='ocrx_word' id='word_1_411' title='bbox 1817 2703 2070 2756; x_wconf 88' lang='lat' dir='ltr'><strong>nonnulli.</strong></span> <span class='ocrx_word' id='word_1_412' title='bbox 2136 2701 2227 2770; x_wconf 64' lang='lat' dir='ltr'><strong>Sie</strong></span> <span class='ocrx_word' id='word_1_413' title='bbox 2269 2701 2286 2728; x_wconf 87' lang='lat'>‘</span> <span class='ocrx_word' id='word_1_414' title='bbox 2314 2696 2582 2761; x_wconf 86' lang='lat' dir='ltr'><strong>singulos’</strong></span> <span class='ocrx_word' id='word_1_415' title='bbox 2617 2695 2702 2745; x_wconf 70' lang='lat' dir='ltr'><strong>di-</strong></span> 
     </span>
     <span class='ocr_line' id='line_1_81' title="bbox 1627 2772 2754 2851; baseline -0.012 -15"><span class='ocrx_word' id='word_1_416' title='bbox 1627 2784 1850 2849; x_wconf 87' lang='lat' dir='ltr'><strong>stinguit</strong></span> <span class='ocrx_word' id='word_1_417' title='bbox 1873 2783 1989 2847; x_wconf 89' lang='lat' dir='ltr'><strong>ipse</strong></span> <span class='ocrx_word' id='word_1_418' title='bbox 2012 2779 2153 2831; x_wconf 89' lang='lat' dir='ltr'><strong>Plin.</strong></span> <span class='ocrx_word' id='word_1_419' title='bbox 2174 2777 2342 2841; x_wconf 88' lang='lat' dir='ltr'><strong>Epist.</strong></span> <span class='ocrx_word' id='word_1_420' title='bbox 2360 2776 2398 2824; x_wconf 89' lang='lat' dir='ltr'><strong>l.</strong></span> <span class='ocrx_word' id='word_1_421' title='bbox 2417 2788 2480 2824; x_wconf 87' lang='grc' dir='ltr'><strong>ιι.</strong></span> <span class='ocrx_word' id='word_1_422' title='bbox 2499 2789 2546 2825; x_wconf 84' lang='lat' dir='ltr'><strong>e.</strong></span> <span class='ocrx_word' id='word_1_423' title='bbox 2559 2780 2610 2825; x_wconf 74' lang='grc'><strong>6.</strong></span> <span class='ocrx_word' id='word_1_424' title='bbox 2629 2772 2704 2823; x_wconf 85' lang='lat' dir='ltr'><strong>ab</strong></span> <span class='ocrx_word' id='word_1_425' title='bbox 2747 2847 2754 2851; x_wconf 22' lang='grc' dir='ltr'><strong><em>ι</em></strong></span> 
     </span>
     <span class='ocr_line' id='line_1_82' title="bbox 1624 2854 2697 2917; baseline -0.014 -1"><span class='ocrx_word' id='word_1_426' title='bbox 1624 2866 1641 2895; x_wconf 87' lang='lat'>‘</span> <span class='ocrx_word' id='word_1_427' title='bbox 1666 2860 1955 2917; x_wconf 73' lang='lat' dir='ltr'><strong>omnibusz&#39;</strong></span> <span class='ocrx_word' id='word_1_428' title='bbox 1985 2861 2002 2890; x_wconf 87' lang='lat'>‘</span> <span class='ocrx_word' id='word_1_429' title='bbox 2024 2858 2161 2910; x_wconf 86' lang='lat' dir='ltr'><strong>Nam</strong></span> <span class='ocrx_word' id='word_1_430' title='bbox 2186 2865 2242 2907; x_wconf 89' lang='lat' dir='ltr'><strong>et</strong></span> <span class='ocrx_word' id='word_1_431' title='bbox 2271 2856 2323 2908; x_wconf 86' lang='lat' dir='ltr'><strong>in</strong></span> <span class='ocrx_word' id='word_1_432' title='bbox 2348 2854 2551 2905; x_wconf 84' lang='lat' dir='ltr'><strong>ratione</strong></span> <span class='ocrx_word' id='word_1_433' title='bbox 2573 2866 2697 2903; x_wconf 88' lang='lat' dir='ltr'><strong>con-</strong></span> 
     </span>
     <span class='ocr_line' id='line_1_83' title="bbox 1627 2928 2699 3003; baseline -0.013 -10"><span class='ocrx_word' id='word_1_434' title='bbox 1627 2942 1903 2997; x_wconf 82' lang='lat' dir='ltr'><strong>viviorum,</strong></span> <span class='ocrx_word' id='word_1_435' title='bbox 1938 2934 2174 3003; x_wconf 79' lang='lat' dir='ltr'><strong>quamvis</strong></span> <span class='ocrx_word' id='word_1_436' title='bbox 2206 2949 2237 2982; x_wconf 88' lang='lat' dir='ltr'><strong>a</strong></span> <span class='ocrx_word' id='word_1_437' title='bbox 2264 2931 2532 2998; x_wconf 85' lang='lat' dir='ltr'><strong>plerisque</strong></span> <span class='ocrx_word' id='word_1_438' title='bbox 2563 2928 2699 2981; x_wconf 87' lang='lat' dir='ltr'><strong>cibis</strong></span> 
     </span>
     <span class='ocr_line' id='line_1_84' title="bbox 1624 3015 2698 3083; baseline -0.011 -14"><span class='ocrx_word' id='word_1_439' title='bbox 1624 3019 1812 3083; x_wconf 82' lang='lat' dir='ltr'><strong>singuli</strong></span> <span class='ocrx_word' id='word_1_440' title='bbox 1869 3024 2250 3079; x_wconf 80' lang='lat' dir='ltr'><strong>temperemus3</strong></span> <span class='ocrx_word' id='word_1_441' title='bbox 2305 3015 2472 3061; x_wconf 88' lang='lat' dir='ltr'><strong>totam</strong></span> <span class='ocrx_word' id='word_1_442' title='bbox 2518 3015 2698 3059; x_wconf 88' lang='lat' dir='ltr'><strong>tamen</strong></span> 
     </span>
     <span class='ocr_line' id='line_1_85' title="bbox 1628 3086 2702 3149; baseline -0.011 -1"><span class='ocrx_word' id='word_1_443' title='bbox 1628 3112 1825 3149; x_wconf 80' lang='lat' dir='ltr'><strong>coenam</strong></span> <span class='ocrx_word' id='word_1_444' title='bbox 1850 3094 2063 3145; x_wconf 80' lang='lat' dir='ltr'><strong>laudare</strong></span> <span class='ocrx_word' id='word_1_445' title='bbox 2088 3106 2266 3143; x_wconf 87' lang='lat' dir='ltr'><strong>omnes</strong></span> <span class='ocrx_word' id='word_1_446' title='bbox 2288 3086 2552 3140; x_wconf 58' lang='lat' dir='ltr'><strong>solemus?</strong></span> <span class='ocrx_word' id='word_1_447' title='bbox 2586 3087 2702 3138; x_wconf 87' lang='lat' dir='ltr'><strong>Cic.</strong></span> 
     </span>
     <span class='ocr_line' id='line_1_86' title="bbox 1629 3166 2697 3227; baseline -0.011 -1"><span class='ocrx_word' id='word_1_448' title='bbox 1629 3176 1754 3227; x_wconf 85' lang='lat' dir='ltr'><strong>Nat.</strong></span> <span class='ocrx_word' id='word_1_449' title='bbox 1789 3175 1954 3224; x_wconf 87' lang='lat' dir='ltr'><strong>Deor.</strong></span> <span class='ocrx_word' id='word_1_450' title='bbox 1986 3186 2028 3222; x_wconf 82' lang='grc' dir='ltr'><strong>ι.</strong></span> <span class='ocrx_word' id='word_1_451' title='bbox 2059 3174 2144 3221; x_wconf 77' lang='lat'><strong>28.</strong></span> <span class='ocrx_word' id='word_1_452' title='bbox 2175 3166 2431 3218; x_wconf 85' lang='lat' dir='ltr'><strong>‘Athenis</strong></span> <span class='ocrx_word' id='word_1_453' title='bbox 2464 3180 2584 3216; x_wconf 85' lang='lat' dir='ltr'><strong>curn</strong></span> <span class='ocrx_word' id='word_1_454' title='bbox 2617 3179 2697 3215; x_wconf 88' lang='lat' dir='ltr'><strong>es·</strong></span> 
     </span>
     <span class='ocr_line' id='line_1_87' title="bbox 1627 3243 2699 3317; baseline -0.01 -14"><span class='ocrx_word' id='word_1_455' title='bbox 1627 3267 1756 3309; x_wconf 86' lang='lat' dir='ltr'><strong>sem,</strong></span> <span class='ocrx_word' id='word_1_456' title='bbox 1779 3267 1808 3302; x_wconf 88' lang='lat' dir='ltr'><strong>e</strong></span> <span class='ocrx_word' id='word_1_457' title='bbox 1833 3250 2075 3317; x_wconf 81' lang='lat' dir='ltr'><strong>gregibus</strong></span> <span class='ocrx_word' id='word_1_458' title='bbox 2108 3245 2431 3313; x_wconf 87' lang='lat' dir='ltr'><strong>epheborum</strong></span> <span class='ocrx_word' id='word_1_459' title='bbox 2467 3244 2558 3293; x_wconf 77' lang='lat' dir='ltr'><strong>vix</strong></span> <span class='ocrx_word' id='word_1_460' title='bbox 2590 3243 2699 3293; x_wconf 88' lang='lat' dir='ltr'><strong>sin-</strong></span> 
     </span>
     <span class='ocr_line' id='line_1_88' title="bbox 1628 3320 2697 3394; baseline -0.009 -14"><span class='ocrx_word' id='word_1_461' title='bbox 1628 3330 1734 3394; x_wconf 86' lang='lat' dir='ltr'><strong>guli</strong></span> <span class='ocrx_word' id='word_1_462' title='bbox 1752 3327 2152 3394; x_wconf 87' lang='lat' dir='ltr'><strong>reperiebantur</strong></span> <span class='ocrx_word' id='word_1_463' title='bbox 2164 3320 2405 3389; x_wconf 89' lang='lat' dir='ltr'><strong>pulcbri.’</strong></span> <span class='ocrx_word' id='word_1_464' title='bbox 2431 3322 2552 3372; x_wconf 87' lang='lat' dir='ltr'><strong>Hoc</strong></span> <span class='ocrx_word' id='word_1_465' title='bbox 2567 3334 2697 3378; x_wconf 81' lang='lat' dir='ltr'><strong>vero</strong></span> 
     </span>
     <span class='ocr_line' id='line_1_89' title="bbox 1627 3399 2697 3469; baseline -0.008 -12"><span class='ocrx_word' id='word_1_466' title='bbox 1627 3408 1743 3459; x_wconf 90' lang='lat' dir='ltr'><strong>loco</strong></span> <span class='ocrx_word' id='word_1_467' title='bbox 1775 3409 1791 3437; x_wconf 86' lang='lat'>‘</span> <span class='ocrx_word' id='word_1_468' title='bbox 1810 3405 2011 3469; x_wconf 74' lang='lat' dir='ltr'><strong>injuriae</strong></span> <span class='ocrx_word' id='word_1_469' title='bbox 2029 3402 2045 3427; x_wconf 86' lang='lat'>&#39;</span> <span class='ocrx_word' id='word_1_470' title='bbox 2078 3402 2321 3453; x_wconf 83' lang='lat' dir='ltr'><strong>dicuutur</strong></span> <span class='ocrx_word' id='word_1_471' title='bbox 2348 3399 2697 3465; x_wconf 86' lang='lat' dir='ltr'><strong>incommoda,</strong></span> 
     </span>
     <span class='ocr_line' id='line_1_90' title="bbox 1628 3478 2698 3539; baseline -0.009 -3"><span class='ocrx_word' id='word_1_472' title='bbox 1628 3485 1964 3539; x_wconf 86' lang='lat' dir='ltr'><strong>detrimenta,</strong></span> <span class='ocrx_word' id='word_1_473' title='bbox 1999 3494 2179 3536; x_wconf 87' lang='lat' dir='ltr'><strong>onera,</strong></span> <span class='ocrx_word' id='word_1_474' title='bbox 2209 3478 2351 3529; x_wconf 83' lang='lat' dir='ltr'><strong>forte</strong></span> <span class='ocrx_word' id='word_1_475' title='bbox 2386 3478 2549 3527; x_wconf 85' lang='lat' dir='ltr'><strong>etiam</strong></span> <span class='ocrx_word' id='word_1_476' title='bbox 2585 3478 2698 3528; x_wconf 89' lang='lat' dir='ltr'><strong>sine</strong></span> 
     </span>
     <span class='ocr_line' id='line_1_91' title="bbox 1628 3560 2697 3628; baseline -0.008 -14"><span class='ocrx_word' id='word_1_477' title='bbox 1628 3568 1870 3628; x_wconf 89' lang='lat' dir='ltr'><strong>respectu</strong></span> <span class='ocrx_word' id='word_1_478' title='bbox 1894 3560 1959 3610; x_wconf 88' lang='lat' dir='ltr'><strong>ad</strong></span> <span class='ocrx_word' id='word_1_479' title='bbox 1976 3560 2092 3624; x_wconf 80' lang='lat' dir='ltr'><strong>jus3</strong></span> <span class='ocrx_word' id='word_1_480' title='bbox 2116 3562 2268 3622; x_wconf 89' lang='lat' dir='ltr'><strong>prout</strong></span> <span class='ocrx_word' id='word_1_481' title='bbox 2286 3570 2422 3610; x_wconf 79' lang='lat' dir='ltr'><strong>mox,</strong></span> <span class='ocrx_word' id='word_1_482' title='bbox 2438 3566 2697 3605; x_wconf 82' lang='lat' dir='ltr'><strong>xxxvnr.</strong></span> 
     </span>
     <span class='ocr_line' id='line_1_92' title="bbox 1627 3630 2699 3695; baseline -0.008 -5"><span class='ocrx_word' id='word_1_483' title='bbox 1627 3646 1679 3690; x_wconf 87' lang='lat'><strong>5.</strong></span> <span class='ocrx_word' id='word_1_484' title='bbox 1732 3637 1932 3689; x_wconf 88' lang='lat' dir='ltr'><strong>Plinius</strong></span> <span class='ocrx_word' id='word_1_485' title='bbox 1955 3641 2110 3686; x_wconf 84' lang='lat' dir='ltr'><strong>vocat</strong></span> <span class='ocrx_word' id='word_1_486' title='bbox 2145 3640 2161 3663; x_wconf 82' lang='lat'>‘</span> <span class='ocrx_word' id='word_1_487' title='bbox 2179 3631 2419 3682; x_wconf 86' lang='lat' dir='ltr'><strong>orbitatis</strong></span> <span class='ocrx_word' id='word_1_488' title='bbox 2442 3630 2699 3695; x_wconf 57' lang='lat' dir='ltr'><strong>injuriam*</strong></span> 
     </span>
     <span class='ocr_line' id='line_1_93' title="bbox 1628 3707 2698 3782; baseline -0.012 -14"><span class='ocrx_word' id='word_1_489' title='bbox 1628 3718 1835 3782; x_wconf 84' lang='lat' dir='ltr'><strong>Dequa</strong></span> <span class='ocrx_word' id='word_1_490' title='bbox 1867 3713 2077 3765; x_wconf 90' lang='lat' dir='ltr'><strong>notione</strong></span> <span class='ocrx_word' id='word_1_491' title='bbox 2101 3710 2241 3760; x_wconf 79' lang='lat' dir='ltr'><strong>vocis</strong></span> <span class='ocrx_word' id='word_1_492' title='bbox 2273 3708 2293 3738; x_wconf 71' lang='lat'><strong><em>⁴</em></strong></span> <span class='ocrx_word' id='word_1_493' title='bbox 2316 3707 2557 3774; x_wconf 74' lang='lat' dir='ltr'><strong>injuriae-,⁹</strong></span> <span class='ocrx_word' id='word_1_494' title='bbox 2582 3708 2698 3772; x_wconf 82' lang='lat' dir='ltr'><strong>jam</strong></span> 
     </span>
     <span class='ocr_line' id='line_1_94' title="bbox 1627 3785 2698 3860; baseline -0.012 -14"><span class='ocrx_word' id='word_1_495' title='bbox 1627 3811 1801 3860; x_wconf 89' lang='lat' dir='ltr'><strong>supra,</strong></span> <span class='ocrx_word' id='word_1_496' title='bbox 1822 3792 1887 3844; x_wconf 87' lang='lat' dir='ltr'><strong>ad</strong></span> <span class='ocrx_word' id='word_1_497' title='bbox 1925 3807 1976 3856; x_wconf 87' lang='lat' dir='ltr'><strong>p.</strong></span> <span class='ocrx_word' id='word_1_498' title='bbox 1997 3794 2114 3841; x_wconf 77' lang='lat'><strong>592.</strong></span> <span class='ocrx_word' id='word_1_499' title='bbox 2140 3801 2244 3837; x_wconf 88' lang='lat' dir='ltr'><strong>non</strong></span> <span class='ocrx_word' id='word_1_500' title='bbox 2265 3785 2396 3835; x_wconf 86' lang='lat' dir='ltr'><strong>nihil</strong></span> <span class='ocrx_word' id='word_1_501' title='bbox 2427 3786 2698 3835; x_wconf 79' lang='lat' dir='ltr'><strong>annotavi.</strong></span> 
     </span>
     <span class='ocr_line' id='line_1_95' title="bbox 1629 3861 2698 3924; baseline -0.012 0"><span class='ocrx_word' id='word_1_502' title='bbox 1629 3870 1968 3924; x_wconf 76' lang='lat' dir='ltr'><strong>Incommode</strong></span> <span class='ocrx_word' id='word_1_503' title='bbox 2011 3873 2184 3917; x_wconf 88' lang='lat' dir='ltr'><strong>autem</strong></span> <span class='ocrx_word' id='word_1_504' title='bbox 2226 3871 2284 3915; x_wconf 91' lang='lat' dir='ltr'><strong>et</strong></span> <span class='ocrx_word' id='word_1_505' title='bbox 2324 3877 2483 3914; x_wconf 86' lang='lat' dir='ltr'><strong>onera</strong></span> <span class='ocrx_word' id='word_1_506' title='bbox 2529 3861 2698 3913; x_wconf 86' lang='lat' dir='ltr'><strong>tribu-</strong></span> 
     </span>
     <span class='ocr_line' id='line_1_96' title="bbox 1629 3939 2696 4003; baseline -0.012 -1"><span class='ocrx_word' id='word_1_507' title='bbox 1629 3959 1800 4003; x_wconf 89' lang='lat' dir='ltr'><strong>torum</strong></span> <span class='ocrx_word' id='word_1_508' title='bbox 1846 3963 1909 4001; x_wconf 93' lang='lat' dir='ltr'><strong>eo</strong></span> <span class='ocrx_word' id='word_1_509' title='bbox 1963 3944 2235 3996; x_wconf 83' lang='lat' dir='ltr'><strong>acerbiora</strong></span> <span class='ocrx_word' id='word_1_510' title='bbox 2284 3947 2341 3990; x_wconf 89' lang='lat' dir='ltr'><strong>et</strong></span> <span class='ocrx_word' id='word_1_511' title='bbox 2393 3939 2696 3989; x_wconf 86' lang='lat' dir='ltr'><strong>molestiora</strong></span> 
     </span>
     <span class='ocr_line' id='line_1_97' title="bbox 1627 4015 2692 4088; baseline -0.016 -8"><span class='ocrx_word' id='word_1_512' title='bbox 1627 4036 1768 4088; x_wconf 86' lang='lat' dir='ltr'><strong>sunt,</strong></span> <span class='ocrx_word' id='word_1_513' title='bbox 1804 4028 1846 4077; x_wconf 91' lang='lat' dir='ltr'><strong>si</strong></span> <span class='ocrx_word' id='word_1_514' title='bbox 1885 4041 1940 4075; x_wconf 90' lang='lat' dir='ltr'><strong>re</strong></span> <span class='ocrx_word' id='word_1_515' title='bbox 1979 4026 2093 4087; x_wconf 89' lang='lat' dir='ltr'><strong>ipsa</strong></span> <span class='ocrx_word' id='word_1_516' title='bbox 2125 4017 2446 4071; x_wconf 85' lang='lat' dir='ltr'><strong>accesserint</strong></span> <span class='ocrx_word' id='word_1_517' title='bbox 2484 4015 2692 4080; x_wconf 64' lang='lat' dir='ltr'><strong>injuria</strong></span> 
     </span>
     <span class='ocr_line' id='line_1_98' title="bbox 1627 4094 2695 4164; baseline -0.018 -5"><span class='ocrx_word' id='word_1_518' title='bbox 1627 4114 1955 4164; x_wconf 84' lang='lat' dir='ltr'><strong>exactorum,</strong></span> <span class='ocrx_word' id='word_1_519' title='bbox 1968 4103 2288 4164; x_wconf 86' lang='lat' dir='ltr'><strong>aliorumque</strong></span> <span class='ocrx_word' id='word_1_520' title='bbox 2310 4094 2663 4145; x_wconf 84' lang='lat' dir='ltr'><strong>ministrorum</strong></span> <span class='ocrx_word' id='word_1_521' title='bbox 2678 4107 2695 4155; x_wconf 74' lang='lat'>3</span> 
     </span>
     <span class='ocr_line' id='line_1_99' title="bbox 1626 4169 2693 4238; baseline -0.013 -3"><span class='ocrx_word' id='word_1_522' title='bbox 1626 4191 1681 4235; x_wconf 89' lang='lat' dir='ltr'><strong>et</strong></span> <span class='ocrx_word' id='word_1_523' title='bbox 1724 4198 1790 4233; x_wconf 88' lang='lat' dir='ltr'><strong>eo</strong></span> <span class='ocrx_word' id='word_1_524' title='bbox 1832 4178 2209 4238; x_wconf 86' lang='lat' dir='ltr'><strong>tolerabiliora,</strong></span> <span class='ocrx_word' id='word_1_525' title='bbox 2255 4172 2300 4224; x_wconf 88' lang='lat' dir='ltr'><strong>si</strong></span> <span class='ocrx_word' id='word_1_526' title='bbox 2337 4172 2454 4222; x_wconf 80' lang='lat' dir='ltr'><strong>istae</strong></span> <span class='ocrx_word' id='word_1_527' title='bbox 2498 4169 2693 4221; x_wconf 81' lang='lat' dir='ltr'><strong>absint.</strong></span> 
     </span>
     <span class='ocr_line' id='line_1_100' title="bbox 1627 4246 2692 4319; baseline -0.015 -7"><span class='ocrx_word' id='word_1_528' title='bbox 1627 4260 1768 4312; x_wconf 79' lang='lat' dir='ltr'><strong>Hine</strong></span> <span class='ocrx_word' id='word_1_529' title='bbox 1800 4257 2013 4309; x_wconf 79' lang='lat' dir='ltr'><strong>Tacitus</strong></span> <span class='ocrx_word' id='word_1_530' title='bbox 2050 4253 2234 4319; x_wconf 74' lang='lat' dir='ltr'><strong>Agr-ic.</strong></span> <span class='ocrx_word' id='word_1_531' title='bbox 2269 4263 2384 4314; x_wconf 89' lang='lat' dir='ltr'><strong>cap.</strong></span> <span class='ocrx_word' id='word_1_532' title='bbox 2418 4251 2503 4298; x_wconf 76' lang='lat'><strong>13.</strong></span> <span class='ocrx_word' id='word_1_533' title='bbox 2543 4246 2692 4310; x_wconf 77' lang='lat' dir='ltr'><strong>‘Ipsi</strong></span> 
     </span>
     <span class='ocr_line' id='line_1_101' title="bbox 1624 4324 2692 4400; baseline -0.014 -11"><span class='ocrx_word' id='word_1_534' title='bbox 1624 4333 1902 4400; x_wconf 83' lang='lat' dir='ltr'><strong>Britanni,’</strong></span> <span class='ocrx_word' id='word_1_535' title='bbox 1934 4331 2122 4400; x_wconf 85' lang='lat' dir='ltr'><strong>inquit,</strong></span> <span class='ocrx_word' id='word_1_536' title='bbox 2151 4327 2468 4384; x_wconf 58' lang='lat' dir='ltr'><strong>‘delectum</strong></span> <span class='ocrx_word' id='word_1_537' title='bbox 2502 4337 2568 4375; x_wconf 87' lang='lat' dir='ltr'><strong>ae</strong></span> <span class='ocrx_word' id='word_1_538' title='bbox 2604 4324 2692 4374; x_wconf 83' lang='lat' dir='ltr'><strong>tri·</strong></span> 
     </span>
    </p>
   </div>
   <div class='ocr_carea' id='block_1_8' title="bbox 2977 1344 2989 2544">
    <p class='ocr_par' dir='ltr' id='par_1_11' title="bbox 2977 1344 2989 2544">
     <span class='ocr_line' id='line_1_102' title="bbox 2977 1344 2989 2544; baseline 0 0"><span class='ocrx_word' id='word_1_539' title='bbox 2977 1344 2989 2544; x_wconf 95' lang='lat' dir='ltr'><strong> </strong></span> 
     </span>
    </p>
   </div>
  </div>
 </body>
</html>
