3017 4942
808 349 874 400 c.
922 346 1165 398 rui-nn
1215 346 1548 399 saeuum
1599 347 1878 400 Panno.
1957 350 2012 402 1.
2041 332 2150 401 92.

434 468 681 557 Abstulit]
702 452 1082 558 Domitianum,
1102 493 1191 560 qni
1208 499 1439 544 mortuus

369 580 494 619 xiv.
518 570 640 621 Kal.
660 570 887 621 Octobr.
911 571 1047 635 Lips-

2411 333 2593 452 2085.

1516 490 1611 541 das
1651 490 2011 559 adscendenti,
2050 475 2369 556 tabellarius,
2408 494 2496 561 qui
2528 508 2586 545 se

1515 586 1583 622 ex
1607 572 1920 624 Macedonia
1946 576 2148 625 venisse
2171 576 2395 633 diceret,
2419 578 2586 630 laure-

438 646 620 712 Dedit]
640 648 867 697 Nervam
889 647 981 697 illo
1003 648 1120 711 ipso
1133 645 1219 696 die
1242 646 1438 696 lectum
1511 658 1628 698 atas
1647 650 1830 700 literas
1857 651 2094 702 attulisse
2115 652 2328 703 dicitur.
2346 653 2585 706 *Quadri-

372 722 687 787 principem.
709 724 863 773 Idem.

440 799 713 864 optimum]
739 800 991 862 Nervam,
1008 799 1097 864 qui
1119 797 1295 849 statim
1321 803 1441 861 post

369 876 712 927 interfectum
749 876 1129 941 Domitianum,
1160 877 1439 940 pessimum

365 951 533 1015 illum,
558 953 844 1017 imperator
862 950 1034 1003 factus
1058 960 1157 1003 est.
1183 953 1407 1004 Putant.

432 1030 710 1094 Meliorem]
726 1031 1028 1095 Trajanum.
1046 1032 1199 1081 Idem.

435 1105 647 1170 Gemit]
669 1106 959 1171 Trajauum.
977 1107 1116 1171 Lips.

433 1181 535 1232 Sub
555 1182 724 1247 oculis]
736 1183 866 1234 Cum
886 1186 958 1235 sis
978 1184 1031 1234 in
1050 1184 1202 1251 urbe,
1218 1190 1271 1236 te
1289 1198 1440 1251 spec·

369 1267 523 1312 tante
544 1268 602 1312 et
621 1263 859 1312 sedente.
896 1263 1051 1313 Idem.

430 1338 702 1401 Augurum
730 1340 896 1404 solito]
948 1340 1086 1390 Nam
1120 1338 1440 1390 tribunatum

369 1428 432 1465 ac
455 1421 740 1477 praetriram
777 1417 961 1480 gessit,
984 1416 1070 1466 cui
1104 1417 1309 1482 utrique
1332 1431 1441 1467 ma·

366 1490 611 1554 gistratui
627 1491 718 1555 jus
731 1493 893 1554 sellae,
909 1493 1000 1542 sed
1018 1493 1320 1544 humilioris.
1350 1493 1440 1544 Iu·

365 1564 466 1630 fra,
496 1569 514 1598 ⁴
536 1568 643 1618 Vos
679 1569 802 1619 mihi
831 1570 884 1619 in
920 1570 1192 1627 tribunatu
1228 1570 1441 1637 quietis,

368 1643 429 1693 in-
465 1652 695 1709 praetura
730 1645 1021 1711 modestiae,
1078 1650 1255 1698 cuncti
1303 1649 1439 1699 anti·

369 1721 674 1786 quissimum
696 1727 1050 1775 testimonium
1071 1725 1438 1791 perhibuistis-⁹

366 1798 537 1850 Licin.

430 1877 707 1938 angustior
721 1875 886 1941 solito]
911 1876 1049 1928 Quia
1067 1877 1321 1928 hactenus
1344 1878 1438 1928 tri-

366 1951 511 2009 buni,
528 1952 787 2016 inquiunt,
801 1961 891 2002 aut
908 1959 1161 2016 praetorcs
1176 1968 1193 2002 z
1229 1961 1279 2002 at
1298 1967 1438 2003 nuuc

367 2029 608 2077 consules
652 2028 705 2078 in
738 2028 866 2077 sella
910 2029 1118 2092 altiore,
1148 2035 1206 2079 et
1248 2029 1437 2081 curuli.

295 2128 310 2139 ae
370 2104 521 2168 Logi,
560 2111 620 2154 ut
655 2104 833 2154 statim
875 2105 1078 2157 dicam:
1115 2119 1254 2155 nune
1288 2105 1438 2171 illud,

368 2180 537 2231 videri
553 2181 942 2232 rescribendum
958 2183 1279 2245 augustiores.
1304 2182 1436 2246 Ipsi,

366 2258 453 2323 qui
490 2257 567 2308 sic
591 2258 869 2316 vehuntur,
906 2271 1145 2310 crescere
1176 2259 1439 2323 videntur,

366 2341 425 2384 et
457 2337 784 2398 majestatem
821 2335 888 2385 ab
919 2335 1009 2397 illo
1043 2334 1323 2399 splendore
1358 2349 1437 2384 as·

368 2425 592 2462 sumere.
628 2411 781 2465 Quod
804 2412 847 2460 si
863 2408 1167 2473 de‘cnrru,’
1186 2418 1358 2460 tamen
1382 2416 1439 2460 et

363 2489 614 2550 augustior
638 2490 833 2554 placet,
864 2487 1019 2544 bene,
1040 2486 1307 2549 augustior
1329 2484 1437 2536 vui-

367 2565 599 2630 garibus,
617 2567 735 2631 quia
757 2562 1098 2629 triumphalis.
1119 2563 1260 2627 Lips.

433 2639 729 2704 augustior]
754 2642 893 2694 Quia
914 2640 1011 2690 sub
1027 2640 1189 2690 oculis
1214 2639 1439 2704 impera-

367 2720 527 2779 toris3
559 2719 773 2771 insolito
809 2731 998 2781 nempe
1033 2717 1301 2767 consulum
1346 2715 1439 2764 de·

366 2807 513 2852 core,
533 2809 661 2859 quos
685 2794 929 2858 princeps
950 2799 1101 2842 tanta
1134 2788 1448 2856 dignatione

364 2878 790 2935 prosequeretur.
817 2870 1034 2918 Patami.

432 2945 705 3008 Augustini·
725 2946 866 2994 solito
887 2945 1081 3009 carrus]
1115 2942 1359 2994 Norisius
1381 2943 1437 2994 iu

365 3014 596 3072 Dissert.
634 3022 701 3071 de
726 3020 927 3071 duobus
953 3019 1192 3071 Nummis
1227 3020 1435 3070 Diocle·
1462 3043 1469 3049 ·

368 3100 500 3151 tiani
523 3108 578 3150 et
604 3099 796 3150 Licinii
821 3113 868 3149 c.
887 3105 936 3149 5.
958 3099 1136 3161 docet,
1156 3093 1435 3161 imperato2

367 3191 475 3239 res,
493 3179 749 3239 consules,
773 3183 1047 3239 praetores‚
1069 3174 1303 3236 aliosque
1327 3171 1435 3221 edi·

367 3261 513 3303 tores
555 3252 1040 3308 munerum,'cnrru
1080 3249 1343 3305 sublimes,
1377 3255 1444 3301 et,

366 3336 515 3381 veste
539 3329 841 3393 triumphali
864 3335 1096 3389 ornatos,
1121 3340 1217 3391 per
1236 3326 1434 3377 circum

365 3411 551 3457 vectos
576 3420 710 3468 esse,
731 3421 849 3456 cum
865 3405 929 3454 ad
949 3402 1269 3454 exhibendos
1284 3401 1437 3453 ludos

368 3483 741 3549 processerint.
807 3480 963 3533 Quod
1007 3480 1167 3530 etiam
1209 3478 1439 3543 Lipsius,

367 3568 425 3611 et
448 3561 558 3622 alii,
579 3574 642 3609 ex
666 3559 910 3612 Juvenal.
931 3558 1044 3609 Sat.
1067 3570 1123 3607 x.
1146 3561 1227 3607 84.
1248 3564 1305 3607 et
1321 3557 1436 3607 Sat.

367 3655 451 3694 xr.
480 3646 593 3693 192.
625 3640 992 3692 ostenderunt.
1057 3639 1162 3691 Qui
1183 3651 1295 3688 mos
1324 3637 1440 3701 jam

365 3719 421 3768 in
461 3717 731 3782 republica
781 3715 944 3765 libera
987 3713 1244 3775 obtinuit3
1300 3711 1439 3777 quod

365 3794 729 3858 cognoscimus
752 3807 818 3842 ex
843 3791 955 3841 Liv.
975 3803 1098 3841 xm.
1122 3792 1170 3841 l.
1197 3789 1360 3839 ‘Cum
1385 3786 1439 3836 in

366 3871 513 3921 circo
555 3868 662 3918 ludi
698 3867 906 3930 fierent,
953 3880 1185 3916 murmur
1216 3868 1439 3930 repente

365 3946 544 4012 populi
570 3954 684 3996 tota
710 3944 1011 4009 spectacula
1037 3943 1287 4008 pervasit,
1308 3956 1440 4006 pug-

369 4033 553 4075 natum
595 4023 649 4073 in
691 4021 1033 4083 Macedonia,
1074 4027 1131 4069 et
1172 4019 1438 4070 devictum

367 4115 544 4166 regem
563 4113 697 4150 esse.
722 4134 737 4150 .
758 4134 773 4150 .
800 4131 814 4148 .
831 4098 972 4149 Ante
994 4111 1053 4147 x.
1071 4097 1192 4148 Kal.
1215 4095 1441 4147 Octobr.

368 4177 608 4228 ludorum
635 4178 982 4227 Romanorum
1005 4173 1236 4225 secundo
1251 4173 1357 4236 die,
1376 4173 1439 4223 C.

366 4246 574 4306 Licinio
597 4253 794 4305 consuli
818 4251 884 4304 ad
912 4250 1190 4327 quadrigas
1226 4251 1439 4302 mitten·

1517 727 1594 790 gis
1615 728 1803 791 missis,
1823 728 1998 778 consti!
2021 742 2230 778 currum
2257 729 2585 792 conscendit,

1515 810 1589 862 et,
1622 818 1739 855 cum
1769 819 1863 868 per
1905 806 2104 856 circum
2146 806 2489 858 reveheretur
2520 806 2585 857 ad

1516 879 1662 932 foros
1687 882 1941 946 publicos,
1967 883 2225 933 laureatas
2250 883 2471 933 tabellas
2495 897 2587 948 po·

1516 960 1641 1024 pulo
1660 958 1925 1010 ostendit-⁹
1991 961 2068 1011 Cn
2077 974 2231 1016 rrum,
2249 959 2334 1010 cui
2357 959 2585 1010 editores

1515 1034 1755 1087 ludorum
1798 1035 2134 1100 insistebant,
2190 1034 2351 1087 fuisse
2406 1035 2587 1086 trium·

1519 1106 1745 1175 philem,
1769 1112 1984 1163 tradunt
2007 1111 2235 1178 Argolus
2260 1113 2312 1162 in
2348 1112 2485 1163 notis
2519 1111 2585 1163 ad

1518 1186 1860 1252 onuphrium,
1897 1202 1968 1241 ιι.
2005 1194 2088 1241 14.
2123 1197 2180 1241 et
2217 1189 2485 1240 Rubenius
2518 1190 2588 1240 de

1518 1263 1600 1316 Re
1623 1266 1774 1317 Vest.
1800 1281 1841 1317 1.
1864 1270 1948 1317 21.
1989 1265 2096 1317 Sed
2121 1273 2177 1316 et
2199 1267 2315 1331 ipse
2337 1266 2587 1317 laudatus

1519 1340 1763 1393 Norisius
1793 1345 1834 1394 1.
1871 1356 1920 1393 c.
1944 1341 2188 1399 affirmat,
2223 1355 2340 1392 cum
2378 1342 2589 1393 summis

1518 1416 1915 1482 magistratibus
1936 1431 2153 1468 munera
2175 1416 2453 1468 edentibus
2475 1431 2589 1468 ves·

1519 1494 1588 1544 tis
1613 1495 1938 1559 triumphalis
1962 1493 2124 1546 fuerit
2160 1494 2437 1559 permissa,
2469 1507 2586 1545 cur-

1519 1584 1632 1621 rum
1669 1571 1798 1622 item
1841 1571 2205 1636 triumphalem
2238 1562 2457 1621 concedi
2494 1569 2585 1619 de-

1517 1645 1710 1710 buisse,
1733 1659 1836 1712 quo
1858 1645 2182 1711 splendidius
2205 1656 2446 1709 pompam
2470 1645 2586 1695 Cir-

1515 1720 1745 1772 censium
1789 1723 2064 1772 ducerent.
2131 1721 2265 1774 Quae
2304 1735 2431 1772 vero
2475 1722 2586 1772 sola

1517 1799 1977 1851 ratiocinationou
2011 1796 2311 1859 sufficeret;
2345 1812 2463 1848 cum
2485 1801 2587 1850 Ta·

1516 1876 1611 1926 cit.
1654 1875 1842 1927 Anuai.
1878 1890 1920 1927 ι.
1975 1881 2055 1926 15.
2097 1874 2313 1938 referat,
2358 1874 2584 1927 tribunis

1516 1953 1687 2019 plebis
1726 1952 2030 2018 petentibus
2069 1952 2351 2014 aTiberio,
2379 1957 2439 2001 ut
2476 1950 2588 2001 An'·

1514 2030 1743 2093 gustales
1787 2029 1938 2079 ludos
1993 2028 2231 2094 ederent,
2284 2041 2586 2078 eoncessum

1515 2109 1724 2175 quidem
1762 2107 1942 2169 fnisse,
1969 2113 2027 2157 ut
2054 2121 2150 2170 per
2174 2108 2373 2156 circum
2405 2106 2587 2155 trium·

1515 2185 1653 2250 phali
1687 2192 1834 2235 veste
1871 2190 2178 2244 uterentnr3
2211 2189 2396 2232 ‘curru
2434 2179 2590 2242 vehi,'

1513 2262 1649 2311 haud
1689 2260 2024 2326 permissum3
2057 2256 2196 2323 quod
2236 2257 2357 2307 ideo
2387 2255 2584 2307 factum

1515 2337 1803 2399 videretur,
1827 2350 1895 2386 ne
1932 2335 2126 2387 tribuni
2164 2335 2334 2398 plebis
2372 2334 2585 2383 summis

1516 2411 1909 2475 magistratibus
1927 2411 2120 2460 honore
2139 2416 2488 2474 oequarentur.
2513 2409 2587 2458 At

1519 2486 1654 2538 bene
1700 2486 1934 2537 ostendit
1982 2485 2241 2546 Norisius,
2276 2486 2328 2535 in
2365 2484 2587 2534 nummis

1517 2563 1798 2620 Maxentii,
1853 2577 2152 2626 processum
2222 2561 2452 2627 ejusdem
2517 2560 2583 2610 ad

1517 2637 1752 2689 edendos
1773 2639 1924 2689 ludos
1965 2636 2219 2702 exhiberi,
2256 2636 2586 2701 eundemque

1517 2723 1744 2766 stantem
1799 2714 1853 2765 iu
1909 2713 2169 2780 quadriga
2221 2713 2584 2778 triumphalem

1516 2791 1768 2856 conspici,
1806 2790 2086 2855 adscriptis
2110 2790 2188 2839 bis
2212 2790 2423 2840 verbis:
2461 2802 2582 2839 rut..

1517 2879 1746 2917 vaccas.
1768 2879 2003 2917 cousvr..
2035 2877 2170 2916 avo.
2197 2878 2256 2916 ιε.
2276 2867 2310 2916 i.
2329 2880 2379 2915 e.
2401 2865 2418 2895 ‘
2434 2866 2584 2915 Felix

1516 2944 1800 2995 Processus
1823 2943 2065 2996 Consulis
2082 2942 2329 3008 ‘Augusti
2368 2941 2588 2994 Nostri.’

1511 3023 1601 3074 Sic
1640 3023 2070 3087 legimus,·etiam
2108 3021 2277 3072 adhuc
2309 3020 2587 3079 Theodosii

1511 3100 1846 3164 imperatoris
1900 3099 2219 3163 temporibus
2264 3100 2281 3129 ‘
2303 3098 2593 3159 ,consulem

1513 3174 1828 3234 suffectum,'
1853 3177 1906 3226 in
1942 3174 2257 3226 celebritate
2290 3173 2478 3225 natalis
2502 3187 2587 3224 ur·

1511 3252 1594 3303 bis
1613 3253 1808 3315 Romae,
1823 3254 1841 3284 ⁴
1854 3266 2010 3303 curru
2026 3258 2232 3303 vectum
2247 3250 2402 3303 esse.’
2437 3251 2585 3316 Sym·

1513 3330 1726 3379 machus
1747 3328 1905 3388 enim,
1933 3329 2103 3394 Epist.
2127 3342 2208 3379 tv·
2224 3333 2309 3379 40.
2332 3328 2444 3378 haec
2468 3339 2585 3376 nar-

1516 3414 1633 3458 rat:
1669 3415 1685 3438 ‘
1704 3406 1839 3457 Illud
1879 3412 1998 3457 ante
2022 3406 2194 3456 omnia
2217 3402 2585 3467 interpretatio

1516 3484 1683 3535 tristis
1735 3483 2012 3539 horrescit,
2055 3481 2196 3547 quod
2242 3481 2398 3531 natali
2442 3479 2585 3530 urbis

1515 3558 1793 3610 suffectum
1813 3559 2077 3610 consulem
2100 3571 2303 3621 currus,
2317 3570 2418 3621 quo
2442 3556 2584 3605 inve·

1514 3636 1758 3692 bebatur,
1797 3634 1993 3684 evolvit
2027 3647 2121 3697 per
2151 3631 2401 3682 ferociam
2436 3630 2584 3694 biga·

1516 3720 1650 3774 rum,
1670 3725 1788 3775 quas
1814 3710 2128 3772 triumphurn
2153 3708 2429 3758 vehebant.
2478 3708 2586 3757 Ita·

1516 3803 1617 3854 que
1642 3789 1872 3851 palmata
1895 3785 2133 3843 amictus,
2157 3790 2211 3835 et
2233 3784 2488 3835 consulari
2508 3783 2585 3833 in·

1515 3866 1674 3930 signis
1709 3869 1919 3927 ornatu,
1957 3861 2129 3912 fracto
2159 3875 2314 3912 crure
2345 3859 2583 3912 sublatus

1515 3940 1632 3994 est!
1693 3943 1835 3993 Dum
1855 3953 1977 3989 vero
1996 3938 2233 3989 Norisins
2251 3935 2444 3987 ibidem
2461 3950 2587 4003 con,-

1516 4027 1601 4080 tra
1623 4015 2043 4068 Chimentellium
2068 4019 2249 4077 negat,
2270 4015 2323 4063 in
2349 4012 2443 4063 tali
2465 4010 2608 4064 cur-⁵

1516 4111 1577 4147 ru
1600 4094 1758 4145 etiam
1783 4091 2006 4157 positam
2044 4077 2213 4140 fuisse*
2228 4089 2406 4139 sellam
2431 4102 2584 4139 curu·

1514 4173 1654 4233 iern3
1705 4168 1902 4225 nescio,
1956 4165 2215 4232 quomodo
2269 4163 2587 4230 explicanda

1514 4251 1619 4302 sint
1655 4245 1815 4300 verba
1849 4243 2108 4295 Ammiani
2144 4243 2461 4300 Marcellini,
2496 4240 2586 4308 qui
