3017 4942
781 381 846 429 c.
894 380 1134 432 mann
1184 380 1522 433 suevum
1575 383 1848 437 mune.
1926 386 1977 435 1.
2021 369 2132 439 86.

342 525 519 576 mereri
539 532 642 575 non
665 537 872 588 semper
891 523 1125 588 ἀξιοῦσθαι
1148 524 1406 592 significa-

345 615 423 665 re,
446 602 537 651 sed
562 609 618 651 et
635 599 911 664 τνγχόνω.
934 604 1088 656 Idem.

412 679 633 729 Nimium
651 678 833 742 sortis]
875 681 923 731 1.
967 696 1015 732 e.
1048 682 1262 734 nimium
1300 683 1410 734 ani·

342 768 534 819 mosns,
556 765 615 806 et
645 757 959 809 obstinatus.
1022 758 1107 809 Ad
1148 760 1412 811 notionem

336 829 494 892 fortis
536 834 919 899 explicandam,
941 844 1005 886 ea
1037 834 1256 901 faciunt,
1289 850 1408 902 qun

342 922 520 973 supra,
543 911 608 960 ad
646 924 854 962 xxxvt-
892 916 942 962 4.
965 916 1227 965 annotavi.
1261 921 1276 944 ⁸
1296 914 1411 965 Du-

343 984 469 1046 rns,’
482 987 517 1037 i.
536 1003 583 1036 e.
599 988 903 1053 inurbanus,
918 991 1243 1049 inhumanus,
1259 982 1411 1056 poene

345 1065 566 1126 agrestis
587 1080 603 1126 ς
637 1066 770 1116 sicut
792 1067 907 1119 Cic.
932 1060 1029 1131 pro
1055 1069 1134 1118 M.
1156 1070 1339 1129 Coetio,
1364 1084 1411 1120 c.

342 1144 426 1190 15.
445 1142 461 1168 ‘
478 1141 566 1190 Sin
587 1150 760 1192 autem
783 1143 1026 1194 urbanius
1042 1159 1124 1194 me
1139 1160 1296 1210 agere
1316 1146 1416 1208 vis,

250 1225 262 1235 ·
343 1217 423 1266 sic
447 1231 593 1280 agam
617 1224 791 1268 tecum
811 1235 828 1281 ς
863 1222 1146 1273 removebo
1168 1224 1311 1274 illum
1330 1238 1409 1274 se·

344 1308 464 1344 nem
497 1295 702 1359 durum,
724 1309 787 1346 ac
811 1312 960 1362 paene
983 1308 1260 1362 agrestem.
1330 1301 1412 1351 Ex

340 1369 422 1422 his
469 1371 629 1435 igitur
672 1374 777 1423 tuis
815 1389 1011 1425 sumam
1060 1378 1304 1443 aliquem,
1349 1394 1412 1430 ac

341 1448 666 1513 potissimum
687 1449 948 1501 minimum
968 1451 1202 1518 fratrem,
1223 1455 1311 1520 qni
1332 1462 1413 1506 est

341 1527 396 1576 iu
421 1526 520 1576 isto
560 1541 754 1591 genere
796 1528 1202 1580 urbanissimus?
1269 1532 1410 1582 Plin.

340 1613 543 1659 noster,
562 1602 730 1668 Epist.
751 1618 808 1655 x.
830 1608 944 1655 107.
960 1612 975 1635 ‘
996 1606 1194 1657 Durum
1210 1610 1415 1674 putavi,

340 1694 568 1744 negare3
590 1696 706 1731 cum
721 1682 927 1747 scirem,
954 1692 1197 1748 quantam
1217 1686 1413 1737 soleres

342 1758 564 1808 militnm
584 1759 827 1823 precibus
853 1760 1160 1824 patientiam
1179 1762 1411 1814 humaui·

343 1837 612 1897 tatemque
638 1833 930 1898 prestare!
952 1835 1103 1887 Idem.

409 1912 530 1962 Nisi
570 1914 720 1979 quod]
758 1913 839 1963 De
876 1913 956 1964 his
995 1916 1263 1979 particulis
1298 1918 1412 1968 liaec

342 1998 723 2042 commentatus
742 1998 823 2041 est
843 1992 1129 2043 cellarius:
1167 1993 1305 2044 Usus
1326 2008 1413 2043 vo·

341 2082 461 2118 cnm
475 2067 570 2117 iiisi
583 2070 724 2131 quod,
738 2082 831 2133 pro
848 2075 863 2098 ⁸
876 2068 1412 2134 praeterquamquod,’

342 2158 516 2210 neque
540 2159 705 2207 rarus,
723 2159 821 2194 nec
845 2145 1111 2209 inelegans
1134 2154 1216 2196 est
1241 2161 1257 2208 ς
1293 2147 1412 2197 ideo

344 2222 411 2272 ab
438 2222 593 2271 Valla
614 2221 860 2285 Elegant.
882 2236 947 2272 ιι.
969 2226 1052 2277 19.
1068 2237 1139 2272 ex
1162 2223 1415 2277 Quinctil.

341 2297 519 2348 Instit.
544 2312 597 2346 v.
640 2301 721 2348 11.
745 2303 800 2348 et
837 2314 868 2348 a
899 2299 1193 2350 Tursellino
1215 2314 1281 2350 ex
1305 2301 1415 2351 Cic.

342 2375 516 2439 Epist.
540 2389 670 2425 xm.
698 2380 743 2427 l.
775 2375 1186 2427 commendatus.
1256 2377 1411 2428 Adde

346 2452 499 2505 Curt.
522 2467 601 2504 tv.
625 2458 705 2504 14.
726 2456 810 2503 22.
876 2452 951 2504 At
984 2454 1088 2504 hoc
1115 2453 1230 2504 loco
1265 2453 1411 2504 vide-

343 2536 434 2579 tur
453 2532 578 2593 quod
601 2530 914 2586 redundare,
935 2538 1043 2587 aut,
1078 2530 1121 2589 si
1159 2529 1411 2580 incidere·

343 2613 431 2656 tur
461 2607 601 2656 inter
632 2607 729 2656 nisi
761 2612 817 2656 et
844 2608 985 2671 quod,
1016 2606 1212 2672 aliquid
1232 2608 1286 2656 in
1307 2604 1411 2657 fine

344 2685 550 2747 deesse,
569 2685 838 2734 desiderare
855 2685 1142 2748 principem,
1163 2692 1291 2748 puta
1309 2698 1411 2733 mo·

341 2763 528 2818 luisset,
570 2769 663 2811 aut
703 2762 887 2811 simile.
952 2763 1112 2826 Ergo,
1142 2763 1240 2811 uisi
1270 2764 1410 2826 quod,

341 2836 395 2889 h.
441 2840 475 2887 l.
521 2847 579 2889 ut
622 2840 889 2902 singulare
934 2839 1106 2889 notari
1163 2847 1410 2890 meretur.

347 2915 620 2966 Hactenus
645 2916 933 2979 cellarius3
969 2917 1120 2980 cnjus
1155 2918 1410 2967 annotati·

343 3007 442 3042 one
479 2992 745 3045 inductum
782 3008 893 3044 esse
914 2994 1205 3044 Gesnerum
1243 2996 1411 3059 suspi-

344 3085 450 3127 cor,
494 3079 553 3121 nt
601 3071 664 3120 ad
711 3071 847 3121 hunc
886 3074 1055 3121 locum
1103 3074 1408 3137 scripserit:

343 3148 499 3213 Vide,
543 3162 713 3198 annon
750 3148 1041 3199 ordinatius
1076 3147 1208 3201 fluat
1245 3150 1412 3201 oratio

344 3226 451 3275 sic:
493 3227 607 3286 nisi,
641 3228 762 3290 quod
799 3241 933 3289 poene
971 3227 1073 3287 ipso
1111 3227 1413 3276 contubernio

337 3302 572 3367 principis
577 3304 777 3363 felicius
785 3303 1132 3366 jucundiusque
1144 3304 1414 3366 est,deside·

342 3385 477 3429 rar-et
493 3380 756 3444 principem
776 3381 1136 3431 desiderantem.
1195 3382 1411 3439 Verum,

344 3455 529 3521 siquid
546 3456 792 3521 judicare
816 3472 1041 3521 possum,
1056 3457 1142 3507 bic
1159 3458 1305 3507 locus
1324 3473 1413 3507 ne·

345 3548 450 3600 que
472 3533 831 3599 supplemento
852 3534 1092 3599 quodam,
1116 3549 1285 3599 neque
1310 3536 1415 3583 ulla

344 3610 688 3667 correctione,
714 3610 932 3675 indiget.
997 3612 1172 3660 Etiam
1190 3612 1413 3661 Arntze·

342 3687 463 3736 nius
478 3688 592 3752 jam
610 3688 827 3751 monuit,
840 3690 969 3738 lianc
982 3688 1296 3737 locutionem
1312 3703 1410 3738 non

345 3765 478 3815 adeo
518 3765 828 3828 singularem
865 3780 999 3822 esse,
1037 3773 1099 3814 ut
1133 3764 1411 3814 Cellarium

347 3840 593 3890 debuerit
626 3841 841 3901 morari;
877 3855 975 3904 qua
1006 3839 1073 3889 de
1107 3854 1291 3890 caussa
1326 3855 1410 3890 ex-

345 3917 532 3966 citavit
567 3917 851 3966 Burmann.
887 3916 951 3964 ad
987 3916 1201 3968 Sueton.
1228 3917 1412 3967 Vitell.

343 4007 464 4056 cap.
484 3998 535 4042 7.
569 3999 623 4042 et
652 3993 949 4044 Duckerum
987 3991 1054 4043 ad
1089 3994 1224 4046 Flor.
1264 4009 1302 4044 1.
1331 4000 1414 4047 22.

344 4070 464 4132 Ego
490 4084 612 4119 vero
646 4077 793 4135 puto,
828 4071 959 4120 hanc
992 4071 1156 4135 ipsam
1195 4072 1411 4122 locutio—

345 4160 468 4196 nem
508 4147 726 4210 primum
746 4148 954 4210 quidem
991 4148 1218 4211 speciem
1254 4161 1412 4213 quan·

346 4223 466 4272 dam
508 4223 789 4287 pleonasmi
825 4239 935 4287 prae
975 4239 1031 4274 se
1066 4223 1229 4286 ferre,
1259 4223 1416 4274 sicuti

342 4299 461 4350 istae
504 4301 793 4364 particulae,
830 4299 962 4351 ‘nisi
1003 4300 1083 4359 si,²
1123 4301 1293 4368 ‘quod
1336 4299 1416 4361 si,’

2378 373 2558 441 1049

1482 528 1586 578 dec.
1618 527 1711 579 sed
1746 542 1804 577 re
1829 528 1944 593 ipsa
1966 529 2130 594 ma'gis
2154 527 2370 595 ἕλλόιψιν
2391 532 2558 583 invol-

1485 618 1628 666 vere,
1659 619 1757 669 per
1776 620 1928 671 quam
1963 602 2143 657 auctor
2172 622 2228 657 se
2260 605 2409 673 qua‘si
2440 623 2557 660 cor·

1486 683 1663 745 rigat3
1709 690 1870 748 etque
1900 683 2032 732 adeo
2066 684 2205 733 illam
2245 684 2556 748 partientem

1485 759 1835 825 exceptivam,
1856 759 1971 823 nisi,
1996 774 2090 823 pro
2115 767 2130 788 ‘
2147 760 2277 824 sed,'
2304 762 2412 812 sive
2435 762 2450 825 f
2470 777 2557 811 ve·

1486 837 1640 900 rum,'
1673 837 1829 902 poni3
1868 837 2177 900 particulam
2223 844 2395 889 antem
2433 841 2558 903 quod

1485 928 1601 963 esse
1654 921 1714 964 et
1763 927 1975 963 manere
2023 915 2331 964 caussalem.
2394 916 2555 966 Hune

1486 989 1649 1053 igitur
1671 990 1723 1040 in
1747 989 1953 1040 modum
1977 990 2073 1040 hoc
2095 992 2213 1043 loco
2236 993 2338 1043 vim
2371 993 2554 1042 harum

1488 1066 1860 1130 particularum
1899 1068 2297 1130 explicatiorem
2333 1069 2555 1120 reddere

1485 1138 1638 1205 posse
1682 1141 1893 1193 videor:
1939 1145 2012 1193 Et
2048 1143 2267 1204 fecisset,
2307 1130 2554 1210 retroque

1487 1221 1787 1285 navigasset
1827 1221 2108 1285 proefectns
2148 1226 2426 1288 praetorii3
2474 1241 2553 1276 ve·

1485 1313 1596 1347 rum
1655 1298 1774 1348 ideo
1829 1313 1933 1349 non
1997 1298 2146 1365 fecit,
2201 1305 2325 1365 quod
2387 1303 2450 1366 (i.
2506 1317 2555 1353 e.

1487 1373 1638 1439 quia)
1677 1389 1810 1439 poenc
1845 1376 1947 1438 ipso
1985 1376 2287 1428 coutubernio
2323 1379 2558 1442 principis

1474 1452 1675 1513 felicius
1725 1448 2075 1518 jucundiusque
2130 1462 2220 1514 est,
2287 1458 2558 1506 desiderare

1481 1531 1745 1594 principem
1797 1531 2160 1582 desiderantem.
2250 1533 2555 1598 Cujusmodi

1487 1607 1763 1658 locutionis
1817 1621 1920 1656 non
1979 1622 2142 1671 panca
2190 1617 2380 1674 praesto
2434 1616 2557 1659 sunt

1483 1675 1769 1746 exempla3
1815 1677 1865 1733 v}
1911 1683 2131 1746 gneio.
2179 1683 2344 1733 Attic.
2396 1698 2463 1739 n.
2506 1688 2558 1733 1.

1485 1761 1501 1788 ‘
1524 1759 1873 1809 Tusculanum
1927 1765 1983 1809 et
2038 1759 2415 1824 Pompeianum
2471 1773 2555 1808 me

1488 1837 1637 1887 valde
1661 1837 1957 1896 delectant;
1992 1836 2090 1886 nisi
2123 1835 2260 1901 quod
2297 1850 2379 1885 me
2410 1836 2555 1887 illum

1485 1915 1652 1979 ipsum
1687 1914 1947 1964 vindicem
1983 1913 2100 1964 aeris
2135 1913 2292 1964 alieni
2323 1928 2424 1963 aere
2455 1928 2555 1964 non

1488 1990 1778 2054 Corinthio,
1831 1989 1923 2039 sed
1971 1990 2069 2039 hoc
2120 1988 2553 2046 circumforaneo,

1487 2065 1807 2139 obruerunt,’
1841 2069 1876 2118 i.
1900 2083 1948 2117 e.
1982 2082 2159 2117 verum
2187 2067 2327 2131 ideo,
2353 2069 2460 2116 sive
2492 2081 2556 2118 ea

1486 2161 1554 2196 ex
1577 2154 1749 2211 parte,
1771 2159 1853 2195 me
1877 2160 1979 2195 non
2002 2145 2290 2208 delectant,
2313 2143 2449 2210 qnod
2474 2160 2556 2194 me

1485 2223 1793 2287 obruerunt,
1814 2224 1915 2273 διο.
1981 2223 2151 2272 Varro
2175 2222 2327 2287 Ling.
2361 2223 2480 2271 Lat.
2501 2236 2557 2271 v.

1485 2303 1538 2350 2.
1572 2299 1755 2352 ‘Quod
1780 2304 2105 2361 nocet,nox;
2139 2298 2386 2364 nisiquod
2409 2299 2557 2355 Grae÷

1485 2391 1549 2426 ce
1585 2375 1682 2439 νὺξ,
1713 2375 1854 2439 nox,’
1888 2375 1922 2424 i.
1947 2389 1996 2425 e.
2028 2391 2199 2426 verum
2231 2379 2248 2404 ⁴
2269 2389 2373 2425 nox
2392 2374 2406 2398 '
2439 2376 2556 2424 ideo

1486 2468 1591 2503 non
1636 2453 1760 2503 duci
1812 2459 1988 2517 potest
2041 2468 2070 2501 a
2113 2452 2371 2515 nocendo,
2416 2453 2555 2517 quod

1486 2528 1681 2580 Graece
1702 2527 1797 2591 νὺξ,
1820 2543 1936 2585 uox,
1958 2526 2164 2578 dicitnr.
2220 2528 2419 2584 Plinius
2442 2542 2557 2594 nos,

1486 2615 1590 2669 ter,
1609 2607 1778 2671 Epist.
1800 2619 1925 2655 vm.
1961 2610 2042 2654 Π.
2076 2607 2092 2633 ‘
2111 2606 2249 2655 Nam
2285 2606 2554 2669 parvulum

1486 2684 1684 2743 differt,
1724 2684 1940 2748 patiaris
1980 2683 2217 2737 adversa,
2257 2695 2323 2731 an
2363 2696 2556 2747 expec-

1487 2768 1600 2812 tes:
1637 2761 1734 2810 nisi
1756 2759 1894 2825 quod
1919 2767 2090 2808 tamen
2122 2758 2185 2823 (i.
2213 2772 2262 2806 e.
2285 2771 2459 2807 verum
2486 2772 2553 2825 ext

1486 2854 1549 2889 ea
1574 2847 1746 2889 tamen
1771 2844 1921 2901 parte
1942 2833 2139 2899 differt,
2159 2833 2326 2898 quod)
2360 2841 2442 2884 est
2465 2834 2555 2883 dos

1485 2914 1627 2965 leudi
1646 2914 1856 2977 modus3
1888 2928 1988 2962 non
2007 2919 2085 2963 est
2106 2910 2350 2960 timendi.'
2383 2909 2563 2976 Idem,

1488 2995 1657 3057 Epist.
1685 3006 1761 3042 v1.
1782 2996 1864 3041 21..
1897 2993 1913 3018 ⁸
1933 2991 2084 3040 Circa
2117 3003 2200 3038 me
2237 2994 2435 3037 tantum
2461 2988 2553 3047 be,-

1486 3071 1743 3134 nignitate
1768 3068 1970 3116 modum
1993 3065 2247 3125 excessit3
2284 3063 2555 3128 nisi,qnod

1486 3156 1659 3197 tamen
1695 3146 1756 3210 (i.
1790 3159 1838 3195 e.
1870 3158 2046 3193 verum
2084 3150 2256 3192 tamen
2293 3141 2413 3192 ideo
2447 3157 2557 3191 mo.-

1486 3224 1609 3274 dum
1633 3237 1736 3272 non
1769 3221 2015 3282 excessit,
2035 3219 2200 3284 qnod)
2223 3218 2389 3282 poe'tis
2414 3233 2557 3278 menf

1487 3300 1578 3350 tiri
1618 3297 1778 3348 licet.'
1843 3297 2058 3346 Sueton.
2103 3295 2304 3345 Domit.
2345 3309 2467 3358 cap.
2505 3299 2556 3344 4.

1486 3384 1500 3406 ‘
1520 3373 1885 3426 Assidentibns
1903 3372 2047 3422 Diali
2067 3370 2426 3428 sacerdote,et
2448 3369 2556 3420 col-

1487 3453 1626 3515 legio
1667 3450 1999 3505 Flavialium,
2034 3448 2148 3512 pari
2192 3446 2406 3518 liabitu3
2459 3445 2557 3497 nisi

1488 3528 1628 3593 quod
1665 3527 1726 3592 (i.
1769 3540 1817 3575 e.
1853 3539 2031 3574 verum
2067 3538 2132 3571 ex
2166 3538 2227 3572 ea
2261 3529 2409 3587 parte
2450 3537 2553 3573 non

1489 3620 1588 3669 par
1609 3613 1727 3654 erat
1749 3602 1978 3663 habitus,
1998 3598 2161 3664 quod)
2185 3598 2384 3648 illorum
2407 3614 2556 3648 coro-

1488 3681 1569 3729 nis
1606 3678 1779 3728 inerat
1823 3683 1880 3726 et
1922 3676 2085 3739 ipsius
2123 3674 2330 3737 imago!
2395 3675 2556 3725 Ovid.

1487 3754 1711 3806 Heroid.
1736 3753 1909 3816 Epist.
1944 3766 2112 3802 xvur.
2147 3755 2226 3801 11.
2262 3758 2277 3782 ·
2298 3752 2557 3802 Ascensu-

1488 3846 1577 3882 rus
1598 3845 1740 3881 eram
1761 3846 1777 3892 ς
1810 3829 1906 3877 nisi
1932 3827 2068 3892 quod
2092 3829 2154 3892 (i.
2179 3843 2226 3877 e.
2249 3843 2424 3877 verum
2450 3844 2553 3878 non

1487 3910 1890 3970 adscendebant,
1905 3905 2068 3970 quod)
2088 3922 2201 3956 cum
2225 3907 2423 3956 vincula
2440 3922 2558 3970 pro·

1487 4005 1560 4040 rae
1591 3989 1852 4043 Solveret,
1875 3984 1926 4033 in
1954 3982 2182 4047 speculis
2218 3984 2380 4034 omnis
2404 3981 2553 4047 Aby-

1485 4067 1582 4117 dos
1604 4063 1755 4115 erat.'
1788 4064 1937 4112 Idem.

1558 4138 1876 4191 Contubernio
1910 4136 2166 4201 principis]
2203 4136 2249 4186 Ι.
2275 4150 2324 4186 e.
2348 4138 2554 4188 convic-

1487 4227 1569 4277 tu,
1604 4225 1659 4268 et
1696 4217 1878 4267 intima
1909 4212 2262 4262 familiaritate
2287 4212 2555 4276 principis.

1490 4299 1774 4349 castrense
1814 4298 1896 4343 est
1932 4289 2259 4348 vocabulum,
2296 4303 2412 4341 cum
2457 4303 2554 4354 pro
