3017 4942
758 390 824 437 c.
870 389 1116 439 unm
1161 387 1492 441 sucmtm
1542 389 1820 441 mune.
1895 391 1949 444 1.
1989 375 2102 444 39.

325 531 440 605 vita
459 530 632 597 potita
654 539 756 597 eat,
778 534 969 599 rapina
986 534 1116 585 illud
1138 534 1393 599 cogitant,

327 610 452 674 quid
475 610 646 674 possit
665 611 729 675 ia,
747 613 893 676 cujus
916 613 968 664 in
994 613 1195 663 ditione
1218 628 1279 664 ac
1299 629 1392 678 po·

326 690 529 735 testate
567 695 713 750 suut,
744 701 897 753 quam
922 688 1046 754 quid
1087 689 1279 739 debeat
1312 689 1388 740 fa·

325 763 479 814 cere.'
579 765 687 815 Hic
743 766 1058 830 intelligitur
1119 767 1136 797 ⁸
1157 773 1392 830 potestas

323 839 539 904 patria,'
574 855 689 904 quae
711 843 937 892 naturali
964 842 1168 893 ratione
1190 850 1272 893 eat
1296 844 1388 907 jua

322 914 536 980 utrique
561 916 770 978 parenti
790 926 1090 981 competens
1125 918 1179 967 iu
1214 932 1388 982 pereo-

323 1004 438 1047 naa,
460 991 720 1055 actiones,
753 1001 810 1044 et
845 995 983 1045 bona
1013 995 1310 1056 liberorum,
1332 1001 1391 1046 ut

324 1080 391 1117 eo
415 1067 726 1131 dirigantur,
763 1077 824 1120 ut
844 1070 1127 1121 liberorum
1164 1070 1387 1123 felicitae

325 1150 384 1193 et
423 1145 709 1195 communis
759 1144 966 1196 familia
1010 1148 1388 1211 societatisque

324 1220 563 1271 humanae
609 1223 829 1286 utilitas,
883 1232 1210 1287 procuretur.
1309 1226 1389 1276 Ea

320 1294 438 1359 ipsa
460 1302 716 1360 potestas,
733 1301 1015 1350 secuudum
1039 1302 1184 1365 leges
1199 1301 1387 1353 Roma-

325 1385 440 1438 nas,
463 1387 566 1423 non
590 1376 754 1425 nolum
777 1384 948 1428 morte
970 1379 1155 1442 patrie,
1178 1379 1269 1429 sed
1290 1379 1390 1430 eti-

325 1461 409 1502 am
452 1450 681 1502 maxima
723 1457 781 1502 et
823 1454 998 1504 media
1050 1456 1390 1508 diminutione

325 1524 514 1589 capitia
569 1528 734 1590 patria
783 1531 868 1580 vel
925 1529 1054 1595 filii;
1131 1540 1388 1597 praterea

327 1603 765 1667 emancipatione,
785 1613 841 1657 et
878 1606 1159 1672 adoptione
1195 1610 1262 1660 ab
1294 1610 1387 1661 ad-

326 1679 619 1732 scendente
642 1679 804 1744 facta,
840 1684 1158 1736 solvebatur.
1222 1686 1390 1739 Juati·

326 1754 466 1805 nian.
507 1756 686 1807 Instit.
726 1759 829 1810 Tit.
873 1760 1057 1826 quibua
1101 1762 1268 1813 modia
1298 1766 1388 1827 jue

323 1832 512 1893 patriae
551 1835 833 1897 potestatis
873 1838 1113 1888 solvitur.
1192 1840 1388 1891 Secun-

326 1908 448 1964 dum
475 1923 603 1959 vero
617 1910 707 1974 jus
731 1920 957 1975 uaturae,
979 1928 1044 1964 ea
1066 1915 1175 1965 dici
1212 1923 1391 1980 potest

322 1991 604 2049 perpetua,
627 1990 1196 2053 propterindelebilem
1213 2001 1390 2059 pater-

323 2062 507 2114 nitatis
564 2065 925 2118 characterem
982 2076 1040 2121 et
1109 2086 1391 2136 perennem

320 2145 655 2203 paternorum
672 2143 975 2194 meritorum
1000 2146 1393 2199 beneficiorum·

319 2231 422 2282 que
444 2216 713 2283 fructum3
746 2224 981 2285 quamvis
1015 2238 1140 2274 usus
1161 2234 1217 2275 et
1240 2240 1391 2277 exer-

321 2295 510 2349 citium
556 2297 667 2359 ejus
707 2301 989 2362 potestatis
1042 2316 1138 2365 pro
1186 2304 1391 2354 ratione

319 2371 438 2423 linia
463 2373 865 2428 determinetur.
897 2380 1074 2444 Certe,
1095 2395 1161 2430 ex
1172 2380 1388 2446 ,legibue

322 2451 659 2509 naturalibus
692 2453 980 2505 honentatis
1002 2462 1059 2506 et
1095 2457 1294 2519 decori,
1327 2458 1388 2508 li·

322 2526 436 2577 beri
471 2541 683 2592 semper
716 2538 771 2580 et
795 2546 892 2595 per
912 2546 1115 2583 omnem
1154 2542 1388 2591 etatem.

304 2602 529 2656 ³etiamai
548 2619 577 2653 e
600 2603 796 2657 familia
818 2609 1040 2672 egressi,
1052 2610 1212 2661 etiam
1235 2625 1388 2674 grau·

319 2679 418 2732 dea
457 2689 516 2731 et
552 2682 718 2733 adulti
747 2698 810 2735 ac
845 2692 997 2748 patre
1033 2686 1296 2752 digniore·
1331 2696 1390 2740 et

320 2758 674 2823 potentiores,
710 2768 769 2811 ut
803 2770 950 2816 recte
974 2771 1150 2815 mouet
1179 2766 1389 2831 Lipeiua

323 2835 389 2886 ad
428 2836 483 2886 h.
526 2838 562 2886 1.
606 2838 971 2892 auctoritatem
1008 2849 1277 2904 parentum
1308 2857 1390 2896 re-

323 2914 496 2964 vereri
517 2913 736 2968 debent.
800 2917 918 2969 Qua
941 2916 1010 2967 de
1034 2933 1091 2968 re
1128 2920 1280 2983 plura
1300 2935 1388 2971 ex-

324 2991 469 3053 poaui
515 2991 566 3041 iu
613 2992 966 3056 disputatione
998 2995 1070 3046 de
1109 2997 1389 3048 Limitibua

324 3064 552 3119 Pietatis
594 3068 897 3122 Liberorum
933 3085 1061 3137 erga
1111 3073 1392 3126 Parentes.

328 3143 576 3197 Solamen.

332 3271 339 3276 ,
376 3225 529 3276 cn.
564 3239 773 3277 xxxix.
834 3228 1104 3280 Abdaliue
1131 3229 1388 3295 aimone]

324 3303 370 3354 Ι.
392 3317 444 3353 e.
466 3306 723 3356 exemisse
740 3306 1123 3366 vicesimae‚aut
1142 3308 1394 3359 liberatae

324 3387 382 3431 et
404 3379 698 3434 vindicasse
721 3382 788 3432 ob
805 3396 965 3433 onere
987 3384 1265 3434 viceaimoe.
1298 3385 1390 3435 Sic

322 3457 559 3523 loquitur
583 3458 781 3508 Plinius
814 3459 973 3510 etiam
1011 3460 1184 3523 Epist.
1206 3475 1284 3512 vr.
1308 3466 1391 3512 20.

330 3538 412 3586 11.
462 3536 480 3563 ‘
508 3532 780 3598 effusoque
826 3549 984 3584 cursu
1027 3535 1262 3598 periculo
1306 3551 1392 3587 au·

322 3608 533 3668 fertur,'
566 3612 605 3662 i.
629 3626 675 3661 e.
702 3611 954 3664 liberatur
976 3628 1007 3661 a
1031 3612 1282 3680 periculo.
1315 3613 1391 3663 A·

317 3685 449 3741 liam
464 3694 785 3741 atructuram
804 3689 960 3754 nujus
983 3690 1131 3740 verbi
1153 3691 1391 3755 sequitur

319 3765 504 3816 Plaut.
525 3767 582 3815 in
605 3766 752 3818 Asin.
775 3757 814 3816 t.
837 3770 886 3816 3.
910 3770 990 3816 11.
1009 3767 1189 3817 ‘Solus
1211 3768 1390 3818 aolitu·

320 3840 442 3891 diue
489 3848 542 3891 te
574 3849 731 3907 atque
775 3842 844 3892 ab
882 3849 1119 3907 egestate
1158 3842 1392 3905 abstuli,’

321 3919 358 3969 i.
380 3933 430 3970 e.
451 3918 676 3970 liberavi
699 3926 756 3969 et
779 3918 1037 3969 vindicavi
1080 3927 1133 3968 te
1157 3932 1190 3968 a
1210 3919 1389 3969 aolitu-

320 3994 441 4046 dine
464 4004 521 4046 et
544 4003 800 4060 egestate.
868 3996 1165 4046 Censentur
1186 4010 1310 4046 vero
1336 3996 1389 4046 in

322 4073 497 4136 primo
512 4073 839 4136 cognationis
862 4071 1047 4146 gradu,
1079 4079 1250 4136 pater,
1284 4087 1390 4123 ma-

288 4139 291 4142 ’
325 4157 427 4212 ter,
449 4149 638 4212 liberi;
673 4150 727 4198 in
751 4148 982 4202 secundo
1004 4148 1187 4212 gradu,
1202 4146 1390 4206 frater.

324 4239 653 4300 toron-,avum
676 4225 812 4286 avia,
827 4226 1212 4290 neptimnepoa.
1249 4223 1391 4275 Vide

322 4302 457 4357 <Iulii
488 4300 669 4356 Paulli
684 4302 935 4356 sentent.
957 4303 1181 4367 Recept.
1201 4301 1294 4356 lib.
1308 4316 1393 4355 ivs

1467 535 1553 586 tit.
1573 539 1650 587 11.
1672 536 1739 586 de
1763 535 2047 587 Gradibua.
2081 537 2237 587 Idem.

1529 615 1731 664 Excutit
1751 614 1993 679 cavitque]
2025 614 2137 665 Sub
2171 615 2325 665 tinem
2353 618 2527 679 proxi·

1463 691 1534 740 mi
1558 692 1747 754 capitia
1769 692 2135 756 alloquebatur
2164 693 2369 743 Plinius
2395 708 2530 757 prae·

1462 774 1663 817 tentem
1686 768 1999 832 Trajanumz
2033 774 2049 796 ‘
2065 769 2142 818 Tu
2164 770 2389 833 quidem,
2412 770 2530 820 (2ae-

1461 857 1566 900 ear,
1621 845 1765 894 illam
1821 844 2188 908 exceptionem
2225 845 2531 898 removisti!

1462 919 1619 971 Nunc
1647 927 1895 987 tanquam
1937 922 2004 971 de
2036 920 2257 971 absente
2294 922 2529 987 loquitur

1461 996 1516 1047 iu
1560 1012 1781 1060 persona
1828 999 2002 1049 tertia.
2084 999 2348 1062 Suspicor,
2386 1001 2525 1049 illam

1462 1088 1699 1138 personae
1725 1077 2087 1137 mutationem,
2108 1091 2225 1140 quaa
2248 1077 2528 1139 aliquoties

1462 1151 1517 1201 in
1552 1153 1649 1202 hoc
1693 1153 2024 1218 Panegyrico
2059 1155 2304 1211 occurrit,
2339 1154 2529 1204 identi-

1462 1228 1583 1280 dem
1605 1230 1899 1295 profectam
1925 1245 2038 1281 esse
2055 1245 2085 1280 a
2103 1231 2261 1280 Plinii
2285 1229 2529 1297 frequen-

1463 1306 1504 1355 ti
1548 1305 1912 1357 emendatione
1947 1305 2195 1357 oratiouie
2230 1321 2368 1368 aum
2404 1307 2527 1357 dum

1462 1382 1616 1433 modo
1638 1397 1705 1432 ex
1728 1398 1821 1432 suo
1843 1383 2072 1447 ingenio,
2089 1383 2240 1433 modo
2262 1396 2329 1432 ex
2352 1383 2529 1433 admo-

1463 1458 1662 1508 uitione
1702 1460 2002 1520 amicorum,
2056 1459 2357 1523 quibuscum
2410 1475 2526 1511 eam

1461 1532 1629 1597 ipsam
1648 1536 1936 1584 orationem
1953 1540 2076 1585 aute
2091 1535 2372 1585 editionem
2386 1550 2527 1585 com-

1460 1610 1839 1674 municaverat,
1859 1610 2094 1674 quoedam
2131 1611 2364 1667 inseruit.
2387 1627 2527 1677 quae·

1463 1683 1583 1734 dam
1607 1686 1816 1743 domuit.
1834 1687 2093 1751 aliterque
2112 1688 2354 1738 mutavit.
2400 1689 2528 1739 Cer·

1464 1766 1535 1818 te.
1570 1762 1614 1812 ai
1649 1763 1765 1828 quis
1798 1763 2078 1828 diligenter
2112 1765 2356 1815 attendat
2390 1765 2527 1816 inter

1463 1837 1757 1904 legendum,
1779 1855 1880 1891 non
1901 1841 2123 1892 obscura
2146 1841 2527 1892 sententiarum

1462 1916 1784 1979 quarundam
1806 1918 1952 1983 quasi
1971 1918 2285 1981 postliminio
2304 1920 2531 1969 interca·

1464 1991 1685 2043 latarum
1726 1994 1949 2056 vestigia
1986 1994 2363 2058 deprehendet.
2430 1995 2530 2046 Ce-

1467 2076 1662 2133 terum,
1691 2071 1949 2120 notandus
1983 2070 2069 2121 hic
2092 2078 2175 2122 est
2209 2087 2331 2122 utus
2353 2072 2527 2136 singu·

1465 2147 1591 2197 laria
1616 2146 1764 2197 verbi
1793 2148 1810 2177 ⁸
1826 2146 2053 2212 cavere,'
2081 2145 2203 2199 du'm
2223 2164 2338 2199 cum
2363 2150 2528 2213 parti-

1465 2225 1585 2274 cula
1627 2229 1683 2274 al
1718 2231 2091 2283 constructum,
2128 2225 2322 2276 dicitur
2357 2226 2426 2277 de
2465 2225 2528 2276 iia

1465 2303 1553 2367 qui
1595 2303 1680 2352 rel
1720 2302 1837 2368 lege
1860 2304 1944 2354 vel
1976 2308 2294 2353 testamento
2330 2303 2528 2368 aliquid

1464 2380 1791 2430 constituunt
1827 2395 1890 2430 ac
1930 2380 2192 2430 aauciunt.
2275 2380 2361 2432 Sic
2404 2393 2528 2430 usus

1465 2463 1549 2508 eat
1571 2456 1671 2507 hoc
1696 2455 1854 2506 verbo
1877 2457 2078 2512 Cicero,
2114 2470 2230 2505 cum
2269 2455 2335 2505 de
2372 2462 2529 2508 testa-

1463 2538 1639 2583 mento
1664 2532 1879 2596 Epicuri
1901 2533 2217 2598 loqueretur,
2234 2533 2348 2581 Fiu.
2367 2545 2430 2581 ιι.
2446 2534 2530 2584 31.

1459 2611 1475 2639 ‘
1498 2609 1759 2672 Epicurus
1783 2642 1799 2657 .
1821 2643 1838 2661 .
1860 2643 1874 2658 .
1895 2616 2003 2658 tam
2032 2615 2277 2658 accurate
2315 2595 2529 2672 tamque

1464 2688 1753 2751 diligenter
1781 2691 1934 2736 cavet
1964 2692 2021 2734 et
2043 2683 2227 2747 raucit,
2262 2690 2324 2733 ut
2365 2683 2526 2748 Amy·

1461 2763 1743 2816 nonachus
1765 2770 1821 2812 et
1835 2759 2405 2822 Timocratea,heredea
2426 2760 2528 2821 sui,

1463 2842 1532 2892 de
1570 2840 1854 2892 Hermachi
1898 2838 2165 2890 sententia
2205 2836 2353 2900 dent,
2385 2838 2526 2902 quod

1463 2920 1591 2970 satia
1619 2919 1708 2975 ait,
1744 2918 1808 2967 ad
1841 2916 1981 2966 diem
2016 2914 2273 2978 agendum
2299 2914 2527 2963 natalem

1462 3010 1609 3047 auum
1630 2993 1945 3061 quotannis!
2012 2993 2226 3043 Sueton.
2257 2990 2455 3042 Domit.
2477 3001 2530 3045 e.

1463 3078 1514 3124 9.
1562 3075 1848 3136 ‘Legatum
1883 3071 2040 3121 etiam
2096 3084 2162 3120 ex
2210 3074 2529 3120 tentamento

1464 3151 1623 3202 Ruaci
1642 3149 1924 3214 Caepionis,
1939 3149 2025 3214 qui
2044 3153 2280 3207 caverat,
2293 3153 2353 3195 ut
2372 3151 2527 3209 quot·

1465 3228 1636 3284 annis,
1666 3223 2078 3289 ingredientibus
2098 3224 2295 3274 curiam
2319 3229 2529 3272 senato·

1466 3305 1627 3361 ribus.
1653 3310 1850 3356 certam
1880 3315 2127 3351 summam
2160 3299 2352 3349 viritim
2392 3313 2530 3363 prm·

1466 3388 1631 3433 staret
1652 3380 1805 3430 herea
1818 3393 1959 3435 suna,
1979 3378 2183 3427 irritum
2201 3374 2364 3426 fecit.’
2396 3375 2529 3424 Cur·

1467 3458 1571 3508 tius
1607 3470 1690 3506 vr.
1723 3460 1805 3505 11.
1842 3459 1925 3505 20.
1958 3455 1974 3483 ‘
2001 3455 2141 3516 Lege
2178 3451 2526 3508 Macedonum

1464 3539 1673 3583 cautum
1696 3532 1760 3596 (i.
1781 3544 1831 3580 e.
1854 3526 2130 3592 sancitum)
2145 3535 2280 3588 erat,
2314 3533 2373 3575 ut
2405 3540 2527 3589 pro·-

1462 3610 1840 3676 piuquieorum
1867 3606 1955 3671 qui
1982 3604 2092 3668 regi
2117 3603 2344 3652 insidiati
2359 3608 2530 3658 eraut.

1463 3701 1582 3739 cum
1626 3686 1749 3751 ipsis
1784 3679 2137 3734 necarentur?
2213 3679 2341 3743 Ipse
2385 3677 2530 3727 Plin.

1465 3765 1637 3828 Epist.
1671 3776 1748 3813 vt.
1792 3765 1843 3811 4.
1887 3767 1904 3791 ⁸
1936 3758 2013 3809 At
2060 3759 2145 3808 ille
2187 3755 2528 3807 mandaverat

1463 3846 1801 3903 caveratque,
1825 3844 1883 3886 ut
1911 3835 2140 3886 divinum
2185 3831 2310 3883 illud
2344 3838 2400 3881 et
2434 3832 2529 3880 im-

1463 3917 1685 3969 mortale
1717 3913 1913 3964 factum
1955 3910 2190 3963 versibus
2228 3908 2531 3961 inscribere·

1463 3991 1584 4045 tur.’
1617 3992 1772 4042 Idem.
2495 4025 2498 4032 -

1530 4070 1631 4119 Hir
1650 4063 1853 4132 quoque]
1886 4066 1952 4116 In
1987 4063 2253 4116 codicibus
2283 4063 2414 4113 Mas.
2433 4062 2527 4114 Sa·

1461 4144 1789 4209 lintburgensi,
1820 4140 2145 4206 Guelpherb.
2180 4147 2236 4189 et
2272 4154 2414 4195 meo.
2432 4154 2529 4202 pro

1463 4222 1586 4277 Hir,
1630 4219 1819 4283 legitur
1854 4218 1945 4270 Iis.
2025 4217 2161 4268 Haec
2206 4218 2531 4281 praenomina

1462 4298 1751 4366 ampiuime
1774 4296 1913 4347 inter
1933 4309 1992 4345 ae
2015 4293 2317 4361 permutari,
2333 4299 2529 4359 praeter
