3017 4942
382 351 515 419 456

431 502 768 576 'DetrahitnrJ
806 515 1107 565 Detrahalur
1147 514 1317 565 Livin.
1354 515 1449 565 sed

385 593 690 642 detrahitur?
721 593 789 642 V.
812 593 871 641 C.
897 592 1061 642 Livin-

452 669 766 733 Detrahunt]
808 670 899 719 Sic
942 670 994 718 in
1034 670 1271 721 omnibus
1322 685 1450 735 quos

389 747 743 797 consuluimus
764 745 1031 797 codicibus
1050 747 1175 796 Mss.
1196 746 1412 811 legimus
1433 763 1449 809 ς

388 839 486 874 uec
510 825 663 873 aliter
686 825 784 874 hoc
811 825 1152 888 verbumjam
1176 826 1449 889 evulgarat

390 901 755 965 Cuspinianus.
821 901 896 952 At
941 901 1211 957 Cellnrim,
1256 901 1450 965 plures-

389 992 491 1043 que
511 985 630 1027 aute
651 992 767 1026 eum
782 977 888 1038 alii,
906 977 1119 1027 edidere
1135 979 1418 1028 detrahatur
1433 993 1454 1037 ,⁶

391 1054 537 1122 quasi
559 1054 814 1118 particula
837 1059 912 1118 ut,
937 1069 967 1104 a
1002 1070 1102 1119 qua
1138 1053 1331 1118 pendet
1353 1055 1451 1104 hoc

390 1130 631 1192 verbum,
671 1131 737 1181 sit
774 1131 1055 1194 caussalis3
1098 1145 1213 1181 cum
1256 1144 1318 1181 ea
1351 1132 1452 1182 hoc

390 1209 506 1259 loco
532 1209 704 1272 potius
729 1206 1020 1258 admirandi
1041 1209 1140 1258 vim
1167 1209 1375 1270 habeat,
1397 1214 1455 1258 et

391 1285 541 1334 simul
568 1299 661 1348 pro
696 1290 710 1312 ‘
730 1284 1021 1348 quomodo'
1057 1292 1296 1349 ponatur.
1365 1285 1456 1335 Ita

392 1360 615 1411 eandem
636 1361 946 1425 particulam
971 1362 1208 1413 adhibuit
1232 1363 1455 1413 Plautus

280 1451 283 1457 ’
390 1439 444 1488 lu
469 1439 734 1503 Captivis:
767 1438 783 1465 4
807 1436 880 1489 Ut
907 1453 1050 1503 saepe
1088 1450 1286 1489 sumina
1316 1439 1457 1504 inge-

388 1517 479 1565 nia
500 1516 554 1566 in
591 1517 794 1567 occulto
826 1516 1059 1579 jacentl’
1091 1517 1368 1569 Terentius
1403 1517 1455 1567 in

392 1590 603 1646 Heant.
636 1595 745 1646 ‘Ut
788 1602 993 1661 praeter.
1027 1610 1174 1661 spem
1216 1596 1420 1646 evenit!
1443 1595 1457 1618 ⁸

393 1673 505 1722 Cic.
531 1673 596 1722 ad
622 1672 895 1722 Atticumx
933 1673 1039 1723 ‘Ut
1061 1672 1148 1723 ille
1170 1679 1277 1723 tum
1291 1674 1457 1723 hurni-

393 1749 476 1812 lis,
502 1756 559 1798 ut
581 1749 853 1807 demissus,
875 1756 990 1798 erat
1010 1748 1022 1797 !
1044 1747 1058 1770 ’
1087 1752 1263 1814 Atque
1287 1750 1361 1800 ita
1385 1750 1461 1811 ip·

393 1839 453 1874 se
477 1834 658 1875 noster
681 1825 881 1875 Plinius
911 1824 1065 1883 infra,
1105 1839 1226 1877 xxr.
1257 1830 1307 1878 4.
1343 1825 1359 1854 4
1383 1827 1460 1877 Ut

396 1916 514 1953 cnm
551 1901 752 1951 civibus
788 1903 909 1959 tuis.
945 1903 1089 1967 qnasi
1123 1918 1240 1955 cum
1277 1903 1458 1955 liberis

398 1992 602 2043 parens,
626 1979 755 2027 vivis
779 1977 811 2029 l’
837 1979 1083 2029 Schwarz.

458 2055 573 2103 Jam
585 2054 846 2118 proceritas
860 2055 1093 2119 corporis]
1111 2056 1251 2120 Ergo
1266 2056 1318 2107 in
1334 2057 1462 2107 Tra·

390 2132 518 2196 jauo
543 2146 719 2180 omnes
750 2131 899 2181 dotes
933 2133 1088 2181 animi
1123 2141 1177 2182 et
1210 2136 1465 2199 corporis,

397 2223 526 2271 quas
561 2208 736 2258 Graeci
764 2206 830 2257 τὰ
864 2210 1029 2274 πρῶτα
1057 2207 1262 2272 φύσεως.
1290 2206 1462 2260 Varro

396 2285 488 2334 lib.
512 2285 576 2333 de
600 2285 736 2334 Phil.
760 2286 775 2314 4
791 2285 1100 2350 primigenia
1120 2286 1153 2347 ς’
1192 2287 1464 2351 Augustin.

400 2362 461 2411 C.
489 2363 555 2412 D.
578 2374 700 2411 xxx.
724 2366 774 2411 2.
806 2363 823 2390 4
842 2363 1006 2427 prima
1028 2361 1225 2414 natura'e
1245 2362 1260 2384 ’
1294 2372 1465 2415 vocat.

398 2438 554 2487 Bern.

465 2515 706 2578 Dignitas
724 2516 846 2581 oris]
858 2517 961 2574 Sic.
977 2517 994 2545 ‘
1010 2517 1139 2567 Erat
1159 2517 1281 2567 Tito
1305 2518 1465 2568 decor

398 2594 523 2656 oris,
557 2608 673 2642 cum
704 2595 926 2658 quadam
961 2594 1274 2659 majestate‚’
1294 2597 1463 2645 Tacit.

401 2669 543 2724 Hist.
562 2685 620 2721 ιι.
637 2676 684 2723 1.
702 2672 718 2699 4
737 2672 926 2721 Forma
947 2672 1176 2736 egregia,
1190 2678 1243 2721 et
1261 2672 1341 2721 cui
1362 2686 1466 2722 non

399 2747 569 2796 minus
593 2749 941 2806 auctoritatis,
965 2763 1117 2813 quam
1148 2749 1354 2812 gratiae,
1388 2747 1461 2798 inss

305 2837 311 2841 ·
402 2824 577 2886 esset,’
611 2826 758 2875 Suet.
781 2826 886 2875 Tit.
919 2840 968 2875 c.
1005 2831 1054 2877 3.
1123 2827 1330 2891 Nempe
1365 2825 1476 2876 fnit„

401 2901 453 2951 in
476 2902 584 2950 istis
599 2901 651 2950 id
675 2901 1073 2965 pulchritudinis
1094 2917 1275 2966 genuS,
1292 2904 1342 2951 in
1362 2918 1465 2968 quo

401 2991 504 3025 non
539 2986 646 3026 tam
681 2986 940 3040 venustas,
971 2994 1123 3042 quam
1159 2980 1466 3029 muliebrem

405 3048 600 3102 ducere
650 3052 935 3115 debemus;
999 3069 1151 3118 quam
1224 3054 1467 3116 dignitas,

403 3142 558 3192 quam
582 3128 781 3178 virilem
805 3129 1045 3179 dicimus.
1088 3130 1200 3179 Cic.
1236 3128 1392 3180 Offic.
1427 3143 1467 3179 1.

405 3208 490 3254 36.
556 3205 620 3254 Id
661 3206 900 3271 Euripidi
937 3206 1072 3271 apud
1115 3206 1263 3256 Stob.
1296 3207 1466 3256 Serm.

405 3285 489 3331 36.
527 3289 606 3331 est
645 3282 764 3332 awos
804 3281 931 3344 ἄξιον
971 3280 1256 3346 τυραννίδος,
1300 3282 1469 3343 formu

400 3359 619 3423 principe
655 3360 822 3421 digua.
868 3360 1042 3410 Tacit.
1088 3359 1223 3409 Anu.
1262 3373 1343 3411 ιν.
1388 3364 1471 3410 15.

407 3451 512 3502 qna
534 3442 740 3486 tantum
781 3437 963 3501 vulgus
986 3444 1041 3487 et
1066 3437 1272 3487 barbari
1291 3438 1471 3502 impe-

407 3521 609 3564 ratores
630 3521 956 3577 comparant.
1024 3514 1172 3563 Curt.
1195 3527 1274 3564 vr.
1305 3521 1353 3565 5.
1381 3515 1473 3564 Sa-

410 3591 614 3653 pientes
657 3603 785 3640 vero
831 3591 1021 3652 sciunt,
1057 3590 1374 3653 ‘Imperium
1415 3589 1471 3641 in

410 3669 626 3730 virtute,
641 3680 740 3716 nou
761 3668 811 3715 in
829 3668 1018 3717 decore
1035 3666 1189 3730 esse,’
1209 3665 1364 3718 Alex.
1383 3669 1476 3719 Se-

412 3759 522 3794 ver.
557 3744 694 3809 apud
731 3744 994 3807 Lamprid.
1026 3758 1144 3808 cap.
1167 3747 1261 3795 33.
1298 3753 1314 3783 ‘-
1348 3745 1476 3797 For-

413 3837 547 3872 mam
587 3830 759 3871 tamen
795 3823 989 3872 addere
1023 3824 1210 3872 virtuti
1237 3821 1477 3888 suffragi-

413 3915 519 3962 um,
563 3914 677 3949 cum
711 3900 1076 3963 augustissima
1107 3914 1324 3965 quaeque
1358 3915 1477 3964 spe·

414 3980 522 4027 cies
561 3977 835 4040 plurimum
875 3975 1125 4025 credatur
1161 3978 1371 4026 trahere
1410 3976 1477 4025 de

417 4052 587 4109 coelo,'
629 4054 747 4103 Lat.
783 4053 967 4103 Pacat.
1002 4054 1268 4119 Panegyr.
1310 4067 1388 4104 vr.
1429 4056 1479 4102 7.

416 4137 429 4159 ‘
448 4131 682 4193 Principi
699 4131 795 4194 ipsi
810 4132 1082 4194 plurimum
1099 4128 1482 4194 venerationis‚'

416 4208 557 4258 Plin.
582 4209 752 4273 Epist.
777 4222 816 4258 1.
857 4213 934 4258 10.
983 4209 1167 4258 Claud.
1187 4208 1304 4257 Stil.
1325 4207 1478 4259 ‘Jam

420 4293 526 4336 tum
552 4284 883 4351 conspicuus,
898 4285 1010 4348 jam
1038 4292 1144 4332 tum
1171 4283 1489 4341 venerabilis

517 4558 635 4646 k,

1081 368 1302 417 NOTAE
1354 367 1757 416 vAmoRUM
1813 367 1894 416 m

1526 514 1658 572 ibas,
1682 514 2090 581 spondebatque
2106 515 2294 567 ducem
2310 516 2437 567 celsi
2454 517 2596 568 nitor

1484 608 1491 612 ·
1526 593 1710 656 igneus
1734 594 1873 643 oris!
1897 594 2051 644 Idem.

1571 670 1782 733 AEtalis]
1803 670 1845 719 A
1853 671 2011 736 gebat
2022 672 2294 736 Trajauus,
2312 685 2427 721 cum
2446 684 2597 721 evec-

1529 753 1611 796 tus
1633 755 1716 798 est
1738 747 1804 797 ad
1830 748 2122 813 imperium,
2159 763 2347 799 annum
2383 748 2598 798 circiter

1530 824 1977 888 quadragesimum
2005 825 2309 875 secundum·
2377 825 2526 874 Vixit
2543 839 2598 875 e·

1528 901 1653 963 nim,
1678 903 1956 952 secundum
1979 903 2201 966 Eutrop.
2225 903 2260 952 l.
2292 916 2594 952 vlu-annos

1527 981 1611 1027 62.
1645 986 1735 1028 aut
1771 979 2055 1029 secundum
2089 980 2237 1041 alios,
2267 983 2350 1030 64.
2387 977 2599 1044 praefuit

1530 1061 1726 1116 antem,
1771 1054 2054 1105 secuudum
2100 1056 2327 1105 omnium
2375 1055 2603 1119 scripto-

1528 1144 1640 1181 rum
1666 1145 1993 1190 consensum,
2016 1146 2176 1182 annos
2203 1135 2285 1182 19.
2312 1146 2428 1182 cnm
2452 1131 2601 1182 dimi-

1530 1207 1638 1257 dio.
1665 1201 1891 1258 Patami.
2019 1200 2023 1205 ⁴

1595 1285 1845 1349 Indqflexa
1870 1284 2149 1348 maturitas]
2167 1285 2232 1336 Id
2252 1291 2353 1343 est,
2378 1284 2601 1349 stabilis,

1532 1362 1759 1412 nondum
1794 1377 1960 1426 prona
1994 1370 2051 1412 et
2076 1375 2329 1445 vergfus3
2363 1376 2482 1425 nam
2506 1361 2601 1412 im·
2705 1364 2724 1375 ‘

1533 1440 1734 1505 perium
1757 1439 1875 1489 iniit
1892 1454 2055 1489 anuos
2076 1448 2166 1490 nat
2251 1439 2380 1490 duos
2400 1446 2454 1490 et
2476 1454 2605 1505 qua-

1532 1517 1795 1582 draginta.
1872 1512 2171 1582 xiphilinus
2233 1517 2481 1568 Zonaras.
2512 1514 2603 1566 Li·

1531 1608 1631 1644 vm.

1600 1670 1854 1736 Indeflexu
1887 1669 2165 1734 maturitas]
2202 1668 2449 1720 Nondum
2486 1683 2601 1719 ver-

1533 1757 1757 1810 gens,et
1786 1747 1952 1798 adhuc
1987 1748 2039 1797 in
2075 1755 2233 1798 statu.
2300 1747 2536 1797 Sumtum
2572 1761 2605 1795 a

1536 1823 1708 1888 Circo,
1731 1824 1818 1873 nbi
1843 1820 2012 1873 medio
2030 1824 2199 1887 spatio
2220 1820 2384 1872 flexus
2404 1823 2603 1872 circum

1535 1907 1818 1963 metam,et
1836 1905 1944 1949 turn
1971 1898 2221 1950 deflexus.
2288 1899 2421 1951 Quae
2446 1898 2606 1962 igitur

1537 1982 1667 2026 aetas
1692 1990 1828 2026 nunc
1849 1976 2061 2040 Trajani
2082 1976 2102 2022 ?
2136 1990 2202 2025 ex
2224 1976 2421 2038 Dione,
2441 1975 2456 2002 ‘
2475 1990 2602 2038 qua-

1535 2051 1858 2116 dragesimus
1897 2049 2140 2116 quartus'
2174 2065 2358 2100 annus.
2446 2051 2605 2114 Nam,

1536 2128 1625 2179 illo
1659 2136 1894 2192 atrctore,
1929 2129 2199 2193 imperium
2238 2127 2608 2192 ‘quadragesi-

1538 2221 1623 2257 mo
1646 2204 1877 2256 secundo
1897 2204 1914 2229 '
1933 2206 2105 2269 cepit:
2144 2212 2300 2270 atque
2325 2203 2436 2255 liaec
2458 2202 2604 2255 bien·

1540 2287 1627 2338 nio
1662 2293 1781 2352 post
1816 2287 2027 2337 circiter
2070 2285 2232 2336 dicta.
2296 2286 2472 2349 Errat,
2515 2291 2606 2336 aut

1540 2363 1799 2421 dissentit,
1820 2364 2004 2413 Victor
2036 2361 2119 2428 (et
2142 2377 2257 2412 cum
2284 2376 2347 2412 eo
2370 2361 2485 2424 alii)
2516 2363 2605 2426 qui

1540 2444 1622 2491 64.
1657 2455 1816 2491 annos
1853 2441 2042 2490 vixisse
2075 2440 2290 2503 prodit:
2328 2439 2466 2503 quod
2503 2453 2606 2489 non

1540 2522 1733 2582 potest,
1751 2515 1938 2567 Dionis
1956 2516 2059 2569 isto
2081 2516 2317 2576 calcul03
2352 2516 2474 2580 quia
2497 2529 2606 2565 om·

1540 2594 1680 2643 nium
1716 2608 1988 2657 consensu,
2008 2607 2109 2643 non
2130 2593 2227 2642 nisi
2253 2591 2609 2641 novemdecim

1542 2686 1720 2728 annos,
1741 2676 1792 2722 6.
1828 2670 2174 2728 menseS,dies
2193 2674 2274 2720 15.
2310 2669 2611 2734 imperavit.

1541 2749 1728 2815 Itaque
1751 2749 2033 2814 Eutropius
2059 2747 2179 2797 mihi
2208 2747 2399 2808 verior,
2420 2748 2505 2812 qui
2532 2747 2607 2796 vi·

1544 2833 1612 2876 tae
1658 2825 1900 2889 adsignat
1937 2838 2098 2874 annos
2131 2829 2213 2874 62.
2250 2824 2349 2873 etsi
2398 2825 2481 2873 vel
2526 2823 2605 2874 sic

1541 2915 1745 2951 meuses
1770 2902 1967 2965 aliquot
1987 2899 2179 2949 desint.
2200 2899 2334 2964 Lips.

1607 2976 1901 3040 Matar-itas]
1932 2977 2047 3026 Nec
2073 2977 2282 3039 juvenis
2316 2975 2484 3033 nimis,
2508 2983 2612 3024 nec

1541 3068 1702 3104 senex
1724 3055 1791 3104 sit
1816 3056 2106 3119 imperator
2129 3070 2143 3105 ε
2178 3055 2315 3103 alter
2339 3054 2473 3107 enim
2497 3068 2610 3102 cre·

1542 3131 1694 3181 dulus
1729 3132 1879 3182 nimis
1902 3139 1957 3181 et
1978 3131 2176 3191 audam
2213 3131 2499 3180 imbecillus
2539 3131 2611 3179 al·

1544 3214 1629 3259 ter
1647 3213 1703 3258 et
1729 3207 1957 3259 timidus.
1995 3207 2228 3259 Onosan.
2243 3207 2311 3258 de
2326 3207 2620 3273 Elig.1mp.·

1544 3285 1699 3334 Bern.

1612 3360 1884 3426 Indeflexa]
1906 3362 2115 3412 Primus
2134 3361 2294 3413 Gudii
2310 3361 2461 3418 liber,
2484 3359 2613 3412 item

1546 3444 1602 3489 et
1634 3437 1880 3488 Beroaldi
1916 3439 2078 3488 editio
2113 3439 2318 3489 Veneta
2346 3452 2430 3490 an.
2463 3442 2612 3489 15⁰1.

1546 3515 1742 3564 habent
1783 3514 1999 3579 inflexa,-
2047 3529 2199 3580 quam
2240 3529 2440 3572 vocem,
2475 3522 2614 3567 teste

1547 3590 1744 3640 Thomu
1764 3590 1996 3648 Hearne,
2020 3591 2177 3640 etiam
2201 3590 2431 3655 Scaliger
2455 3604 2616 3641 auno·

1549 3668 1720 3731 tavit3
1768 3669 1916 3733 quasi
1954 3668 2285 3732 participium
2329 3666 2620 3718 ‘inflexus’

1550 3748 1711 3798 etiam
1746 3746 2006 3810 significet
2029 3760 2168 3809 eum,
2189 3746 2277 3810 qui
2311 3759 2413 3794 non
2447 3743 2617 3795 flecti·

1553 3831 1661 3886 tur,
1682 3838 1780 3873 nec
1811 3824 1980 3887 vergit
2000 3824 2051 3872 in
2069 3823 2372 3872 alterutram
2391 3830 2616 3886 partem,

1552 3901 1643 3950 sed
1669 3900 1876 3961 integer
1892 3905 2205 3962 erectusque
2228 3905 2310 3947 est
2335 3913 2351 3959 3
2383 3912 2499 3948 cum
2528 3899 2619 3948 ali·

1553 3990 1611 4025 as
1655 3973 1942 4025 ‘inflexus’
1986 3977 2136 4037 vulgo
2190 3973 2414 4032 dicatur,
2450 3974 2618 4035 valde,

1555 4052 1639 4101 vel
1662 4051 1819 4106 intus.
1858 4049 2042 4101 flexus.
2107 4051 2179 4100 Et
2201 4065 2326 4100 sane
2350 4051 2425 4100 ita
2460 4053 2618 4103 etiam

1550 4126 1919 4188 ‘inflexibilis,'
1960 4127 2191 4190 quamvis
2228 4128 2262 4176 η’
2305 4129 2464 4178 verbo
2500 4131 2515 4158 4
2540 4130 2617 4181 in-

1554 4203 1743 4255 flecto'
1787 4204 2106 4253 descendere
2144 4205 2401 4268 videatur,
2444 4207 2619 4257 Plinio

1555 4290 1728 4331 tamen
1753 4279 1943 4331 dicitnr
1975 4280 2079 4343 ille,
2101 4280 2188 4345 qui
2211 4281 2338 4333 nibil
2371 4288 2622 4348 mutatur,
