3017 4942
745 390 807 437 c.
857 386 1103 437 mann
1153 385 1491 439 suevum
1542 387 1820 437 Ρικιισ.
1898 386 1948 436 ι.
1989 370 2103 439 36.

303 529 684 594 consuluimus,
707 539 855 583 recte
877 532 1070 584 habeut
1094 535 1338 585 annoanlo
1350 549 1373 594 ,⁸

305 608 608 660 tiuidusest.
637 609 783 659 Solus
799 609 966 661 codex
981 612 1216 661 Venetus
1230 626 1371 661 men·

306 683 434 736 done
469 685 747 735 substituit
763 686 894 736 ἠιιιιο
924 689 1045 736 volo.
1111 689 1242 739 Quis
1281 702 1372 737 an·

305 768 412 811 tem
436 774 555 811 eum
578 760 813 825 judicem
835 764 973 824 velit,
997 763 1083 825 qui
1117 771 1201 814 est
1237 764 1372 813 timi-

304 838 418 902 dus,
446 854 544 889 uec
582 854 754 889 rernm
786 840 1029 905 peritus?
1081 840 1153 891 At
1187 841 1240 891 in
1277 842 1374 893 boc

303 914 422 965 loco
445 930 637 981 magna
658 923 743 967 est
770 918 1016 967 varietas.
1078 918 1207 968 Tres
1228 919 1374 969 codi-

305 1007 395 1044 ces
416 994 680 1056 Vaticani,
715 1000 771 1045 et
789 994 1215 1060 Salisburgensis,
1248 997 1374 1048 item

304 1069 359 1120 in
379 1070 668 1134 impressis,
693 1072 1056 1136 cuspinianus,
1076 1071 1377 1131 sichardus,

306 1147 591 1211 Livineius,
606 1147 897 1211 Gryphius,
930 1147 1158 1212 Lipsius,
1179 1146 1381 1198 Grute-

307 1237 412 1287 rus,
444 1224 736 1283 Puteanus,
764 1222 1019 1280 Bauuius‚
1053 1224 1377 1288 Bernegger,

305 1298 641 1357 Arutzeuius,
685 1300 970 1363 Gesnerus,
1008 1299 1204 1351 habeut
1236 1301 1383 1364 illum·

302 1378 443 1435 volo,-
476 1386 665 1427 contra
689 1378 868 1442 aliqui,
885 1377 1024 1427 illum
1043 1379 1168 1427 nolo.
1202 1378 1377 1429 Hesi·

305 1453 483 1503 tabam
510 1453 758 1517 primum,
779 1462 945 1503 utram
971 1454 1249 1506 lectionem
1284 1455 1379 1505 ad-

306 1531 595 1581 mitterem.
618 1547 629 1554 *
647 1533 700 1582 N
705 1547 768 1582 ou
791 1531 1108 1596 displicebat
1130 1532 1199 1583 ab
1224 1533 1379 1583 initio

303 1609 438 1668 baec,
460 1610 601 1678 {glum
621 1612 727 1661 nolo
742 1627 764 1671 ‚·
798 1626 913 1661 cum
934 1612 1242 1677 cogitarem,
1264 1613 1376 1664 Pli-

306 1687 447 1740 nium
465 1688 607 1752 loqui
626 1687 695 1737 de
718 1689 1002 1752 rejectione
1016 1687 1257 1753 judicum
1283 1703 1379 1753 per

308 1770 502 1813 sortem
534 1764 745 1830 quidem
780 1765 1044 1824 datorum,
1081 1766 1175 1816 sed
1206 1766 1376 1818 minus

308 1848 596 1903 gratorum.
661 1841 767 1892 Sed
798 1856 918 1892 mox
940 1841 1004 1892 ad
1028 1844 1246 1893 alteram
1266 1844 1378 1902 lec-

306 1918 527 1983 tionem,
548 1919 685 1969 illam
700 1921 824 1978 eolo,
851 1920 1269 1984 amplectendam
1292 1936 1381 1973 me

306 1996 569 2061 pertraxit
586 1997 800 2060 adjecta
821 1996 1062 2061 formula,
1086 2004 1102 2028 ⁴
1122 2000 1246 2063 quia
1261 2000 1377 2050 Cae-

307 2085 474 2133 sarem
499 2071 718 2124 fortiter
746 2072 925 2124 amat?
976 2075 1114 2125 Talis
1132 2076 1276 2125 enim
1291 2079 1385 2141 ju-‚

308 2152 432 2214 dex,
452 2154 559 2203 isto
577 2168 690 2204 aevo
701 2154 1138 2218 Trajani,optimi
1157 2155 1380 2220 impera·

312 2230 455 2287 toris,
475 2230 639 2294 magis
662 2231 1101 2296 comprobandus,
1122 2246 1278 2297 quam
1299 2246 1384 2294 req

303 2306 573 2370 jicieudus
590 2314 724 2356 erat.
773 2307 960 2373 Neque
975 2308 1118 2358 ’euim
1139 2310 1156 2339 ‘
1172 2307 1384 2367 fortiter

310 2397 487 2433 amare
501 2382 518 2407 ²
534 2384 623 2434 hic
638 2385 728 2434 sim
737 2384 947 2449 pliciter
964 2392 1133 2451 notat,
1152 2386 1308 2438 valde
1326 2394 1383 2438 et

308 2464 646 2516 veliementer
681 2479 893 2527 amare3
925 2465 1036 2530 sed,
1058 2458 1217 2530 prout
1239 2473 1384 2518 recte

308 2544 602 2609 explicavit
641 2545 861 2608 Lipsius,
887 2561 990 2597 nou
1027 2552 1248 2605 temere,
1289 2554 1383 2598 aut

310 2621 514 2684 timide,
551 2628 612 2673 ut
648 2622 946 2682 adulantes,
981 2631 1074 2675 aut
1120 2625 1383 2690 timentes,

310 2712 375 2749 ne
397 2696 688 2761 offendant,
705 2706 796 2750 aut
816 2707 875 2750 ut
898 2708 1093 2751 matres
1106 2700 1283 2752 liberis
1305 2702 1383 2752 ui-

308 2775 404 2825 mis
427 2776 782 2840 indulgentes,
799 2777 1010 2839 solent3
1044 2778 1137 2827 sed
1162 2793 1278 2829 cum
1302 2792 1383 2829 se·

309 2853 539 2903 veritate
563 2852 786 2918 quadam
822 2858 879 2903 et
917 2852 1167 2904 libertate
1191 2869 1385 2905 amare.

310 2928 481 2981 Quam
505 2929 767 2979 notionem
779 2928 929 2994 hujus
942 2928 1182 2981 formulae
1200 2932 1387 2997 utique

310 3006 671 3071 cognoscimus
695 3021 760 3055 ex
785 3008 984 3057 Seneca
1005 3007 1074 3056 de
1095 3008 1388 3075 Providen-

312 3085 388 3133 tia
408 3083 626 3146 divina,
658 3082 744 3132 ubi
776 3083 820 3133 is
854 3098 903 3133 c.
935 3088 985 3132 2.
1007 3085 1024 3114 ‘
1046 3085 1166 3134 Non
1208 3084 1391 3151 vides?

312 3161 506 3226 inquit,
540 3163 772 3227 ‘quanto
813 3161 968 3213 aliter
1004 3170 1198 3228 patres,
1234 3165 1389 3215 aliter

312 3248 531 3301 matres,
565 3240 908 3304 indulgeant?
955 3240 1043 3290 Illi
1067 3241 1289 3291 excitari
1300 3242 1388 3306 ju

312 3316 444 3367 bent
477 3316 670 3366 liberos
699 3318 765 3366 ad
800 3317 973 3367 studia
1011 3317 1251 3369 obeunda
1283 3334 1387 3370 ma·

319 3403 471 3458 ture;
502 3394 709 3445 feriatis
735 3401 942 3461 quoque
963 3395 1150 3447 diebus
1171 3411 1273 3447 non
1297 3411 1388 3461 pa·

314 3474 519 3523 tiuntur
554 3487 670 3522 esse
691 3473 905 3532 otiosos,
927 3480 985 3523 et
1006 3474 1246 3525 sudorem
1268 3475 1389 3540 illis,

317 3557 373 3601 et
394 3550 657 3602 interdum
681 3550 921 3600 lacrimas
956 3553 1246 3603 excutiunt.
1313 3553 1389 3603 At

316 3635 515 3679 matres
555 3626 734 3677 fovere
780 3627 832 3677 in
869 3627 1003 3690 sinu,
1035 3629 1307 3680 contineri·
1334 3629 1387 3680 in

318 3704 523 3765 umbra,
545 3703 758 3763 volunt3
795 3718 1063 3769 nunquam
1085 3703 1233 3763 flere,
1260 3719 1388 3755 nun·

313 3795 467 3847 quam
488 3779 855 3846 tristari,nunq
864 3796 979 3830 uam
997 3782 1257 3834 laborare.
1285 3784 1389 3834 Pa·

315 3858 473 3909 trium
499 3857 661 3907 habet
684 3859 825 3907 Deus
846 3857 1092 3909 adversus
1107 3860 1267 3911 bonon
1283 3862 1391 3912 aui-

316 3938 478 4061 mum,
501 3943 559 3985 'et
578 3934 694 3984 illos
710 3933 897 3984 fortius
913 3939 1066 3986 am'at.
1101 3937 1392 4002 Opeiibus,

316 4011 465 4082 inqui
537 4009 825 4067 doloribus,
862 4024 923 4060 ac
958 4005 1181 4074 damnis,
1217 4015 1393 4077 exagi-

314 4094 341 4139 1
517 4091 599 4146 iit
620 4087 1064 4151 verumcolligant
1081 4089 1273 4140 robur.’
1306 4090 1397 4140 Ita

185 4197 191 4201 >
222 4185 260 4240 ⁷:3-
305 4139 457 4214 idern
479 4161 688 4213 Seneca
719 4162 895 4226 Epist.
921 4167 1034 4215 104.
1054 4167 1131 4228 orq?
1163 4165 1391 4218 ‘fortius

213 4271 219 4276 -
314 4253 495 4291 *amare
510 4239 980 4304 opponit‘amare
993 4240 1396 4305 indulgentius

297 4318 343 4391 .‘
357 4318 617 4373 Quoniam
634 4316 766 4384 ege}
787 4316 976 4385 inquit,
994 4318 1092 4371 ‘ab
1106 4319 1197 4372 illa
1209 4320 1396 4386 [Paul.-

2386 371 2538 457 6492

1443 532 1577 597 lina]
1597 547 1699 583 uon
1717 532 1955 597 impetro,
1965 540 2030 582 ιιι
2044 546 2125 583 me
2137 530 2324 583 fortius
2341 540 2481 583 amet
2501 545 2522 583 e

1445 610 1698 674 impetrat
1732 611 1824 660 illa
1859 624 1892 659 a
1915 623 2018 672 me,
2041 616 2099 659 ut
2133 624 2215 660 me
2243 610 2522 673 indulgen-

1447 687 1553 740 tius
1579 687 1782 738 amem.’
1816 688 1921 738 Hic
1943 694 2117 738 autem
2142 688 2518 738 observandum

1445 771 1551 822 est,
1582 764 1785 829 judicio
1828 778 2125 830 caussarum
2168 764 2439 821 fiscalium,
2487 780 2520 815 a

1448 844 1634 894 Nerva
1675 843 1903 907 Trojano
1946 842 2211 905 instituto,
2255 842 2524 894 ordinarie

1448 919 1658 984 quidem
1699 919 2011 985 praesedisse
2046 924 2325 984 praetorem
2371 921 2522 982 fisci}

1450 996 1546 1047 sed
1581 996 1647 1045 ad
1680 1010 1891 1048 caussas
1923 995 2287 1060 dijudicandas
2308 998 2519 1047 omnino

1450 1074 1627 1138 plures
1632 1074 1843 1137 judices
1861 1074 2075 1125 allectos
2089 1070 2420 1134 fuisse‚haud
2438 1088 2522 1123 se-

1449 1164 1561 1208 cus,
1575 1164 1635 1201 ac
1653 1152 1702 1200 in
1720 1150 1831 1200 aliis
1844 1150 2078 1215 judiciis,
2095 1150 2148 1199 in
2166 1150 2369 1215 quibus,
2390 1158 2526 1201 tem-

1453 1240 1583 1290 pore
1606 1226 1906 1291 reipublicoe
1926 1225 2124 1290 libere,
2146 1226 2230 1275 lex
2265 1217 2523 1290 Pompeia

1442 1303 1725 1369 judiciaria
1760 1310 1960 1353 certum
1988 1316 2251 1352 numerum
2279 1302 2521 1367 judicum

1454 1380 1794 1446 legendorum
1831 1378 2123 1431 definierat.
2189 1380 2306 1431 Etsi
2340 1381 2523 1445 itaque

1451 1457 1506 1508 in
1527 1458 1627 1509 boc
1654 1457 1858 1522 judicio
1881 1469 1993 1507 sors
2016 1462 2073 1506 st
2095 1470 2221 1507 urna
2243 1456 2410 1507 locum
2434 1457 2524 1505 lia-

1452 1534 1623 1598 beret,
1643 1533 1695 1585 id
1721 1540 1823 1597 est,
1842 1540 1984 1584 sorte
2013 1532 2364 1584 educerentur
2378 1532 2524 1597 judi-

1450 1625 1579 1673 σοις
1608 1625 1712 1662 nou
1750 1618 1928 1662 tamen
1966 1624 2174 1676 semper
2203 1610 2241 1660 ii
2284 1609 2523 1673 designa-

1452 1687 1647 1739 bantur
1679 1702 1773 1752 per
1812 1695 2028 1751 sortem,
2067 1686 2155 1752 qui
2193 1687 2526 1752 litigantibus.

1453 1768 1592 1833 grati
1616 1767 1928 1832 probatique
1950 1766 2271 1816 viderentur.
2305 1765 2528 1816 Licebat
2626 1773 2634 1780 '

1453 1859 1582 1909 ergo
1615 1845 1675 1894 iis
1715 1843 1988 1909 quosdam,
2025 1856 2154 1909 quos
2192 1842 2526 1893 meticulosos

1454 1929 1549 1973 aut
1567 1922 1693 1972 alias
1718 1922 1814 1971 sibi
1838 1921 2007 1971 minus
2027 1919 2345 1978 commodos,
2367 1920 2525 1971 habe-

1454 1998 1603 2055 bant,
1630 1997 1869 2062 rejicere,
1894 2004 1951 2046 ut
1968 1998 2058 2046 alii
2083 1997 2328 2047 incorum
2350 1997 2526 2050 locum

1456 2074 1907 2142 subsortirentur;
1943 2074 2137 2124 licebat
2161 2073 2530 2138 iisdemffluos-

1456 2152 1578 2202 dam
1615 2150 1893 2201 admittere
1941 2158 1998 2200 et
2041 2149 2401 2215 comprobare,
2433 2150 2526 2214 qui

1456 2230 1723 2291 cesarem
1745 2229 1973 2291 sortiter,
2007 2229 2042 2278 i.
2063 2243 2113 2278 e.
2148 2243 2266 2278 cum
2300 2227 2524 2294 quadam

1457 2307 1788 2359 animositate
1809 2313 1865 2357 et
1890 2306 2149 2361 libertate,
2163 2304 2423 2366 amabant,
2436 2317 2528 2353 ue-

1455 2399 1559 2454 que
1583 2385 1754 2435 vereri
1770 2383 2100 2443 videbantur,
2120 2381 2163 2431 si
2176 2381 2389 2446 justitia
2410 2392 2527 2429 sua-

1457 2463 1629 2522 deret,
1651 2464 1812 2514 etiam
1836 2468 2022 2513 contra
2043 2463 2327 2524 Caesarem,
2354 2458 2533 2516 Caesao,

1457 2540 1631 2606 risque
1655 2545 2044 2604 procuratores,
2056 2535 2312 2602 judicium
2334 2534 2529 2585 facere.

1459 2620 1603 2671 Hinc
1638 2621 1838 2671 Plinius
1872 2620 1978 2669 ait:
2022 2618 2134 2667 licet
2164 2615 2378 2676 reficere,
2414 2614 2534 2676 licet
2572 2682 2579 2688 .

1457 2699 1725 2747 wehmare
1740 2711 1759 2745 .-
1791 2694 1940 2744 Ηιιιιο
1968 2695 2093 2749 nolo,
2116 2727 2131 2743 .
2155 2726 2170 2742 .
2192 2725 2207 2741 .
2242 2692 2377 2741 illam
2408 2692 2531 2753 volo,

1457 2777 1542 2840 &c-
1604 2773 1828 2824 Prorsus
1867 2770 2000 2821 adeo
2036 2769 2277 2819 similiter
2318 2767 2530 2816 locutus

1414 2873 1417 2874 ⁷
1459 2858 1541 2902 est
1568 2850 1767 2900 Plinius
1788 2847 1981 2911 Major,
1997 2846 2049 2895 in
2068 2842 2226 2896 me.
2242 2843 2382 2894 Hist.
2399 2842 2532 2894 Nat.

1461 2943 1579 2978 cum
1622 2928 1687 2977 ad
1719 2925 1987 2976 formulam
2010 2920 2306 2987 hujusmodi
2328 2921 2529 2984 ‘rejec-

1460 3005 1619 3057 tionis
1632 2999 1902 3069 judicum’
1935 2999 2214 3050 alluderet.
2263 3000 2279 3027 ⁶
2298 2997 2534 3064 Praeterg

1463 3081 1565 3145 ea,'
1588 3082 1817 3146 iuquit,·
1836 3085 1919 3129 est
1941 3076 2177 3142 quaedam
2202 3074 2410 3140 publica
2430 3074 2530 3124 eti

1464 3174 1546 3209 am
1571 3159 1891 3208 eruditorum
1921 3155 2164 3220 rejectio.
2228 3152 2411 3202 Utitur
2441 3152 2534 3205 illa

1464 3242 1522 3286 et
1552 3236 1633 3284 Μ.
1667 3234 1889 3295 Tullius,
1911 3240 2066 3282 extra
2094 3244 2298 3280 omnem
2337 3229 2532 3293 ingenii

1464 3315 1634 3364 aleam
1691 3312 1924 3376 positus·
1911 3346 1925 3360 .
1998 3310 2130 3361 Haec
2178 3308 2531 3360 doctissimum

1462 3392 1703 3443 Persium
1725 3391 1903 3454 legere
1928 3388 2078 3449 nolo;
2133 3386 2349 3437 Loelium
2377 3385 2537 3436 Deci·

1466 3484 1602 3520 ιιιιιιιι
1640 3466 1796 3518 volo!
1859 3465 1997 3516 Illud
2031 3479 2191 3515 unum
2226 3464 2395 3513 adhuc
2424 3478 2534 3516 moe

1463 3561 1583 3604 neo,
1606 3546 1658 3595 in
1680 3544 1862 3595 codice
1880 3543 2138 3594 Vaticano
2155 3544 2303 3591 3461.
2323 3547 2378 3590 et
2396 3553 2536 3604 meo,

1462 3624 1591 3673 item
1615 3623 1745 3672 etin
1780 3621 1986 3671 excusis
2020 3618 2336 3684 quibusdam
2370 3616 2538 3679 libris,

1464 3715 1561 3766 pro
1596 3700 1709 3764 quio
1733 3700 1991 3761 Coesarem,
2028 3696 2132 3761 legi
2171 3695 2255 3759 qui
2278 3696 2536 3745 Coesarem.

1466 3779 1728 3828 Schwarz.

1535 3853 1758 3904 Fortiter
1776 3850 1931 3913 amat]
1961 3850 2083 3901 Non
2107 3855 2326 3905 temere,
2349 3852 2440 3897 aut
2466 3848 2534 3897 tir

1462 3931 1627 3994 mide,
1642 3937 1705 3980 ut
1725 3929 2017 3984 adulantes,
2041 3934 2133 3976 aut
2148 3915 2434 3974 metuentes
2456 3923 2535 3972 of·

1466 4008 1706 4060 sendere.
1773 4007 1977 4055 Seneca
2001 4005 2068 4053 de
2094 4003 2302 4053 Provid.
2324 4005 2338 4029 ‘
2357 4003 2535 4052 Patri-

1466 4102 1556 4138 um
1578 4084 1740 4135 habet
1765 4084 1907 4132 Deus
1931 4095 2057 4147 erga
2079 4082 2242 4131 bonos
2265 4081 2402 4129 viros
2425 4081 2536 4131 anit

1468 4179 1629 4221 mum,
1656 4170 1714 4213 et
1734 4160 1852 4211 illos
1876 4158 2089 4209 fortiter
2107 4157 2284 4209 uniat?
2309 4158 2448 4221 Lips.
2515 4171 2524 4180 ‘

1536 4239 1757 4290 Fortiter
1796 4234 1954 4299 umal]
1990 4233 2222 4285 Fortiter
2249 4244 2408 4296 amat,
2444 4234 2536 4298 qni

1468 4332 1575 4370 nou
1610 4315 1870 4382 indulget,
1892 4312 1982 4380 qui
2015 4325 2199 4368 severo
2234 4311 2455 4377 quodam
2475 4325 2537 4376 „⁸-
