3017 4942
792 445 859 491 c.
910 439 1155 489 namn
1206 435 1541 488 saeuum
1594 435 1872 485 nnnc.
1952 417 2138 484 1.92.

363 586 459 636 sim
479 584 770 636 annotavit.
838 584 992 635 Alter
1014 587 1031 614 ‘
1053 583 1238 633 natalis
1266 572 1431 645 impe*-

360 661 635 723 ratorum‚'
657 663 907 712 translate
927 662 1119 725 dietus,
1139 658 1433 710 habebatur

360 737 737 802 dicebaturque
780 738 973 801 primus
1017 737 1131 787 dies
1178 736 1432 800 cujusque

358 816 701 879 principatus,
718 822 805 865 aut
823 814 1026 879 imperii
1044 813 1289 876 suscepti.
1333 812 1433 861 Ta-

360 892 458 941 cit.-
505 891 644 941 Hist.
689 905 757 941 ιι.
796 895 881 942 79.
935 888 1188 940 ‘Initium
1229 887 1432 938 ferendi

361 968 429 1017 ad
453 968 833 1033 Vespasianum
865 967 1070 1030 imperii
1097 960 1433 1015 Alexandria

360 1050 609 1108 coeptum,
638 1043 925 1093 festinante
958 1041 1169 1091 Tiberio
1201 1039 1429 1089 Alexan-

362 1118 479 1181 dro,
513 1120 601 1185 qui
628 1120 883 1170 Kalendis
923 1118 1074 1179 Juliis
1103 1121 1432 1167 sacramento

361 1197 479 1261 ejus
523 1196 754 1261 legiones
793 1196 1005 1259 adegit3
1050 1196 1199 1258 isque
1237 1193 1432 1257 primus

360 1272 691 1337 principatus
733 1272 847 1322 dies
887 1274 937 1321 in
983 1278 1252 1334 posterum
1295 1269 1431 1318 cele-

360 1348 577 1400 bratus.'
644 1349 928 1399 Eumenius
972 1349 1246 1399 Constant.
1294 1344 1432 1408 Aug.

363 1439 411 1475 c.
436 1430 486 1475 2.
520 1427 535 1454 ‘
554 1424 806 1476 Quamvis
842 1426 930 1474 ille
965 1423 1290 1474 felicissimus
1319 1421 1434 1471 dies

362 1502 600 1566 proxima
633 1501 885 1565 religione
910 1496 1435 1562 celebratusimperii

363 1577 441 1626 tui
465 1577 657 1626 natalis
686 1576 959 1633 habeatur,
988 1575 1232 1640 quoniam
1257 1581 1310 1624 te
1333 1573 1435 1623 isto

361 1652 543 1704 habitu
581 1651 780 1717 primus
808 1652 1049 1703 ornavit!
1110 1654 1358 1702 Mamert.
1381 1644 1452 1701 in'

362 1731 611 1781 Genetbl.
644 1730 863 1782 Maxim.
892 1728 1027 1794 Aug.
1053 1743 1100 1778 e.
1129 1732 1176 1778 1.
1202 1728 1270 1778 de
1295 1735 1438 1778 utro-

365 1821 466 1872 que
491 1806 578 1856 die
598 1806 763 1856 natali
786 1821 800 1856 ε
842 1806 859 1834 ‘
878 1805 984 1856 Hic
1006 1805 1128 1854 mibi
1151 1804 1263 1853 dies
1293 1803 1436 1853 vide-

365 1890 453 1934 tur
478 1882 751 1943 illustrior,
779 1882 1047 1945 magisque
1078 1880 1459 1942 celebrandus,-

363 1960 452 2026 qni
475 1966 528 2011 te
551 1960 749 2023 primus
773 1959 992 2022 protulit
1023 1958 1078 2006 in
1113 1958 1313 2007 lucem:
1359 1962 1440 2005 et·

364 2038 504 2090 enim
529 2039 603 2089 illi
627 2039 725 2101 ipsi
753 2038 887 2098 dies,
911 2036 1094 2102 quibus
1117 2034 1321 2099 imperii
1346 2050 1437 2084 au-

361 2117 527 2180 spicia
551 2116 823 2177 sumsistis,
838 2114 904 2165 ob
927 2115 1039 2165 haec
1054 2114 1221 2164 sancti
1244 2120 1364 2164 sunt
1383 2120 1437 2162 et

364 2194 619 2256 religiosi,
662 2192 800 2257 quod
859 2192 990 2241 tales
1044 2190 1439 2240 declaraverunt

363 2267 740 2332 imperatores?
809 2268 1031 2332 Adher-c,
1055 2269 1098 2317 si
1130 2267 1219 2331 qui
1245 2268 1435 2331 princi-

363 2358 458 2408 pes
516 2358 610 2406 per
667 2344 1001 2409 adoptionem
1048 2342 1112 2391 ad
1161 2343 1436 2403 imperinm

363 2428 739 2484 pervenerant,
772 2419 1027 2484 ejusmodi
1070 2419 1242 2469 ‘diem
1279 2420 1437 2482 adop-

366 2497 556 2548 tionis'
594 2499 752 2547 etiam
792 2497 1054 2547 habebant
1093 2496 1437 2561 colebantque

365 2579 613 2640 tanquam
658 2576 917 2636 natalem;
962 2576 1083 2640 quia
1126 2574 1336 2637 adoptio
1376 2574 1437 2624 iis

365 2652 561 2703 aditum
607 2653 673 2702 ad
718 2652 994 2715 imperium
1044 2651 1439 2715 praemuniebat.

364 2728 470 2786 Sic,
504 2735 641 2778 teste
676 2730 974 2793 spartiano,
1004 2727 1056 2776 in
1089 2728 1215 2777 Vita
1247 2726 1439 2776 Hadri·

367 2805 454 2854 ani
481 2806 722 2862 Caesaris,
759 2820 880 2869 cap.
902 2810 952 2855 4.
990 2806 1006 2832 ⁸
1024 2804 1222 2856 Quinto
1248 2803 1436 2865 Iduum

365 2882 592 2943 Augusti
616 2881 703 2931 die
729 2881 955 2932 natalem
982 2881 1277 2945 adoptionis
1300 2881 1439 2930 cele·

365 2955 509 3006 brari
525 2958 716 3021 jussit:
759 2958 916 3007 tertio
940 2956 1130 3006 Iduum
1153 2956 1437 3007 earundem

366 3040 424 3083 et
446 3036 674 3084 natalem
695 3034 899 3099 imperii
920 3035 1148 3085 instituit
1167 3034 1438 3084 celebran-

366 3112 528 3163 dum.'
594 3113 713 3165 Jam
751 3113 1024 3176 quaeritur,
1060 3112 1175 3177 quis
1214 3113 1439 3162 ‘natalis

364 3188 575 3250 Trajani
597 3187 612 3209 ’
635 3189 717 3238 liic
740 3188 1081 3251 designetnrz
1112 3195 1285 3238 utrum
1307 3189 1324 3217 ‘
1348 3203 1439 3237 na·

366 3264 487 3313 talis
510 3264 837 3324 nativitatis,’
860 3279 926 3313 an
964 3271 980 3294 ¹
995 3265 1179 3313 natalis
1202 3265 1437 3328 adoptio-

366 3341 448 3389 nis
466 3339 502 3389 ?’
557 3341 670 3404 Ego
686 3354 802 3389 eum
827 3339 993 3391 habeo
1018 3354 1113 3403 pro
1137 3343 1152 3370 ‘
1168 3340 1257 3391 die
1278 3342 1439 3404 adop-

368 3418 526 3468 tionis
547 3417 582 3480 3’
625 3417 765 3483 quia,
802 3417 881 3467 uti
917 3418 1101 3468 Nerva
1136 3418 1439 3468 Domitiano

368 3494 545 3544 occiso
582 3507 703 3544 xlv.
734 3493 959 3543 Kalend.
992 3493 1218 3543 Octobr.
1241 3493 1291 3542 h.
1313 3508 1362 3544 e.
1386 3493 1438 3543 d.

369 3575 452 3621 18.
483 3568 828 3635 Septembris,
871 3568 938 3619 A.
969 3569 1030 3620 C.
1062 3573 1145 3619 97.
1178 3584 1441 3620 successe-

368 3653 485 3708 rat3
510 3646 586 3696 ita
618 3645 757 3694 idem
784 3645 981 3701 Nerva,
1016 3659 1111 3709 pro
1135 3660 1280 3695 more
1304 3647 1440 3695 iltius

367 3724 645 3788 temporis,
666 3720 847 3771 eodem
880 3721 965 3771 die
1002 3725 1083 3772 18.
1116 3723 1267 3785 Sept.
1293 3723 1357 3776 A.
1380 3724 1443 3773 C.

367 3804 452 3851 98.
508 3800 788 3864 Trajanum
814 3797 1105 3861 adoptavit,
1128 3813 1349 3864 eumque
1372 3799 1441 3849 si·

368 3877 476 3926 mul
497 3875 679 3936 filium,
701 3875 855 3924 simul
880 3874 1139 3924 Caesarem
1160 3874 1440 3938 imperato·

368 3965 502 4008 rem,
540 3958 597 4000 et
630 3958 922 4000 consortem
960 3949 1240 4000 tribunitiae
1273 3957 1441 4015 potes·

370 4028 514 4084 tatis,
556 4025 704 4076 fecit.
785 4026 945 4089 Cujus
990 4028 1263 4078 sententias
1311 4043 1442 4079 meae

371 4105 604 4154 rationes
653 4116 914 4166 exponam
959 4102 1012 4151 in
1060 4103 1316 4155 Excursus
1352 4119 1440 4155 zv.

370 4180 619 4231 Schwoerz.

442 4258 627 4314 Quibus
646 4256 825 4320 edicto]
854 4254 1058 4312 Quibus,
1081 4268 1271 4319 nempe
1293 4255 1440 4306 nobis

372 4333 575 4386 duobus
599 4331 899 4384 consulibus
930 4328 1183 4396 suffectis,
1220 4346 1440 4398 quorum

2397 412 2576 481 1083

1505 580 1804 632 consulatui
1842 576 2129 629 attribuisti
2171 589 2401 626 mensem
2445 576 2576 639 Sep-

1507 658 1781 721 tembrem,
1822 670 2047 719 eumque
2087 654 2245 704 natali
2283 661 2374 703 tuo
2418 652 2576 714 insig-

1507 748 1621 784 nem
1640 750 1656 796 3
1695 741 1750 783 et
1770 733 1858 798 qui
1883 734 2060 783 edicto
2085 733 2282 795 pariter
2297 738 2352 781 et
2371 736 2577 794 specta·

1507 813 1627 862 culo
1651 812 1925 861 celebrare
1947 809 2199 859 debemus
2240 808 2383 858 illum
2408 809 2575 871 ipsum

1506 888 1731 937 natalem
1759 894 1922 937 tuum.
1986 884 2161 936 Ludos
2187 884 2319 933 enim
2349 889 2406 933 et
2429 895 2577 946 spec·

1508 958 1685 1016 tacnla
1701 963 1914 1026 edituri,
1933 962 2205 1027 proposito
2228 961 2423 1021 libello,
2440 959 2576 1009 diem

1504 1040 1671 1092 futuri
1701 1040 1928 1091 muneris
1963 1046 2018 1089 et
2041 1046 2349 1103 apparatum
2383 1035 2578 1087 indice·

1509 1118 1655 1181 bant,
1677 1131 1778 1182 quo
1800 1117 1966 1180 major
2002 1115 2141 1165 foret
2178 1112 2479 1177 expectatio
2519 1112 2580 1162 il-

1507 1195 1608 1245 lius
1632 1194 1970 1244 solennitatis.
2037 1191 2287 1246 Quamvis
2304 1204 2428 1241 vero
2450 1189 2581 1239 alias

1508 1285 1635 1321 cura
1655 1271 1891 1320 ludorum
1922 1270 2436 1334 spectaculorumque
2462 1279 2580 1330 par·

1512 1348 1605 1399 tim
1632 1347 1696 1398 ad
1738 1348 1934 1408 aediles,
1969 1348 2161 1412 partim
2202 1345 2268 1395 ad
2307 1334 2583 1409 praetoreu,

1511 1426 1835 1489 pertineret3
1869 1423 1971 1475 fuit
2006 1431 2178 1475 tamen
2204 1428 2324 1472 tunc
2354 1421 2579 1484 cumpri-

1511 1503 1610 1551 mis
1630 1503 1916 1562 consulum,
1937 1503 1954 1531 ⁸
1972 1490 2415 1550 edicere'natalem
2437 1499 2580 1561 prin-

1513 1578 1680 1644 cipis.’
1718 1576 2581 1639 Hincirascebatur-Caligulacon·

1515 1657 1713 1706 sulibus
1739 1656 1866 1717 illis,
1888 1656 1978 1717 qui
1996 1655 2087 1704 has
2101 1661 2276 1717 partes
2298 1653 2376 1702 sui
2401 1666 2580 1701 mune·-

1513 1733 1586 1783 ris
1608 1734 1972 1797 neglexerant,
1998 1740 2134 1782 teste
2161 1732 2377 1782 Sueton.
2414 1728 2583 1792 Calig.

1515 1825 1564 1860 c.
1587 1814 1669 1859 26.
1703 1811 1719 1839 ⁸
1742 1809 2054 1860 Consulibus
2092 1808 2270 1858 oblitis
2309 1806 2378 1856 de
2415 1805 2582 1855 natali

1513 1901 1609 1937 suo
1633 1887 1842 1937 edicere
1871 1885 2043 1952 (vides
2077 1884 2311 1935 edictum
2349 1882 2582 1933 consula·

1514 1963 1620 2029 re,)
1655 1964 1926 2027 abrogavit
1962 1964 2347 2027 magistratum,
2366 1959 2585 2024 'fuitque

1515 2054 1612 2104 per
1629 2040 1854 2090 triduum
1873 2039 1984 2089 sine
2001 2053 2196 2089 summa
2217 2044 2479 2102 potestate
2498 2048 2583 2086 res

1516 2116 1759 2182 publica.'
1826 2117 2001 2181 Atque
2018 2118 2082 2166 de
2106 2117 2288 2165 eodem
2306 2115 2583 2179 imperato·

1514 2208 1588 2257 re,
1608 2194 1844 2257 Caligula
1869 2194 2254 2257 cognominato,
2275 2192 2393 2247 Dio,
2414 2192 2449 2241 l.
2469 2203 2585 2240 mx.

1514 2286 1634 2336 pag.
1658 2276 1776 2322 655.
1800 2279 1996 2333 narrat,
2018 2285 2133 2320 eum
2164 2278 2272 2319 tum
2297 2268 2584 2318 Domitium

1514 2347 1846 2397 constituisse
1883 2348 2167 2408 consulem,
2191 2345 2443 2408 abrogato
2465 2357 2582 2393 con·

1514 2425 1714 2475 entibus
1759 2426 2096 2489 magistratu5
2160 2422 2299 2486 quod
2337 2420 2496 2472 ferias
2530 2419 2586 2468 in

1516 2517 1663 2552 suum
1701 2504 1923 2552 natalem
1945 2501 2061 2550 'non
2102 2499 2435 2561 indixissent,
2467 2509 2585 2547 cum

1518 2587 1770 2643 praetores
1794 2580 1973 2629 eodem
2010 2576 2369 2627 decursionem
2401 2587 2586 2639 eques·

1515 2666 1669 2720 trem,
1709 2658 2162 2720 venationemque,
2207 2653 2587 2708 exhibuissent,

1517 2741 1673 2796 prout
1697 2733 1974 2797 quotannis
2008 2732 2236 2781 solitum.
2304 2731 2386 2779 De
2424 2727 2586 2777 verbo

1515 2816 1531 2839 ⁴
1550 2809 1756 2858 edicere
1772 2807 1788 2830 '
1809 2810 1919 2858 dixi
1943 2822 2116 2870 supra,
2141 2806 2205 2856 ad
2241 2820 2293 2869 p.
2314 2808 2431 2855 519.
2503 2806 2588 2853 De

1515 2887 1873 2938 celebratione
1929 2885 2118 2934 natalis
2171 2881 2400 2946 Augusti
2445 2870 2584 2930 idem

1514 2964 1619 3015 Dio
1642 2966 1678 3014 l.
1692 2978 1802 3015 mv,
1821 2979 1873 3027 p.
1895 2967 2009 3015 545..
2025 2963 2173 3027 cujus
2191 2959 2367 3021 verba,
2387 2961 2588 3022 ut‘par·

1516 3053 1628 3090 cam
1643 3054 1819 3102 operae
1839 3038 2301 3102 typographorum,
2313 3050 2379 3084 ex
2398 3033 2589 3084 Latina

1515 3116 1950 3179 interpretatione
1976 3112 2165 3164 afferre
2189 3113 2368 3168 liceat,
2387 3110 2404 3139 ‘
2420 3111 2588 3161 Nata·

1516 3190 1584 3243 lis
1619 3191 1845 3263 Augusti
1887 3193 1939 3241 in
1975 3192 2151 3254 Circo,
2193 3199 2249 3241 et
2277 3189 2435 3239 variis
2471 3187 2587 3238 aliis

1516 3267 1663 3318 urbis
1705 3269 1849 3324 locis,
1887 3266 2245 3317 venationibus
2287 3265 2586 3315 celebratus

1518 3352 1633 3406 est;
1670 3345 1830 3409 idque
1853 3344 1955 3394 etsi
1981 3358 2082 3393 non
2103 3342 2393 3404 decretum,
2410 3350 2588 3392 tamen

1520 3422 1796 3487 quotannis
1819 3421 1928 3471 fere
1951 3436 1983 3470 a
2014 3419 2326 3484 praetoribus
2349 3417 2589 3471 factum!
2692 3418 2699 3425 ’

1515 3499 1887 3560 Spectaculum
1909 3496 2039 3546 adeo
2054 3494 2200 3557 illud,
2219 3492 2285 3542 de
2305 3505 2406 3557 quo
2424 3494 2588 3557 loqui·

1519 3581 1608 3624 tur
1641 3575 1861 3629 Plinius,
1884 3572 2152 3635 sigillatim
2187 3577 2304 3620 erat
2325 3570 2591 3620 Circense.

1518 3650 1609 3700 Sic
1644 3649 1937 3714 appellatur
1972 3664 2002 3696 a
2025 3646 2304 3710 Spartiano
2338 3647 2388 3695 iu
2426 3646 2590 3697 Didio

1518 3724 1750 3787 Juliano,
1770 3740 1817 3775 c.
1831 3729 1883 3774 4.
1910 3723 2063 3774 ‘Inde
2085 3722 2151 3772 ad
2172 3722 2421 3773 Circense
2437 3736 2589 3786 spec·

1520 3803 1748 3851 taculum
1773 3802 1902 3851 itum
1928 3794 2045 3849 est?
2113 3797 2196 3848 Ad
2222 3797 2590 3851 celebritatem

1519 3878 1656 3927 enim
1682 3877 1885 3939 natalis,
1904 3874 2154 3939 principis
2179 3875 2406 3924 maxime
2427 3874 2590 3925 facie·

1521 3953 1615 4005 bat
1658 3954 1674 3982 ‘
1691 3968 1879 4017 pompa
1924 3950 2223 4003 Circensis.’
2309 3951 2462 4004 Quod
2521 3966 2590 4001 ex

1518 4031 1634 4081 loco
1656 4030 1850 4080 Dionis
1870 4028 2038 4080 Cassii
2057 4028 2211 4079 modo
2235 4028 2487 4085 excitato,
2511 4028 2589 4077 in·

1519 4106 1830 4170 telligimu83
1880 4121 2033 4171 quam
2080 4119 2322 4169 pompam
2366 4104 2592 4166 Dionys.

1521 4184 1877 4236 Halicarnass.
1914 4183 2006 4233 lib.
2031 4196 2132 4232 vn.
2162 4180 2360 4244 optime
2390 4179 2591 4230 descri-

1518 4259 1616 4312 bit.
1680 4261 1771 4311 Sic
1795 4267 1876 4325 et,
1895 4259 2144 4310 Suetonio
2164 4254 2449 4319 referente,
2470 4254 2590 4306 Tib.

1517 4348 1567 4386 c.
1589 4340 1672 4388 26.
1691 4337 1777 4388 hic
1799 4338 1977 4388 Caesar
1995 4337 2012 4365 ‘
2026 4335 2256 4387 natalem
2279 4348 2445 4394 suum,
2479 4334 2591 4400 ple·
