<?xml version="1.0" encoding="UTF-8"?>
<!DOCTYPE html PUBLIC "-//W3C//DTD XHTML 1.0 Transitional//EN"
    "http://www.w3.org/TR/xhtml1/DTD/xhtml1-transitional.dtd">
<html xmlns="http://www.w3.org/1999/xhtml" xml:lang="en" lang="en">
 <head>
  <title>
</title>
<meta http-equiv="Content-Type" content="text/html;charset=utf-8" />
  <meta name='ocr-system' content='tesseract 3.04.00' />
  <meta name='ocr-capabilities' content='ocr_page ocr_carea ocr_par ocr_line ocrx_word'/>
</head>
<body>
  <div class='ocr_page' id='page_1' title='image "./panegyriciveter01unkngoog_0258.png"; bbox 0 0 3017 4942; ppageno 0'>
   <div class='ocr_carea' id='block_1_1' title="bbox 463 371 596 438">
    <p class='ocr_par' dir='ltr' id='par_1_1' title="bbox 463 371 596 438">
     <span class='ocr_line' id='line_1_1' title="bbox 463 371 596 438; baseline 0 0"><span class='ocrx_word' id='word_1_1' title='bbox 463 371 596 438; x_wconf 81' lang='lat'>666</span> 
     </span>
    </p>
   </div>
   <div class='ocr_carea' id='block_1_2' title="bbox 458 526 1543 4364">
    <p class='ocr_par' dir='ltr' id='par_1_2' title="bbox 462 526 1539 671">
     <span class='ocr_line' id='line_1_2' title="bbox 462 526 1539 595; baseline -0.004 -15"><span class='ocrx_word' id='word_1_2' title='bbox 462 530 612 587; x_wconf 72' lang='lat' dir='ltr'>alios,</span> <span class='ocrx_word' id='word_1_3' title='bbox 655 529 925 581; x_wconf 72' lang='lat' dir='ltr'>annotavit</span> <span class='ocrx_word' id='word_1_4' title='bbox 970 527 1253 595; x_wconf 75' lang='lat' dir='ltr'>Lougolius</span> <span class='ocrx_word' id='word_1_5' title='bbox 1291 526 1360 579; x_wconf 76' lang='lat' dir='ltr'>ad</span> <span class='ocrx_word' id='word_1_6' title='bbox 1396 526 1539 577; x_wconf 82' lang='lat' dir='ltr'>Pun.</span> 
     </span>
     <span class='ocr_line' id='line_1_3' title="bbox 470 607 1096 671; baseline 0.005 -14"><span class='ocrx_word' id='word_1_7' title='bbox 470 608 645 671; x_wconf 79' lang='lat' dir='ltr'>Epist.</span> <span class='ocrx_word' id='word_1_8' title='bbox 671 621 731 658; x_wconf 85' lang='lat' dir='ltr'>x.</span> <span class='ocrx_word' id='word_1_9' title='bbox 753 611 836 659; x_wconf 82' lang='lat'>84.</span> <span class='ocrx_word' id='word_1_10' title='bbox 861 613 910 658; x_wconf 76' lang='lat'>3.</span> <span class='ocrx_word' id='word_1_11' title='bbox 941 607 1096 660; x_wconf 69' lang='lat' dir='ltr'>Idem·</span> 
     </span>
    </p>

    <p class='ocr_par' dir='ltr' id='par_1_3' title="bbox 458 681 1543 4364">
     <span class='ocr_line' id='line_1_4' title="bbox 532 681 1537 747; baseline -0.004 -13"><span class='ocrx_word' id='word_1_12' title='bbox 532 685 638 738; x_wconf 77' lang='lat' dir='ltr'>Per</span> <span class='ocrx_word' id='word_1_13' title='bbox 666 683 889 747; x_wconf 67' lang='lat' dir='ltr'>Latium]</span> <span class='ocrx_word' id='word_1_14' title='bbox 924 686 1013 735; x_wconf 88' lang='lat' dir='ltr'>De</span> <span class='ocrx_word' id='word_1_15' title='bbox 1050 686 1150 734; x_wconf 81' lang='lat' dir='ltr'>hac</span> <span class='ocrx_word' id='word_1_16' title='bbox 1170 682 1395 734; x_wconf 85' lang='lat' dir='ltr'>formula</span> <span class='ocrx_word' id='word_1_17' title='bbox 1422 681 1537 746; x_wconf 85' lang='lat' dir='ltr'>jam</span> 
     </span>
     <span class='ocr_line' id='line_1_5' title="bbox 472 756 1535 825; baseline -0.002 -16"><span class='ocrx_word' id='word_1_18' title='bbox 472 775 631 825; x_wconf 83' lang='lat' dir='ltr'>snpra</span> <span class='ocrx_word' id='word_1_19' title='bbox 669 760 738 810; x_wconf 86' lang='lat' dir='ltr'>ad</span> <span class='ocrx_word' id='word_1_20' title='bbox 776 774 1012 811; x_wconf 82' lang='lat' dir='ltr'>xxxvn.</span> <span class='ocrx_word' id='word_1_21' title='bbox 1049 765 1099 810; x_wconf 75' lang='lat'>8.</span> <span class='ocrx_word' id='word_1_22' title='bbox 1143 760 1358 810; x_wconf 86' lang='lat' dir='ltr'>dictum.</span> <span class='ocrx_word' id='word_1_23' title='bbox 1427 756 1535 809; x_wconf 83' lang='lat' dir='ltr'>Sed</span> 
     </span>
     <span class='ocr_line' id='line_1_6' title="bbox 468 832 1538 899; baseline -0.004 -12"><span class='ocrx_word' id='word_1_24' title='bbox 468 838 523 887; x_wconf 89' lang='lat' dir='ltr'>iu</span> <span class='ocrx_word' id='word_1_25' title='bbox 542 839 642 887; x_wconf 83' lang='lat' dir='ltr'>hoc</span> <span class='ocrx_word' id='word_1_26' title='bbox 664 837 780 886; x_wconf 92' lang='lat' dir='ltr'>loco</span> <span class='ocrx_word' id='word_1_27' title='bbox 798 837 900 885; x_wconf 86' lang='lat' dir='ltr'>alia</span> <span class='ocrx_word' id='word_1_28' title='bbox 913 838 1045 887; x_wconf 79' lang='lat' dir='ltr'>latet</span> <span class='ocrx_word' id='word_1_29' title='bbox 1065 832 1366 899; x_wconf 85' lang='lat' dir='ltr'>difficultas,</span> <span class='ocrx_word' id='word_1_30' title='bbox 1382 848 1538 898; x_wconf 86' lang='lat' dir='ltr'>quam</span> 
     </span>
     <span class='ocr_line' id='line_1_7' title="bbox 468 912 1539 977; baseline -0.001 -15"><span class='ocrx_word' id='word_1_31' title='bbox 468 913 677 977; x_wconf 87' lang='lat' dir='ltr'>plurimi</span> <span class='ocrx_word' id='word_1_32' title='bbox 700 919 1135 964; x_wconf 73' lang='lat' dir='ltr'><strong>commentatores</strong></span> <span class='ocrx_word' id='word_1_33' title='bbox 1159 912 1539 961; x_wconf 84' lang='lat' dir='ltr'>transilierunt.</span> 
     </span>
     <span class='ocr_line' id='line_1_8' title="bbox 471 988 1543 1041; baseline -0.003 -1"><span class='ocrx_word' id='word_1_34' title='bbox 471 990 611 1041; x_wconf 77' lang='lat' dir='ltr'>Quid</span> <span class='ocrx_word' id='word_1_35' title='bbox 630 990 765 1040; x_wconf 84' lang='lat' dir='ltr'>enim</span> <span class='ocrx_word' id='word_1_36' title='bbox 783 990 882 1040; x_wconf 83' lang='lat' dir='ltr'>sibi</span> <span class='ocrx_word' id='word_1_37' title='bbox 895 992 1009 1041; x_wconf 86' lang='lat' dir='ltr'>vult</span> <span class='ocrx_word' id='word_1_38' title='bbox 1023 991 1227 1040; x_wconf 75' lang='lat' dir='ltr'><strong>Plinius</strong></span> <span class='ocrx_word' id='word_1_39' title='bbox 1244 990 1322 1039; x_wconf 82' lang='lat' dir='ltr'>his</span> <span class='ocrx_word' id='word_1_40' title='bbox 1336 988 1543 1038; x_wconf 84' lang='lat' dir='ltr'>verbis?</span> 
     </span>
     <span class='ocr_line' id='line_1_9' title="bbox 467 1065 1538 1132; baseline -0.003 -15"><span class='ocrx_word' id='word_1_41' title='bbox 467 1066 602 1117; x_wconf 85' lang='lat' dir='ltr'>‘His</span> <span class='ocrx_word' id='word_1_42' title='bbox 625 1066 1049 1132; x_wconf 86' lang='lat' dir='ltr'>quoque,quibus</span> <span class='ocrx_word' id='word_1_43' title='bbox 1064 1080 1160 1130; x_wconf 89' lang='lat' dir='ltr'>per</span> <span class='ocrx_word' id='word_1_44' title='bbox 1178 1065 1383 1116; x_wconf 85' lang='lat' dir='ltr'>Latium</span> <span class='ocrx_word' id='word_1_45' title='bbox 1406 1065 1538 1114; x_wconf 87' lang='lat' dir='ltr'>civi·</span> 
     </span>
     <span class='ocr_line' id='line_1_10' title="bbox 469 1141 1536 1209; baseline -0.004 -15"><span class='ocrx_word' id='word_1_46' title='bbox 469 1152 549 1195; x_wconf 85' lang='lat' dir='ltr'>tas</span> <span class='ocrx_word' id='word_1_47' title='bbox 573 1144 810 1194; x_wconf 86' lang='lat' dir='ltr'>Romana</span> <span class='ocrx_word' id='word_1_48' title='bbox 826 1146 1104 1209; x_wconf 84' lang='lat' dir='ltr'>patuisset,</span> <span class='ocrx_word' id='word_1_49' title='bbox 1126 1146 1263 1194; x_wconf 85' lang='lat' dir='ltr'>idem</span> <span class='ocrx_word' id='word_1_50' title='bbox 1285 1141 1536 1194; x_wconf 88' lang='lat' dir='ltr'>indulsit.’</span> 
     </span>
     <span class='ocr_line' id='line_1_11' title="bbox 470 1221 1535 1287; baseline -0.003 -14"><span class='ocrx_word' id='word_1_51' title='bbox 470 1222 663 1274; x_wconf 87' lang='lat' dir='ltr'>Nonne</span> <span class='ocrx_word' id='word_1_52' title='bbox 702 1221 837 1272; x_wconf 83' lang='lat' dir='ltr'>euim</span> <span class='ocrx_word' id='word_1_53' title='bbox 872 1236 934 1271; x_wconf 85' lang='lat' dir='ltr'>ea</span> <span class='ocrx_word' id='word_1_54' title='bbox 956 1237 1072 1287; x_wconf 79' lang='lat' dir='ltr'>quas</span> <span class='ocrx_word' id='word_1_55' title='bbox 1113 1222 1316 1272; x_wconf 88' lang='lat' dir='ltr'>Plinius</span> <span class='ocrx_word' id='word_1_56' title='bbox 1341 1221 1408 1271; x_wconf 89' lang='lat' dir='ltr'>de</span> <span class='ocrx_word' id='word_1_57' title='bbox 1438 1221 1535 1270; x_wconf 83' lang='lat' dir='ltr'>im·</span> 
     </span>
     <span class='ocr_line' id='line_1_12' title="bbox 470 1297 1533 1360; baseline -0.002 -11"><span class='ocrx_word' id='word_1_58' title='bbox 470 1299 723 1350; x_wconf 80' lang='lat' dir='ltr'>munitate</span> <span class='ocrx_word' id='word_1_59' title='bbox 746 1299 1003 1350; x_wconf 62' lang='lat' dir='ltr'>vicesimas</span> <span class='ocrx_word' id='word_1_60' title='bbox 1037 1300 1282 1349; x_wconf 79' lang='lat' dir='ltr'>hactenus</span> <span class='ocrx_word' id='word_1_61' title='bbox 1303 1297 1533 1360; x_wconf 81' lang='lat' dir='ltr'>dixerat,</span> 
     </span>
     <span class='ocr_line' id='line_1_13' title="bbox 458 1374 1535 1439; baseline -0.003 -14"><span class='ocrx_word' id='word_1_62' title='bbox 458 1374 570 1437; x_wconf 68' lang='lat' dir='ltr'>,ism</span> <span class='ocrx_word' id='word_1_63' title='bbox 592 1376 861 1439; x_wconf 78' lang='lat' dir='ltr'>pertinent</span> <span class='ocrx_word' id='word_1_64' title='bbox 891 1374 958 1424; x_wconf 86' lang='lat' dir='ltr'>ad</span> <span class='ocrx_word' id='word_1_65' title='bbox 986 1388 1151 1424; x_wconf 79' lang='lat' dir='ltr'>novos</span> <span class='ocrx_word' id='word_1_66' title='bbox 1176 1374 1316 1423; x_wconf 80' lang='lat' dir='ltr'>cives</span> <span class='ocrx_word' id='word_1_67' title='bbox 1342 1374 1535 1422; x_wconf 81' lang='lat' dir='ltr'>Roma-</span> 
     </span>
     <span class='ocr_line' id='line_1_14' title="bbox 469 1449 1534 1517; baseline -0.004 -16"><span class='ocrx_word' id='word_1_68' title='bbox 469 1465 582 1514; x_wconf 82' lang='lat' dir='ltr'>nos,</span> <span class='ocrx_word' id='word_1_69' title='bbox 623 1452 712 1517; x_wconf 87' lang='lat' dir='ltr'>qui</span> <span class='ocrx_word' id='word_1_70' title='bbox 748 1453 830 1501; x_wconf 65' lang='lat' dir='ltr'>vel</span> <span class='ocrx_word' id='word_1_71' title='bbox 867 1450 1123 1502; x_wconf 84' lang='lat' dir='ltr'>beneficio</span> <span class='ocrx_word' id='word_1_72' title='bbox 1159 1449 1413 1514; x_wconf 83' lang='lat' dir='ltr'>principis</span> <span class='ocrx_word' id='word_1_73' title='bbox 1448 1449 1534 1498; x_wconf 82' lang='lat' dir='ltr'>vel</span> 
     </span>
     <span class='ocr_line' id='line_1_15' title="bbox 471 1525 1533 1593; baseline -0.002 -17"><span class='ocrx_word' id='word_1_74' title='bbox 471 1542 566 1590; x_wconf 72' lang='lat' dir='ltr'>per</span> <span class='ocrx_word' id='word_1_75' title='bbox 599 1528 692 1593; x_wconf 87' lang='lat' dir='ltr'>jus</span> <span class='ocrx_word' id='word_1_76' title='bbox 723 1528 862 1578; x_wconf 76' lang='lat' dir='ltr'>Latii</span> <span class='ocrx_word' id='word_1_77' title='bbox 882 1528 1124 1578; x_wconf 79' lang='lat' dir='ltr'>venirent</span> <span class='ocrx_word' id='word_1_78' title='bbox 1145 1527 1199 1576; x_wconf 89' lang='lat' dir='ltr'>iu</span> <span class='ocrx_word' id='word_1_79' title='bbox 1216 1527 1487 1577; x_wconf 79' lang='lat' dir='ltr'>civitatem</span> <span class='ocrx_word' id='word_1_80' title='bbox 1511 1525 1533 1573; x_wconf 85' lang='lat'>?</span> 
     </span>
     <span class='ocr_line' id='line_1_16' title="bbox 468 1603 1534 1654; baseline -0.003 0"><span class='ocrx_word' id='word_1_81' title='bbox 468 1605 629 1654; x_wconf 72' lang='lat' dir='ltr'>Certe</span> <span class='ocrx_word' id='word_1_82' title='bbox 653 1604 919 1654; x_wconf 79' lang='lat' dir='ltr'>veteribus</span> <span class='ocrx_word' id='word_1_83' title='bbox 934 1604 1141 1654; x_wconf 82' lang='lat' dir='ltr'>civibus</span> <span class='ocrx_word' id='word_1_84' title='bbox 1161 1603 1406 1653; x_wconf 84' lang='lat' dir='ltr'>Romanis</span> <span class='ocrx_word' id='word_1_85' title='bbox 1431 1616 1534 1651; x_wconf 88' lang='lat' dir='ltr'>non</span> 
     </span>
     <span class='ocr_line' id='line_1_17' title="bbox 466 1679 1534 1747; baseline -0.006 -13"><span class='ocrx_word' id='word_1_86' title='bbox 466 1696 597 1747; x_wconf 80' lang='lat' dir='ltr'>opus</span> <span class='ocrx_word' id='word_1_87' title='bbox 637 1691 752 1732; x_wconf 79' lang='lat' dir='ltr'>erat</span> <span class='ocrx_word' id='word_1_88' title='bbox 781 1681 1033 1746; x_wconf 80' lang='lat' dir='ltr'>ejusmodi</span> <span class='ocrx_word' id='word_1_89' title='bbox 1068 1680 1292 1736; x_wconf 83' lang='lat' dir='ltr'>indultu,</span> <span class='ocrx_word' id='word_1_90' title='bbox 1318 1694 1436 1730; x_wconf 84' lang='lat' dir='ltr'>cnm</span> <span class='ocrx_word' id='word_1_91' title='bbox 1468 1679 1534 1728; x_wconf 89' lang='lat' dir='ltr'>iis</span> 
     </span>
     <span class='ocr_line' id='line_1_18' title="bbox 460 1755 1535 1822; baseline -0.006 -13"><span class='ocrx_word' id='word_1_92' title='bbox 460 1758 569 1822; x_wconf 69' lang='lat' dir='ltr'>jum</span> <span class='ocrx_word' id='word_1_93' title='bbox 593 1758 856 1822; x_wconf 74' lang='lat' dir='ltr'>Augustus</span> <span class='ocrx_word' id='word_1_94' title='bbox 896 1756 1182 1807; x_wconf 68' lang='lat' dir='ltr'>remisisset</span> <span class='ocrx_word' id='word_1_95' title='bbox 1216 1755 1535 1816; x_wconf 80' lang='lat' dir='ltr'>vicesimam,</span> 
     </span>
     <span class='ocr_line' id='line_1_19' title="bbox 468 1831 1534 1899; baseline -0.005 -15"><span class='ocrx_word' id='word_1_96' title='bbox 468 1834 557 1884; x_wconf 78' lang='lat' dir='ltr'>ubi</span> <span class='ocrx_word' id='word_1_97' title='bbox 576 1849 690 1886; x_wconf 81' lang='lat' dir='ltr'>eam</span> <span class='ocrx_word' id='word_1_98' title='bbox 710 1833 930 1899; x_wconf 84' lang='lat' dir='ltr'>primum</span> <span class='ocrx_word' id='word_1_99' title='bbox 952 1832 1199 1881; x_wconf 83' lang='lat' dir='ltr'>instituit.</span> <span class='ocrx_word' id='word_1_100' title='bbox 1263 1831 1534 1895; x_wconf 70' lang='lat' dir='ltr'>Agnosces</span> 
     </span>
     <span class='ocr_line' id='line_1_20' title="bbox 465 1910 1532 1979; baseline -0.003 -16"><span class='ocrx_word' id='word_1_101' title='bbox 465 1927 593 1979; x_wconf 70' lang='lat' dir='ltr'>ergo</span> <span class='ocrx_word' id='word_1_102' title='bbox 612 1913 838 1978; x_wconf 79' lang='lat' dir='ltr'>aliquam</span> <span class='ocrx_word' id='word_1_103' title='bbox 863 1910 1241 1975; x_wconf 81' lang='lat' dir='ltr'>difficultatem,</span> <span class='ocrx_word' id='word_1_104' title='bbox 1277 1926 1393 1961; x_wconf 88' lang='lat' dir='ltr'>cnm</span> <span class='ocrx_word' id='word_1_105' title='bbox 1424 1911 1532 1961; x_wconf 90' lang='lat' dir='ltr'>Pli-</span> 
     </span>
     <span class='ocr_line' id='line_1_21' title="bbox 462 1988 1527 2052; baseline -0.004 -12"><span class='ocrx_word' id='word_1_106' title='bbox 462 1992 580 2041; x_wconf 88' lang='lat' dir='ltr'>nius</span> <span class='ocrx_word' id='word_1_107' title='bbox 599 1992 760 2042; x_wconf 67' lang='lat' dir='ltr'>nihilo</span> <span class='ocrx_word' id='word_1_108' title='bbox 777 1990 945 2040; x_wconf 83' lang='lat' dir='ltr'>miuus</span> <span class='ocrx_word' id='word_1_109' title='bbox 965 1989 1124 2052; x_wconf 81' lang='lat' dir='ltr'>dicat,</span> <span class='ocrx_word' id='word_1_110' title='bbox 1145 1991 1161 2017; x_wconf 77' lang='lat'>⁸</span> <span class='ocrx_word' id='word_1_111' title='bbox 1179 1988 1277 2038; x_wconf 85' lang='lat' dir='ltr'>His</span> <span class='ocrx_word' id='word_1_112' title='bbox 1302 2001 1527 2052; x_wconf 85' lang='lat' dir='ltr'>quoque,</span> 
     </span>
     <span class='ocr_line' id='line_1_22' title="bbox 464 2066 1531 2133; baseline -0.004 -15"><span class='ocrx_word' id='word_1_113' title='bbox 464 2068 647 2133; x_wconf 86' lang='lat' dir='ltr'>quibus</span> <span class='ocrx_word' id='word_1_114' title='bbox 660 2083 757 2133; x_wconf 80' lang='lat' dir='ltr'>per</span> <span class='ocrx_word' id='word_1_115' title='bbox 770 2068 975 2118; x_wconf 84' lang='lat' dir='ltr'>Latium</span> <span class='ocrx_word' id='word_1_116' title='bbox 987 2067 1177 2116; x_wconf 79' lang='lat' dir='ltr'>civitas</span> <span class='ocrx_word' id='word_1_117' title='bbox 1191 2066 1425 2116; x_wconf 85' lang='lat' dir='ltr'>Romana</span> <span class='ocrx_word' id='word_1_118' title='bbox 1442 2080 1531 2129; x_wconf 85' lang='lat' dir='ltr'>pa·</span> 
     </span>
     <span class='ocr_line' id='line_1_23' title="bbox 462 2142 1530 2208; baseline -0.001 -14"><span class='ocrx_word' id='word_1_119' title='bbox 462 2146 669 2202; x_wconf 68' lang='lat' dir='ltr'>unisset,</span> <span class='ocrx_word' id='word_1_120' title='bbox 691 2144 831 2197; x_wconf 79' lang='lat' dir='ltr'>idem</span> <span class='ocrx_word' id='word_1_121' title='bbox 855 2143 1069 2195; x_wconf 79' lang='lat' dir='ltr'>indulsit</span> <span class='ocrx_word' id='word_1_122' title='bbox 1085 2142 1119 2204; x_wconf 63' lang='grc' dir='ltr'>ς’</span> <span class='ocrx_word' id='word_1_123' title='bbox 1153 2144 1300 2208; x_wconf 84' lang='lat' dir='ltr'>quasi</span> <span class='ocrx_word' id='word_1_124' title='bbox 1327 2144 1530 2193; x_wconf 82' lang='lat' dir='ltr'>Plinius</span> 
     </span>
     <span class='ocr_line' id='line_1_24' title="bbox 466 2221 1533 2287; baseline -0.002 -16"><span class='ocrx_word' id='word_1_125' title='bbox 466 2230 622 2272; x_wconf 80' lang='lat' dir='ltr'>antea</span> <span class='ocrx_word' id='word_1_126' title='bbox 638 2222 705 2272; x_wconf 88' lang='lat' dir='ltr'>de</span> <span class='ocrx_word' id='word_1_127' title='bbox 728 2222 861 2280; x_wconf 84' lang='lat' dir='ltr'>aliis,</span> <span class='ocrx_word' id='word_1_128' title='bbox 884 2236 1035 2287; x_wconf 84' lang='lat' dir='ltr'>qnam</span> <span class='ocrx_word' id='word_1_129' title='bbox 1049 2222 1166 2285; x_wconf 87' lang='lat' dir='ltr'>jure</span> <span class='ocrx_word' id='word_1_130' title='bbox 1186 2221 1326 2271; x_wconf 75' lang='lat' dir='ltr'>Latii</span> <span class='ocrx_word' id='word_1_131' title='bbox 1348 2221 1533 2270; x_wconf 82' lang='lat' dir='ltr'>civita-</span> 
     </span>
     <span class='ocr_line' id='line_1_25' title="bbox 468 2296 1532 2354; baseline -0.001 -8"><span class='ocrx_word' id='word_1_132' title='bbox 468 2303 574 2346; x_wconf 80' lang='lat' dir='ltr'>tem</span> <span class='ocrx_word' id='word_1_133' title='bbox 613 2298 899 2350; x_wconf 61' lang='lat' dir='ltr'>Romanam</span> <span class='ocrx_word' id='word_1_134' title='bbox 934 2298 1248 2354; x_wconf 69' lang='lat' dir='ltr'>consecutis,</span> <span class='ocrx_word' id='word_1_135' title='bbox 1288 2296 1532 2346; x_wconf 85' lang='lat' dir='ltr'>dixisset.</span> 
     </span>
     <span class='ocr_line' id='line_1_26' title="bbox 466 2375 1532 2444; baseline -0.001 -18"><span class='ocrx_word' id='word_1_136' title='bbox 466 2376 621 2426; x_wconf 79' lang='lat' dir='ltr'>Solus</span> <span class='ocrx_word' id='word_1_137' title='bbox 640 2377 844 2440; x_wconf 82' lang='lat' dir='ltr'>Lipsius</span> <span class='ocrx_word' id='word_1_138' title='bbox 861 2377 1039 2444; x_wconf 63' lang='lat' dir='ltr'>attigit</span> <span class='ocrx_word' id='word_1_139' title='bbox 1061 2377 1198 2426; x_wconf 83' lang='lat' dir='ltr'>hunc</span> <span class='ocrx_word' id='word_1_140' title='bbox 1220 2378 1411 2433; x_wconf 79' lang='lat' dir='ltr'>iocum,</span> <span class='ocrx_word' id='word_1_141' title='bbox 1435 2375 1532 2425; x_wconf 85' lang='lat' dir='ltr'>sed</span> 
     </span>
     <span class='ocr_line' id='line_1_27' title="bbox 466 2449 1532 2515; baseline -0.001 -13"><span class='ocrx_word' id='word_1_142' title='bbox 466 2454 646 2515; x_wconf 71' lang='lat' dir='ltr'>attigit</span> <span class='ocrx_word' id='word_1_143' title='bbox 701 2449 965 2503; x_wconf 79' lang='lat' dir='ltr'>levissime</span> <span class='ocrx_word' id='word_1_144' title='bbox 1005 2459 1060 2508; x_wconf 81' lang='lat' dir='ltr'>et</span> <span class='ocrx_word' id='word_1_145' title='bbox 1093 2452 1214 2502; x_wconf 82' lang='lat' dir='ltr'>hinc</span> <span class='ocrx_word' id='word_1_146' title='bbox 1254 2466 1357 2502; x_wconf 88' lang='lat' dir='ltr'>uon</span> <span class='ocrx_word' id='word_1_147' title='bbox 1401 2452 1532 2501; x_wconf 84' lang='lat' dir='ltr'>nibil</span> 
     </span>
     <span class='ocr_line' id='line_1_28' title="bbox 467 2528 1532 2593; baseline 0.001 -15"><span class='ocrx_word' id='word_1_148' title='bbox 467 2529 756 2580; x_wconf 72' lang='lat' dir='ltr'>obscurius.</span> <span class='ocrx_word' id='word_1_149' title='bbox 790 2535 806 2559; x_wconf 81' lang='lat'><strong><em>⁴</em></strong></span> <span class='ocrx_word' id='word_1_150' title='bbox 828 2531 951 2580; x_wconf 83' lang='lat' dir='ltr'>Non</span> <span class='ocrx_word' id='word_1_151' title='bbox 972 2528 1173 2587; x_wconf 83' lang='lat' dir='ltr'>solum‚’</span> <span class='ocrx_word' id='word_1_152' title='bbox 1196 2529 1383 2592; x_wconf 78' lang='lat' dir='ltr'>inquit,</span> <span class='ocrx_word' id='word_1_153' title='bbox 1404 2531 1420 2558; x_wconf 81' lang='lat'>⁸</span> <span class='ocrx_word' id='word_1_154' title='bbox 1441 2530 1532 2593; x_wconf 83' lang='lat' dir='ltr'>qui</span> 
     </span>
     <span class='ocr_line' id='line_1_29' title="bbox 472 2605 1532 2670; baseline 0 -15"><span class='ocrx_word' id='word_1_155' title='bbox 472 2605 725 2656; x_wconf 85' lang='lat' dir='ltr'>beneficio</span> <span class='ocrx_word' id='word_1_156' title='bbox 767 2607 1036 2670; x_wconf 86' lang='lat' dir='ltr'>principis.</span> <span class='ocrx_word' id='word_1_157' title='bbox 1120 2606 1201 2658; x_wconf 84' lang='lat' dir='ltr'>Au</span> <span class='ocrx_word' id='word_1_158' title='bbox 1245 2607 1346 2654; x_wconf 82' lang='lat' dir='ltr'>hoc</span> <span class='ocrx_word' id='word_1_159' title='bbox 1382 2605 1532 2664; x_wconf 83' lang='lat' dir='ltr'>dicit,</span> 
     </span>
     <span class='ocr_line' id='line_1_30' title="bbox 467 2680 1533 2736; baseline -0.003 -2"><span class='ocrx_word' id='word_1_160' title='bbox 467 2683 798 2734; x_wconf 63' lang='lat' dir='ltr'>annitentem</span> <span class='ocrx_word' id='word_1_161' title='bbox 840 2683 1013 2733; x_wconf 85' lang='lat' dir='ltr'>Latini</span> <span class='ocrx_word' id='word_1_162' title='bbox 1037 2684 1178 2736; x_wconf 79' lang='lat' dir='ltr'>cives</span> <span class='ocrx_word' id='word_1_163' title='bbox 1193 2680 1231 2732; x_wconf 87' lang='lat'>?&#39;</span> <span class='ocrx_word' id='word_1_164' title='bbox 1302 2683 1419 2733; x_wconf 76' lang='lat' dir='ltr'>Nisi</span> <span class='ocrx_word' id='word_1_165' title='bbox 1444 2696 1533 2732; x_wconf 78' lang='lat' dir='ltr'>ve·</span> 
     </span>
     <span class='ocr_line' id='line_1_31' title="bbox 468 2759 1532 2824; baseline 0.001 -16"><span class='ocrx_word' id='word_1_166' title='bbox 468 2760 739 2811; x_wconf 72' lang='lat' dir='ltr'>humenter</span> <span class='ocrx_word' id='word_1_167' title='bbox 760 2760 931 2822; x_wconf 83' lang='lat' dir='ltr'>fallor,</span> <span class='ocrx_word' id='word_1_168' title='bbox 962 2761 1224 2824; x_wconf 84' lang='lat' dir='ltr'>duplicem</span> <span class='ocrx_word' id='word_1_169' title='bbox 1249 2759 1405 2824; x_wconf 80' lang='lat' dir='ltr'>hujus</span> <span class='ocrx_word' id='word_1_170' title='bbox 1429 2759 1532 2809; x_wconf 84' lang='lat' dir='ltr'>loci</span> 
     </span>
     <span class='ocr_line' id='line_1_32' title="bbox 465 2835 1532 2901; baseline 0 -16"><span class='ocrx_word' id='word_1_171' title='bbox 465 2836 956 2901; x_wconf 79' lang='lat' dir='ltr'>interpretationem</span> <span class='ocrx_word' id='word_1_172' title='bbox 979 2837 1159 2886; x_wconf 79' lang='lat' dir='ltr'>attulit</span> <span class='ocrx_word' id='word_1_173' title='bbox 1173 2835 1378 2899; x_wconf 82' lang='lat' dir='ltr'>Lipsius</span> <span class='ocrx_word' id='word_1_174' title='bbox 1395 2850 1410 2884; x_wconf 76' lang='lat' dir='ltr'>t</span> <span class='ocrx_word' id='word_1_175' title='bbox 1428 2836 1532 2900; x_wconf 87' lang='lat' dir='ltr'>pri·</span> 
     </span>
     <span class='ocr_line' id='line_1_33' title="bbox 465 2909 1532 2981; baseline -0.002 -15"><span class='ocrx_word' id='word_1_176' title='bbox 465 2909 618 2974; x_wconf 77' lang='lat' dir='ltr'>marn,</span> <span class='ocrx_word' id='word_1_177' title='bbox 653 2922 715 2967; x_wconf 88' lang='lat' dir='ltr'>ut</span> <span class='ocrx_word' id='word_1_178' title='bbox 736 2917 939 2981; x_wconf 85' lang='lat' dir='ltr'>putarit</span> <span class='ocrx_word' id='word_1_179' title='bbox 985 2932 1016 2965; x_wconf 84' lang='lat' dir='ltr'>a</span> <span class='ocrx_word' id='word_1_180' title='bbox 1036 2916 1212 2966; x_wconf 86' lang='lat' dir='ltr'>Plinio</span> <span class='ocrx_word' id='word_1_181' title='bbox 1234 2917 1308 2966; x_wconf 86' lang='lat' dir='ltr'>sic</span> <span class='ocrx_word' id='word_1_182' title='bbox 1333 2914 1532 2979; x_wconf 78' lang='lat' dir='ltr'>signifi·</span> 
     </span>
     <span class='ocr_line' id='line_1_34' title="bbox 464 2991 1532 3058; baseline -0.002 -15"><span class='ocrx_word' id='word_1_183' title='bbox 464 2995 594 3058; x_wconf 74' lang='lat' dir='ltr'>cari,</span> <span class='ocrx_word' id='word_1_184' title='bbox 629 2995 911 3057; x_wconf 81' lang='lat' dir='ltr'>Trajanum</span> <span class='ocrx_word' id='word_1_185' title='bbox 946 3006 1048 3041; x_wconf 88' lang='lat' dir='ltr'>uon</span> <span class='ocrx_word' id='word_1_186' title='bbox 1085 2992 1247 3042; x_wconf 85' lang='lat' dir='ltr'>solum</span> <span class='ocrx_word' id='word_1_187' title='bbox 1285 2991 1347 3041; x_wconf 88' lang='lat' dir='ltr'>iis</span> <span class='ocrx_word' id='word_1_188' title='bbox 1387 2992 1532 3041; x_wconf 79' lang='lat' dir='ltr'>novis</span> 
     </span>
     <span class='ocr_line' id='line_1_35' title="bbox 465 3067 1532 3131; baseline -0.001 -14"><span class='ocrx_word' id='word_1_189' title='bbox 465 3069 661 3118; x_wconf 82' lang='lat' dir='ltr'>civibus</span> <span class='ocrx_word' id='word_1_190' title='bbox 684 3067 948 3129; x_wconf 83' lang='lat' dir='ltr'>Romanis,</span> <span class='ocrx_word' id='word_1_191' title='bbox 972 3067 1060 3131; x_wconf 86' lang='lat' dir='ltr'>qni</span> <span class='ocrx_word' id='word_1_192' title='bbox 1101 3067 1346 3130; x_wconf 76' lang='lat' dir='ltr'>peculiari</span> <span class='ocrx_word' id='word_1_193' title='bbox 1374 3067 1532 3130; x_wconf 87' lang='lat' dir='ltr'>privi-</span> 
     </span>
     <span class='ocr_line' id='line_1_36' title="bbox 466 3143 1532 3209; baseline 0.001 -16"><span class='ocrx_word' id='word_1_194' title='bbox 466 3145 603 3208; x_wconf 77' lang='lat' dir='ltr'>legio</span> <span class='ocrx_word' id='word_1_195' title='bbox 629 3149 682 3193; x_wconf 87' lang='lat' dir='ltr'>et</span> <span class='ocrx_word' id='word_1_196' title='bbox 706 3143 963 3193; x_wconf 86' lang='lat' dir='ltr'>beneficio</span> <span class='ocrx_word' id='word_1_197' title='bbox 987 3144 1236 3209; x_wconf 86' lang='lat' dir='ltr'>principis</span> <span class='ocrx_word' id='word_1_198' title='bbox 1259 3144 1532 3196; x_wconf 74' lang='lat' dir='ltr'>consecuti</span> 
     </span>
     <span class='ocr_line' id='line_1_37' title="bbox 468 3218 1533 3283; baseline 0.001 -14"><span class='ocrx_word' id='word_1_199' title='bbox 468 3225 644 3269; x_wconf 87' lang='lat' dir='ltr'>esseut</span> <span class='ocrx_word' id='word_1_200' title='bbox 688 3220 778 3283; x_wconf 88' lang='lat' dir='ltr'>jus</span> <span class='ocrx_word' id='word_1_201' title='bbox 821 3218 1051 3269; x_wconf 72' lang='lat' dir='ltr'>civitatis</span> <span class='ocrx_word' id='word_1_202' title='bbox 1108 3219 1392 3281; x_wconf 51' lang='lat' dir='ltr'>Romanam</span> <span class='ocrx_word' id='word_1_203' title='bbox 1440 3221 1533 3270; x_wconf 86' lang='lat' dir='ltr'>sed</span> 
     </span>
     <span class='ocr_line' id='line_1_38' title="bbox 468 3295 1532 3360; baseline 0.003 -16"><span class='ocrx_word' id='word_1_204' title='bbox 468 3295 629 3345; x_wconf 83' lang='lat' dir='ltr'>etiam</span> <span class='ocrx_word' id='word_1_205' title='bbox 664 3297 728 3345; x_wconf 84' lang='lat' dir='ltr'>iis</span> <span class='ocrx_word' id='word_1_206' title='bbox 762 3296 849 3360; x_wconf 86' lang='lat' dir='ltr'>qui</span> <span class='ocrx_word' id='word_1_207' title='bbox 889 3310 984 3359; x_wconf 89' lang='lat' dir='ltr'>per</span> <span class='ocrx_word' id='word_1_208' title='bbox 1012 3297 1101 3360; x_wconf 87' lang='lat' dir='ltr'>jus</span> <span class='ocrx_word' id='word_1_209' title='bbox 1136 3297 1275 3347; x_wconf 81' lang='lat' dir='ltr'>Latii</span> <span class='ocrx_word' id='word_1_210' title='bbox 1322 3298 1374 3346; x_wconf 90' lang='lat' dir='ltr'>in</span> <span class='ocrx_word' id='word_1_211' title='bbox 1415 3311 1532 3347; x_wconf 85' lang='lat' dir='ltr'>eam</span> 
     </span>
     <span class='ocr_line' id='line_1_39' title="bbox 470 3367 1531 3439; baseline 0.001 -14"><span class='ocrx_word' id='word_1_212' title='bbox 470 3367 727 3439; x_wconf 79' lang='lat' dir='ltr'>venirent,</span> <span class='ocrx_word' id='word_1_213' title='bbox 747 3376 1127 3427; x_wconf 89' lang='lat' dir='ltr'>immunitatem</span> <span class='ocrx_word' id='word_1_214' title='bbox 1161 3376 1421 3427; x_wconf 77' lang='lat' dir='ltr'>vicesimoe</span> <span class='ocrx_word' id='word_1_215' title='bbox 1453 3377 1531 3426; x_wconf 87' lang='lat' dir='ltr'>iu-</span> 
     </span>
     <span class='ocr_line' id='line_1_40' title="bbox 469 3451 1535 3503; baseline 0.001 -3"><span class='ocrx_word' id='word_1_216' title='bbox 469 3452 701 3502; x_wconf 83' lang='lat' dir='ltr'>dulsisse.</span> <span class='ocrx_word' id='word_1_217' title='bbox 767 3451 1062 3503; x_wconf 79' lang='lat' dir='ltr'>Secundum</span> <span class='ocrx_word' id='word_1_218' title='bbox 1104 3453 1322 3502; x_wconf 85' lang='lat' dir='ltr'>alteram</span> <span class='ocrx_word' id='word_1_219' title='bbox 1374 3454 1535 3501; x_wconf 82' lang='lat' dir='ltr'>inter·</span> 
     </span>
     <span class='ocr_line' id='line_1_41' title="bbox 470 3529 1536 3593; baseline 0.002 -16"><span class='ocrx_word' id='word_1_220' title='bbox 470 3530 820 3593; x_wconf 83' lang='lat' dir='ltr'>pretationem</span> <span class='ocrx_word' id='word_1_221' title='bbox 870 3530 1045 3592; x_wconf 90' lang='lat' dir='ltr'>Lipsii,</span> <span class='ocrx_word' id='word_1_222' title='bbox 1092 3529 1293 3578; x_wconf 78' lang='lat' dir='ltr'>Plinius</span> <span class='ocrx_word' id='word_1_223' title='bbox 1340 3529 1536 3593; x_wconf 71' lang='lat' dir='ltr'>signifi·</span> 
     </span>
     <span class='ocr_line' id='line_1_42' title="bbox 465 3607 1534 3671; baseline -0.001 -15"><span class='ocrx_word' id='word_1_224' title='bbox 465 3620 587 3656; x_wconf 84' lang='lat' dir='ltr'>care</span> <span class='ocrx_word' id='word_1_225' title='bbox 613 3607 794 3664; x_wconf 82' lang='lat' dir='ltr'>voluit,</span> <span class='ocrx_word' id='word_1_226' title='bbox 835 3608 1114 3670; x_wconf 67' lang='lat' dir='ltr'>&#39;trajanum</span> <span class='ocrx_word' id='word_1_227' title='bbox 1137 3607 1291 3656; x_wconf 86' lang='lat' dir='ltr'>etiam</span> <span class='ocrx_word' id='word_1_228' title='bbox 1320 3621 1411 3656; x_wconf 89' lang='lat' dir='ltr'>eos</span> <span class='ocrx_word' id='word_1_229' title='bbox 1442 3607 1534 3671; x_wconf 87' lang='lat' dir='ltr'>qni</span> 
     </span>
     <span class='ocr_line' id='line_1_43' title="bbox 467 3682 1534 3747; baseline 0.001 -17"><span class='ocrx_word' id='word_1_230' title='bbox 467 3696 524 3731; x_wconf 90' lang='lat' dir='ltr'>se</span> <span class='ocrx_word' id='word_1_231' title='bbox 560 3697 662 3733; x_wconf 89' lang='lat' dir='ltr'>non</span> <span class='ocrx_word' id='word_1_232' title='bbox 688 3682 1032 3733; x_wconf 84' lang='lat' dir='ltr'>contulissent</span> <span class='ocrx_word' id='word_1_233' title='bbox 1058 3684 1294 3747; x_wconf 83' lang='lat' dir='ltr'>Romam,</span> <span class='ocrx_word' id='word_1_234' title='bbox 1317 3682 1409 3733; x_wconf 87' lang='lat' dir='ltr'>sed</span> <span class='ocrx_word' id='word_1_235' title='bbox 1443 3683 1534 3746; x_wconf 85' lang='lat' dir='ltr'>qui</span> 
     </span>
     <span class='ocr_line' id='line_1_44' title="bbox 465 3757 1533 3822; baseline 0.002 -17"><span class='ocrx_word' id='word_1_236' title='bbox 465 3758 828 3807; x_wconf 81' lang='lat' dir='ltr'>tantummodo</span> <span class='ocrx_word' id='word_1_237' title='bbox 871 3757 1008 3807; x_wconf 86' lang='lat' dir='ltr'>Latii</span> <span class='ocrx_word' id='word_1_238' title='bbox 1043 3759 1200 3820; x_wconf 80' lang='lat' dir='ltr'>cives,</span> <span class='ocrx_word' id='word_1_239' title='bbox 1228 3759 1353 3822; x_wconf 87' lang='lat' dir='ltr'>jure</span> <span class='ocrx_word' id='word_1_240' title='bbox 1393 3757 1533 3809; x_wconf 78' lang='lat' dir='ltr'>Latii</span> 
     </span>
     <span class='ocr_line' id='line_1_45' title="bbox 466 3834 1536 3900; baseline 0.002 -18"><span class='ocrx_word' id='word_1_241' title='bbox 466 3834 562 3896; x_wconf 85' lang='lat' dir='ltr'>usi,</span> <span class='ocrx_word' id='word_1_242' title='bbox 609 3836 659 3882; x_wconf 82' lang='lat' dir='ltr'>in</span> <span class='ocrx_word' id='word_1_243' title='bbox 704 3835 921 3883; x_wconf 87' lang='lat' dir='ltr'>coloniis</span> <span class='ocrx_word' id='word_1_244' title='bbox 966 3835 1350 3900; x_wconf 83' lang='lat' dir='ltr'>provinciisque</span> <span class='ocrx_word' id='word_1_245' title='bbox 1393 3837 1536 3884; x_wconf 84' lang='lat' dir='ltr'>vive·</span> 
     </span>
     <span class='ocr_line' id='line_1_46' title="bbox 466 3910 1533 3974; baseline 0.003 -16"><span class='ocrx_word' id='word_1_246' title='bbox 466 3915 603 3973; x_wconf 83' lang='lat' dir='ltr'>rent,</span> <span class='ocrx_word' id='word_1_247' title='bbox 629 3910 881 3959; x_wconf 83' lang='lat' dir='ltr'>immunes</span> <span class='ocrx_word' id='word_1_248' title='bbox 920 3924 951 3959; x_wconf 88' lang='lat' dir='ltr'>a</span> <span class='ocrx_word' id='word_1_249' title='bbox 986 3911 1235 3960; x_wconf 81' lang='lat' dir='ltr'>vicesima</span> <span class='ocrx_word' id='word_1_250' title='bbox 1262 3912 1533 3974; x_wconf 87' lang='lat' dir='ltr'>pronunti·</span> 
     </span>
     <span class='ocr_line' id='line_1_47' title="bbox 464 3986 1534 4051; baseline 0.005 -18"><span class='ocrx_word' id='word_1_251' title='bbox 464 3999 594 4034; x_wconf 84' lang='lat' dir='ltr'>asse.</span> <span class='ocrx_word' id='word_1_252' title='bbox 637 3986 854 4050; x_wconf 83' lang='lat' dir='ltr'>Verum,</span> <span class='ocrx_word' id='word_1_253' title='bbox 876 3993 1061 4035; x_wconf 87' lang='lat' dir='ltr'>neutra</span> <span class='ocrx_word' id='word_1_254' title='bbox 1083 3987 1197 4037; x_wconf 65' lang='lat' dir='ltr'>haec</span> <span class='ocrx_word' id='word_1_255' title='bbox 1218 3986 1534 4051; x_wconf 88' lang='lat' dir='ltr'>interpreta-</span> 
     </span>
     <span class='ocr_line' id='line_1_48' title="bbox 466 4061 1533 4124; baseline 0.006 -16"><span class='ocrx_word' id='word_1_256' title='bbox 466 4061 541 4109; x_wconf 86' lang='lat' dir='ltr'>tio</span> <span class='ocrx_word' id='word_1_257' title='bbox 561 4067 700 4109; x_wconf 81' lang='lat' dir='ltr'>stare</span> <span class='ocrx_word' id='word_1_258' title='bbox 723 4067 917 4124; x_wconf 85' lang='lat' dir='ltr'>potest.</span> <span class='ocrx_word' id='word_1_259' title='bbox 985 4062 1257 4112; x_wconf 70' lang='lat' dir='ltr'>Posterior</span> <span class='ocrx_word' id='word_1_260' title='bbox 1290 4066 1424 4114; x_wconf 86' lang='lat' dir='ltr'>euim</span> <span class='ocrx_word' id='word_1_261' title='bbox 1450 4075 1533 4114; x_wconf 89' lang='lat' dir='ltr'>re·</span> 
     </span>
     <span class='ocr_line' id='line_1_49' title="bbox 461 4139 1533 4203; baseline 0.007 -17"><span class='ocrx_word' id='word_1_262' title='bbox 461 4145 658 4203; x_wconf 79' lang='lat' dir='ltr'>pugnat</span> <span class='ocrx_word' id='word_1_263' title='bbox 698 4139 934 4190; x_wconf 63' lang='lat' dir='ltr'>historias</span> <span class='ocrx_word' id='word_1_264' title='bbox 978 4140 1276 4193; x_wconf 56' lang='lat' dir='ltr'>vicesimam</span> <span class='ocrx_word' id='word_1_265' title='bbox 1333 4158 1452 4203; x_wconf 85' lang='lat' dir='ltr'>cum</span> <span class='ocrx_word' id='word_1_266' title='bbox 1495 4145 1533 4195; x_wconf 91' lang='lat' dir='ltr'>ii</span> 
     </span>
     <span class='ocr_line' id='line_1_50' title="bbox 466 4215 1534 4280; baseline 0.007 -16"><span class='ocrx_word' id='word_1_267' title='bbox 466 4216 556 4280; x_wconf 88' lang='lat' dir='ltr'>qui</span> <span class='ocrx_word' id='word_1_268' title='bbox 597 4229 742 4265; x_wconf 86' lang='lat' dir='ltr'>mero</span> <span class='ocrx_word' id='word_1_269' title='bbox 769 4215 890 4279; x_wconf 88' lang='lat' dir='ltr'>jure</span> <span class='ocrx_word' id='word_1_270' title='bbox 929 4216 1072 4267; x_wconf 85' lang='lat' dir='ltr'>Latii</span> <span class='ocrx_word' id='word_1_271' title='bbox 1105 4216 1409 4277; x_wconf 87' lang='lat' dir='ltr'>utebantur,</span> <span class='ocrx_word' id='word_1_272' title='bbox 1431 4235 1534 4271; x_wconf 87' lang='lat' dir='ltr'>nec</span> 
     </span>
     <span class='ocr_line' id='line_1_51' title="bbox 462 4293 1533 4364; baseline 0.007 -22"><span class='ocrx_word' id='word_1_273' title='bbox 462 4293 586 4356; x_wconf 85' lang='lat' dir='ltr'>jure</span> <span class='ocrx_word' id='word_1_274' title='bbox 628 4293 864 4345; x_wconf 85' lang='lat' dir='ltr'>Romano</span> <span class='ocrx_word' id='word_1_275' title='bbox 927 4298 1241 4347; x_wconf 85' lang='lat' dir='ltr'>testamenta</span> <span class='ocrx_word' id='word_1_276' title='bbox 1285 4295 1533 4364; x_wconf 84' lang='lat' dir='ltr'>condere,</span> 
     </span>
    </p>
   </div>
   <div class='ocr_carea' id='block_1_3' title="bbox 1166 380 1982 434">
    <p class='ocr_par' dir='ltr' id='par_1_4' title="bbox 1166 380 1982 434">
     <span class='ocr_line' id='line_1_52' title="bbox 1166 380 1982 434; baseline -0.005 -1"><span class='ocrx_word' id='word_1_277' title='bbox 1166 383 1386 434; x_wconf 66' lang='lat' dir='ltr'>NOTAE</span> <span class='ocrx_word' id='word_1_278' title='bbox 1432 380 1846 432; x_wconf 67' lang='lat' dir='ltr'>vsulonuu</span> <span class='ocrx_word' id='word_1_279' title='bbox 1901 382 1982 430; x_wconf 77' lang='lat' dir='ltr'><strong>m</strong></span> 
     </span>
    </p>
   </div>
   <div class='ocr_carea' id='block_1_4' title="bbox 1595 521 2686 4370">
    <p class='ocr_par' dir='ltr' id='par_1_5' title="bbox 1595 521 2686 3823">
     <span class='ocr_line' id='line_1_53' title="bbox 1610 521 2678 577; baseline -0.005 -2"><span class='ocrx_word' id='word_1_280' title='bbox 1610 539 1709 577; x_wconf 88' lang='lat' dir='ltr'>nec</span> <span class='ocrx_word' id='word_1_281' title='bbox 1752 539 1820 576; x_wconf 83' lang='lat' dir='ltr'>ex</span> <span class='ocrx_word' id='word_1_282' title='bbox 1855 529 2172 576; x_wconf 77' lang='lat' dir='ltr'>testamento</span> <span class='ocrx_word' id='word_1_283' title='bbox 2200 521 2551 574; x_wconf 73' lang='lat' dir='ltr'>hereditatem</span> <span class='ocrx_word' id='word_1_284' title='bbox 2590 534 2678 571; x_wconf 80' lang='lat' dir='ltr'>ca·</span> 
     </span>
     <span class='ocr_line' id='line_1_54' title="bbox 1611 599 2679 667; baseline -0.006 -14"><span class='ocrx_word' id='word_1_285' title='bbox 1611 618 1737 667; x_wconf 86' lang='lat' dir='ltr'>pere</span> <span class='ocrx_word' id='word_1_286' title='bbox 1751 609 1980 666; x_wconf 85' lang='lat' dir='ltr'>possent,</span> <span class='ocrx_word' id='word_1_287' title='bbox 1994 602 2247 667; x_wconf 75' lang='lat' dir='ltr'>adeoque,</span> <span class='ocrx_word' id='word_1_288' title='bbox 2257 614 2359 650; x_wconf 86' lang='lat' dir='ltr'>nec</span> <span class='ocrx_word' id='word_1_289' title='bbox 2376 599 2679 650; x_wconf 80' lang='lat' dir='ltr'>vicesimam</span> 
     </span>
     <span class='ocr_line' id='line_1_55' title="bbox 1610 677 2680 738; baseline -0.007 -9"><span class='ocrx_word' id='word_1_290' title='bbox 1610 680 1815 730; x_wconf 82' lang='lat' dir='ltr'>solvere</span> <span class='ocrx_word' id='word_1_291' title='bbox 1851 679 2125 729; x_wconf 87' lang='lat' dir='ltr'>deberent.</span> <span class='ocrx_word' id='word_1_292' title='bbox 2188 678 2391 728; x_wconf 88' lang='lat' dir='ltr'>Prioris</span> <span class='ocrx_word' id='word_1_293' title='bbox 2417 677 2680 738; x_wconf 80' lang='lat' dir='ltr'>interpre-</span> 
     </span>
     <span class='ocr_line' id='line_1_56' title="bbox 1613 751 2679 814; baseline -0.006 -9"><span class='ocrx_word' id='word_1_294' title='bbox 1613 756 1825 806; x_wconf 78' lang='lat' dir='ltr'>tationis</span> <span class='ocrx_word' id='word_1_295' title='bbox 1863 755 2130 806; x_wconf 85' lang='lat' dir='ltr'>sententia</span> <span class='ocrx_word' id='word_1_296' title='bbox 2162 760 2244 804; x_wconf 89' lang='lat' dir='ltr'>est</span> <span class='ocrx_word' id='word_1_297' title='bbox 2279 767 2439 814; x_wconf 70' lang='grc' dir='ltr'>νει-εις</span> <span class='ocrx_word' id='word_1_298' title='bbox 2473 751 2568 801; x_wconf 85' lang='lat' dir='ltr'>sed</span> <span class='ocrx_word' id='word_1_299' title='bbox 2610 765 2679 800; x_wconf 86' lang='lat' dir='ltr'>ea</span> 
     </span>
     <span class='ocr_line' id='line_1_57' title="bbox 1613 828 2682 882; baseline -0.006 0"><span class='ocrx_word' id='word_1_300' title='bbox 1613 847 1716 882; x_wconf 86' lang='lat' dir='ltr'>aon</span> <span class='ocrx_word' id='word_1_301' title='bbox 1740 833 1982 882; x_wconf 70' lang='lat' dir='ltr'>exhaurit</span> <span class='ocrx_word' id='word_1_302' title='bbox 2004 846 2208 881; x_wconf 84' lang='lat' dir='ltr'>sensum</span> <span class='ocrx_word' id='word_1_303' title='bbox 2238 829 2487 880; x_wconf 87' lang='lat' dir='ltr'>orationis</span> <span class='ocrx_word' id='word_1_304' title='bbox 2507 828 2682 878; x_wconf 85' lang='lat' dir='ltr'>Plini-</span> 
     </span>
     <span class='ocr_line' id='line_1_58' title="bbox 1612 905 2683 973; baseline -0.007 -12"><span class='ocrx_word' id='word_1_305' title='bbox 1612 926 1746 961; x_wconf 75' lang='lat' dir='ltr'>anoe.</span> <span class='ocrx_word' id='word_1_306' title='bbox 1816 912 2013 961; x_wconf 87' lang='lat' dir='ltr'>Plinius</span> <span class='ocrx_word' id='word_1_307' title='bbox 2052 911 2189 959; x_wconf 85' lang='lat' dir='ltr'>euim</span> <span class='ocrx_word' id='word_1_308' title='bbox 2220 907 2368 973; x_wconf 86' lang='lat' dir='ltr'>quasi</span> <span class='ocrx_word' id='word_1_309' title='bbox 2403 905 2683 967; x_wconf 78' lang='lat' dir='ltr'>distinguit</span> 
     </span>
     <span class='ocr_line' id='line_1_59' title="bbox 1612 983 2680 1048; baseline -0.008 -9"><span class='ocrx_word' id='word_1_310' title='bbox 1612 991 1752 1039; x_wconf 84' lang='lat' dir='ltr'>inter</span> <span class='ocrx_word' id='word_1_311' title='bbox 1769 1003 1927 1039; x_wconf 81' lang='lat' dir='ltr'>novos</span> <span class='ocrx_word' id='word_1_312' title='bbox 1950 987 2092 1037; x_wconf 82' lang='lat' dir='ltr'>cives</span> <span class='ocrx_word' id='word_1_313' title='bbox 2115 987 2392 1046; x_wconf 82' lang='lat' dir='ltr'>Romanos,</span> <span class='ocrx_word' id='word_1_314' title='bbox 2421 983 2510 1048; x_wconf 89' lang='lat' dir='ltr'>qui</span> <span class='ocrx_word' id='word_1_315' title='bbox 2544 991 2680 1031; x_wconf 84' lang='lat' dir='ltr'>tem·</span> 
     </span>
     <span class='ocr_line' id='line_1_60' title="bbox 1614 1062 2681 1132; baseline -0.006 -16"><span class='ocrx_word' id='word_1_316' title='bbox 1614 1080 1744 1132; x_wconf 89' lang='lat' dir='ltr'>pore</span> <span class='ocrx_word' id='word_1_317' title='bbox 1767 1067 2001 1130; x_wconf 84' lang='lat' dir='ltr'>Trajani,</span> <span class='ocrx_word' id='word_1_318' title='bbox 2024 1067 2135 1116; x_wconf 78' lang='lat' dir='ltr'>sive</span> <span class='ocrx_word' id='word_1_319' title='bbox 2159 1065 2272 1129; x_wconf 85' lang='lat' dir='ltr'>ejus</span> <span class='ocrx_word' id='word_1_320' title='bbox 2293 1062 2550 1129; x_wconf 79' lang='lat' dir='ltr'>peculiari</span> <span class='ocrx_word' id='word_1_321' title='bbox 2571 1063 2681 1126; x_wconf 87' lang='lat' dir='ltr'>pri-</span> 
     </span>
     <span class='ocr_line' id='line_1_61' title="bbox 1612 1142 2680 1207; baseline -0.006 -14"><span class='ocrx_word' id='word_1_322' title='bbox 1612 1143 1822 1207; x_wconf 79' lang='lat' dir='ltr'>vilegio,</span> <span class='ocrx_word' id='word_1_323' title='bbox 1843 1143 1956 1193; x_wconf 80' lang='lat' dir='ltr'>sive</span> <span class='ocrx_word' id='word_1_324' title='bbox 1985 1156 2079 1205; x_wconf 89' lang='lat' dir='ltr'>per</span> <span class='ocrx_word' id='word_1_325' title='bbox 2093 1142 2182 1206; x_wconf 89' lang='lat' dir='ltr'>jus</span> <span class='ocrx_word' id='word_1_326' title='bbox 2207 1142 2367 1200; x_wconf 86' lang='lat' dir='ltr'>Latii,</span> <span class='ocrx_word' id='word_1_327' title='bbox 2389 1152 2680 1203; x_wconf 83' lang='lat' dir='ltr'>conseque-</span> 
     </span>
     <span class='ocr_line' id='line_1_62' title="bbox 1614 1216 2683 1281; baseline -0.004 -13"><span class='ocrx_word' id='word_1_328' title='bbox 1614 1228 1794 1270; x_wconf 87' lang='lat' dir='ltr'>rentur</span> <span class='ocrx_word' id='word_1_329' title='bbox 1806 1220 2073 1270; x_wconf 83' lang='lat' dir='ltr'>civitatem</span> <span class='ocrx_word' id='word_1_330' title='bbox 2095 1218 2473 1279; x_wconf 82' lang='lat' dir='ltr'>Romanam,de</span> <span class='ocrx_word' id='word_1_331' title='bbox 2491 1216 2683 1281; x_wconf 84' lang='lat' dir='ltr'>quibus</span> 
     </span>
     <span class='ocr_line' id='line_1_63' title="bbox 1611 1292 2682 1362; baseline -0.003 -15"><span class='ocrx_word' id='word_1_332' title='bbox 1611 1297 1878 1362; x_wconf 82' lang='lat' dir='ltr'>hucusque</span> <span class='ocrx_word' id='word_1_333' title='bbox 1913 1297 2153 1357; x_wconf 80' lang='lat' dir='ltr'>dixerat3</span> <span class='ocrx_word' id='word_1_334' title='bbox 2187 1302 2245 1345; x_wconf 88' lang='lat' dir='ltr'>et</span> <span class='ocrx_word' id='word_1_335' title='bbox 2278 1295 2416 1344; x_wconf 89' lang='lat' dir='ltr'>iuter</span> <span class='ocrx_word' id='word_1_336' title='bbox 2435 1292 2682 1357; x_wconf 86' lang='lat' dir='ltr'>ejusdem</span> 
     </span>
     <span class='ocr_line' id='line_1_64' title="bbox 1611 1369 2683 1438; baseline -0.007 -13"><span class='ocrx_word' id='word_1_337' title='bbox 1611 1374 1819 1438; x_wconf 72' lang='lat' dir='ltr'>generis</span> <span class='ocrx_word' id='word_1_338' title='bbox 1861 1373 2006 1425; x_wconf 78' lang='lat' dir='ltr'>cives</span> <span class='ocrx_word' id='word_1_339' title='bbox 2044 1374 2323 1435; x_wconf 85' lang='lat' dir='ltr'>Romanos,</span> <span class='ocrx_word' id='word_1_340' title='bbox 2356 1370 2544 1436; x_wconf 88' lang='lat' dir='ltr'>quibus</span> <span class='ocrx_word' id='word_1_341' title='bbox 2567 1369 2683 1433; x_wconf 82' lang='lat' dir='ltr'>jam</span> 
     </span>
     <span class='ocr_line' id='line_1_65' title="bbox 1611 1448 2685 1516; baseline -0.006 -14"><span class='ocrx_word' id='word_1_342' title='bbox 1611 1459 1734 1502; x_wconf 82' lang='lat' dir='ltr'>ante</span> <span class='ocrx_word' id='word_1_343' title='bbox 1754 1452 1971 1516; x_wconf 86' lang='lat' dir='ltr'>Trajani</span> <span class='ocrx_word' id='word_1_344' title='bbox 1994 1460 2231 1516; x_wconf 85' lang='lat' dir='ltr'>tempora</span> <span class='ocrx_word' id='word_1_345' title='bbox 2245 1450 2428 1499; x_wconf 83' lang='lat' dir='ltr'>civitas</span> <span class='ocrx_word' id='word_1_346' title='bbox 2445 1448 2685 1497; x_wconf 81' lang='lat' dir='ltr'>Romana</span> 
     </span>
     <span class='ocr_line' id='line_1_66' title="bbox 1612 1524 2681 1594; baseline -0.004 -16"><span class='ocrx_word' id='word_1_347' title='bbox 1612 1529 1872 1594; x_wconf 83' lang='lat' dir='ltr'>patuisset</span> <span class='ocrx_word' id='word_1_348' title='bbox 1895 1528 2311 1592; x_wconf 83' lang='lat' dir='ltr'>obvenissetque.</span> <span class='ocrx_word' id='word_1_349' title='bbox 2360 1526 2483 1575; x_wconf 85' lang='lat' dir='ltr'>Non</span> <span class='ocrx_word' id='word_1_350' title='bbox 2508 1524 2681 1574; x_wconf 69' lang='lat' dir='ltr'>selum</span> 
     </span>
     <span class='ocr_line' id='line_1_67' title="bbox 1610 1601 2686 1670; baseline -0.007 -14"><span class='ocrx_word' id='word_1_351' title='bbox 1610 1607 1769 1670; x_wconf 78' lang='lat' dir='ltr'>igitur</span> <span class='ocrx_word' id='word_1_352' title='bbox 1791 1607 1878 1669; x_wconf 88' lang='lat' dir='ltr'>iis,</span> <span class='ocrx_word' id='word_1_353' title='bbox 1900 1620 1932 1655; x_wconf 86' lang='lat' dir='ltr'>a</span> <span class='ocrx_word' id='word_1_354' title='bbox 1954 1620 2012 1656; x_wconf 89' lang='lat' dir='ltr'>se</span> <span class='ocrx_word' id='word_1_355' title='bbox 2025 1604 2181 1654; x_wconf 85' lang='lat' dir='ltr'>factis</span> <span class='ocrx_word' id='word_1_356' title='bbox 2194 1602 2393 1654; x_wconf 81' lang='lat' dir='ltr'>civibus</span> <span class='ocrx_word' id='word_1_357' title='bbox 2409 1601 2686 1662; x_wconf 62' lang='lat' dir='ltr'>Romanis,</span> 
     </span>
     <span class='ocr_line' id='line_1_68' title="bbox 1609 1678 2682 1747; baseline -0.007 -14"><span class='ocrx_word' id='word_1_358' title='bbox 1609 1683 1703 1734; x_wconf 82' lang='lat' dir='ltr'>sed</span> <span class='ocrx_word' id='word_1_359' title='bbox 1730 1690 1785 1733; x_wconf 84' lang='lat' dir='ltr'>et</span> <span class='ocrx_word' id='word_1_360' title='bbox 1805 1685 1903 1744; x_wconf 79' lang='lat' dir='ltr'>his,</span> <span class='ocrx_word' id='word_1_361' title='bbox 1915 1683 2024 1747; x_wconf 81' lang='lat' dir='ltr'>jam</span> <span class='ocrx_word' id='word_1_362' title='bbox 2048 1696 2082 1731; x_wconf 85' lang='lat' dir='ltr'>a</span> <span class='ocrx_word' id='word_1_363' title='bbox 2103 1680 2459 1744; x_wconf 84' lang='lat' dir='ltr'>superioribus</span> <span class='ocrx_word' id='word_1_364' title='bbox 2485 1678 2682 1743; x_wconf 87' lang='lat' dir='ltr'>priuci-</span> 
     </span>
     <span class='ocr_line' id='line_1_69' title="bbox 1608 1755 2685 1823; baseline -0.001 -17"><span class='ocrx_word' id='word_1_365' title='bbox 1608 1759 1762 1823; x_wconf 83' lang='lat' dir='ltr'>pibus</span> <span class='ocrx_word' id='word_1_366' title='bbox 1784 1758 1837 1808; x_wconf 91' lang='lat' dir='ltr'>in</span> <span class='ocrx_word' id='word_1_367' title='bbox 1856 1760 2125 1809; x_wconf 80' lang='lat' dir='ltr'>civitatem</span> <span class='ocrx_word' id='word_1_368' title='bbox 2150 1756 2399 1820; x_wconf 81' lang='lat' dir='ltr'>receptis,</span> <span class='ocrx_word' id='word_1_369' title='bbox 2421 1755 2685 1805; x_wconf 87' lang='lat' dir='ltr'>concessit</span> 
     </span>
     <span class='ocr_line' id='line_1_70' title="bbox 1606 1832 2683 1899; baseline -0.004 -14"><span class='ocrx_word' id='word_1_370' title='bbox 1606 1835 1859 1899; x_wconf 82' lang='lat' dir='ltr'>Trajanus</span> <span class='ocrx_word' id='word_1_371' title='bbox 1881 1835 2101 1885; x_wconf 85' lang='lat' dir='ltr'>eandem</span> <span class='ocrx_word' id='word_1_372' title='bbox 2122 1835 2519 1884; x_wconf 82' lang='lat' dir='ltr'>immunitatem.</span> <span class='ocrx_word' id='word_1_373' title='bbox 2586 1832 2683 1883; x_wconf 84' lang='lat' dir='ltr'>Er·</span> 
     </span>
     <span class='ocr_line' id='line_1_71' title="bbox 1609 1912 2684 1977; baseline -0.003 -15"><span class='ocrx_word' id='word_1_374' title='bbox 1609 1925 1696 1977; x_wconf 75' lang='lat' dir='ltr'>go,</span> <span class='ocrx_word' id='word_1_375' title='bbox 1723 1915 1774 1962; x_wconf 89' lang='lat' dir='ltr'>iu</span> <span class='ocrx_word' id='word_1_376' title='bbox 1800 1913 1971 1962; x_wconf 78' lang='lat' dir='ltr'>verbis</span> <span class='ocrx_word' id='word_1_377' title='bbox 1995 1912 2267 1974; x_wconf 76' lang='lat' dir='ltr'>plinianis,</span> <span class='ocrx_word' id='word_1_378' title='bbox 2295 1912 2380 1961; x_wconf 78' lang='lat' dir='ltr'>vel</span> <span class='ocrx_word' id='word_1_379' title='bbox 2410 1918 2532 1960; x_wconf 87' lang='lat' dir='ltr'>aute</span> <span class='ocrx_word' id='word_1_380' title='bbox 2563 1923 2684 1959; x_wconf 74' lang='lat' dir='ltr'>ver-</span> 
     </span>
     <span class='ocr_line' id='line_1_72' title="bbox 1611 1988 2683 2054; baseline -0.001 -16"><span class='ocrx_word' id='word_1_381' title='bbox 1611 1990 1730 2040; x_wconf 87' lang='lat' dir='ltr'>bum</span> <span class='ocrx_word' id='word_1_382' title='bbox 1767 1989 2019 2054; x_wconf 65' lang='lat' dir='ltr'>patuisset,</span> <span class='ocrx_word' id='word_1_383' title='bbox 2038 1989 2238 2039; x_wconf 81' lang='lat' dir='ltr'>excidit</span> <span class='ocrx_word' id='word_1_384' title='bbox 2273 1988 2531 2053; x_wconf 81' lang='lat' dir='ltr'>particula</span> <span class='ocrx_word' id='word_1_385' title='bbox 2565 1991 2683 2037; x_wconf 73' lang='lat' dir='ltr'>ante</span> 
     </span>
     <span class='ocr_line' id='line_1_73' title="bbox 1606 2063 2684 2126; baseline -0.003 -10"><span class='ocrx_word' id='word_1_386' title='bbox 1606 2066 1717 2116; x_wconf 78' lang='lat' dir='ltr'>sive</span> <span class='ocrx_word' id='word_1_387' title='bbox 1738 2068 1890 2126; x_wconf 68' lang='lat' dir='ltr'>olim:</span> <span class='ocrx_word' id='word_1_388' title='bbox 1922 2067 2014 2116; x_wconf 82' lang='lat' dir='ltr'>vel·</span> <span class='ocrx_word' id='word_1_389' title='bbox 2029 2082 2092 2115; x_wconf 87' lang='lat' dir='ltr'>ea</span> <span class='ocrx_word' id='word_1_390' title='bbox 2125 2071 2271 2116; x_wconf 88' lang='lat' dir='ltr'>certe</span> <span class='ocrx_word' id='word_1_391' title='bbox 2309 2065 2377 2114; x_wconf 86' lang='lat' dir='ltr'>ibi</span> <span class='ocrx_word' id='word_1_392' title='bbox 2413 2063 2684 2115; x_wconf 76' lang='lat' dir='ltr'>subaudiri</span> 
     </span>
     <span class='ocr_line' id='line_1_74' title="bbox 1608 2141 2682 2208; baseline -0.003 -14"><span class='ocrx_word' id='word_1_393' title='bbox 1608 2143 1790 2208; x_wconf 82' lang='lat' dir='ltr'>debet,</span> <span class='ocrx_word' id='word_1_394' title='bbox 1806 2158 1920 2193; x_wconf 87' lang='lat' dir='ltr'>cum</span> <span class='ocrx_word' id='word_1_395' title='bbox 1945 2144 2014 2193; x_wconf 87' lang='lat' dir='ltr'>sit</span> <span class='ocrx_word' id='word_1_396' title='bbox 2033 2142 2245 2192; x_wconf 79' lang='lat' dir='ltr'>verbum</span> <span class='ocrx_word' id='word_1_397' title='bbox 2270 2141 2521 2206; x_wconf 85' lang='lat' dir='ltr'>temporis</span> <span class='ocrx_word' id='word_1_398' title='bbox 2539 2143 2682 2206; x_wconf 87' lang='lat' dir='ltr'>plus-</span> 
     </span>
     <span class='ocr_line' id='line_1_75' title="bbox 1608 2218 2681 2286; baseline -0.001 -16"><span class='ocrx_word' id='word_1_399' title='bbox 1608 2218 2013 2286; x_wconf 82' lang='lat' dir='ltr'>quamperfecti.</span> <span class='ocrx_word' id='word_1_400' title='bbox 2046 2218 2211 2270; x_wconf 76' lang='lat' dir='ltr'>Immo</span> <span class='ocrx_word' id='word_1_401' title='bbox 2224 2220 2304 2270; x_wconf 88' lang='lat' dir='ltr'>sic</span> <span class='ocrx_word' id='word_1_402' title='bbox 2318 2219 2520 2272; x_wconf 86' lang='lat' dir='ltr'>Plinius</span> <span class='ocrx_word' id='word_1_403' title='bbox 2541 2232 2681 2282; x_wconf 63' lang='lat' dir='ltr'>pra-⁶</span> 
     </span>
     <span class='ocr_line' id='line_1_76' title="bbox 1609 2296 2684 2362; baseline -0.001 -15"><span class='ocrx_word' id='word_1_404' title='bbox 1609 2300 1754 2349; x_wconf 86' lang='lat' dir='ltr'>dicat</span> <span class='ocrx_word' id='word_1_405' title='bbox 1806 2299 2070 2362; x_wconf 77' lang='lat' dir='ltr'>singulare</span> <span class='ocrx_word' id='word_1_406' title='bbox 2127 2312 2292 2362; x_wconf 84' lang='lat' dir='ltr'>genus</span> <span class='ocrx_word' id='word_1_407' title='bbox 2338 2296 2684 2359; x_wconf 66' lang='lat' dir='ltr'>benignitatis</span> 
     </span>
     <span class='ocr_line' id='line_1_77' title="bbox 1607 2371 2680 2445; baseline -0.003 -21"><span class='ocrx_word' id='word_1_408' title='bbox 1607 2375 1835 2441; x_wconf 82' lang='lat' dir='ltr'>Trajaui.</span> <span class='ocrx_word' id='word_1_409' title='bbox 1899 2376 2032 2426; x_wconf 82' lang='lat' dir='ltr'>Cum</span> <span class='ocrx_word' id='word_1_410' title='bbox 2077 2375 2215 2424; x_wconf 83' lang='lat' dir='ltr'>enim</span> <span class='ocrx_word' id='word_1_411' title='bbox 2244 2373 2443 2445; x_wconf 76' lang='lat' dir='ltr'>priores</span> <span class='ocrx_word' id='word_1_412' title='bbox 2466 2371 2680 2437; x_wconf 83' lang='lat' dir='ltr'>quidam</span> 
     </span>
     <span class='ocr_line' id='line_1_78' title="bbox 1609 2449 2684 2517; baseline -0.003 -15"><span class='ocrx_word' id='word_1_413' title='bbox 1609 2453 1953 2517; x_wconf 77' lang='lat' dir='ltr'>imperatores</span> <span class='ocrx_word' id='word_1_414' title='bbox 1992 2466 2095 2502; x_wconf 87' lang='lat' dir='ltr'>non</span> <span class='ocrx_word' id='word_1_415' title='bbox 2134 2449 2290 2500; x_wconf 82' lang='lat' dir='ltr'>facile</span> <span class='ocrx_word' id='word_1_416' title='bbox 2325 2449 2684 2500; x_wconf 84' lang='lat' dir='ltr'>concederent</span> 
     </span>
     <span class='ocr_line' id='line_1_79' title="bbox 1608 2529 2682 2595; baseline -0.002 -15"><span class='ocrx_word' id='word_1_417' title='bbox 1608 2531 2082 2595; x_wconf 68' lang='lat' dir='ltr'>confla-maremque</span> <span class='ocrx_word' id='word_1_418' title='bbox 2117 2529 2318 2579; x_wconf 87' lang='lat' dir='ltr'>civibus</span> <span class='ocrx_word' id='word_1_419' title='bbox 2362 2543 2423 2577; x_wconf 82' lang='lat' dir='ltr'>es</span> <span class='ocrx_word' id='word_1_420' title='bbox 2454 2529 2583 2593; x_wconf 85' lang='lat' dir='ltr'>jura</span> <span class='ocrx_word' id='word_1_421' title='bbox 2622 2534 2682 2578; x_wconf 85' lang='lat' dir='ltr'>et</span> 
     </span>
     <span class='ocr_line' id='line_1_80' title="bbox 1609 2601 2680 2673; baseline -0.003 -17"><span class='ocrx_word' id='word_1_422' title='bbox 1609 2609 1901 2673; x_wconf 78' lang='lat' dir='ltr'>privilegia,</span> <span class='ocrx_word' id='word_1_423' title='bbox 1918 2601 2034 2673; x_wconf 68' lang='lat' dir='ltr'>qum</span> <span class='ocrx_word' id='word_1_424' title='bbox 2059 2607 2130 2657; x_wconf 88' lang='lat' dir='ltr'>ab</span> <span class='ocrx_word' id='word_1_425' title='bbox 2143 2605 2562 2657; x_wconf 74' lang='lat' dir='ltr'>antecessoribus</span> <span class='ocrx_word' id='word_1_426' title='bbox 2586 2606 2680 2655; x_wconf 84' lang='lat' dir='ltr'>im·</span> 
     </span>
     <span class='ocr_line' id='line_1_81' title="bbox 1609 2683 2680 2751; baseline -0.006 -14"><span class='ocrx_word' id='word_1_427' title='bbox 1609 2693 1926 2751; x_wconf 74' lang='lat' dir='ltr'>petr-assent,</span> <span class='ocrx_word' id='word_1_428' title='bbox 1951 2685 2050 2736; x_wconf 89' lang='lat' dir='ltr'>uisi</span> <span class='ocrx_word' id='word_1_429' title='bbox 2081 2692 2138 2735; x_wconf 89' lang='lat' dir='ltr'>et</span> <span class='ocrx_word' id='word_1_430' title='bbox 2160 2685 2260 2749; x_wconf 86' lang='lat' dir='ltr'>ipsi</span> <span class='ocrx_word' id='word_1_431' title='bbox 2279 2683 2506 2732; x_wconf 87' lang='lat' dir='ltr'>demisse</span> <span class='ocrx_word' id='word_1_432' title='bbox 2529 2697 2680 2747; x_wconf 80' lang='lat' dir='ltr'>roga-</span> 
     </span>
     <span class='ocr_line' id='line_1_82' title="bbox 1610 2760 2680 2827; baseline -0.004 -14"><span class='ocrx_word' id='word_1_433' title='bbox 1610 2769 1825 2826; x_wconf 63' lang='lat' dir='ltr'>rentes-3</span> <span class='ocrx_word' id='word_1_434' title='bbox 1858 2763 2114 2827; x_wconf 83' lang='lat' dir='ltr'>Trajsuus</span> <span class='ocrx_word' id='word_1_435' title='bbox 2147 2761 2354 2811; x_wconf 80' lang='lat' dir='ltr'>videtur</span> <span class='ocrx_word' id='word_1_436' title='bbox 2389 2760 2503 2809; x_wconf 87' lang='lat' dir='ltr'>sine</span> <span class='ocrx_word' id='word_1_437' title='bbox 2537 2771 2680 2810; x_wconf 63' lang='lat' dir='ltr'>‘nova</span> 
     </span>
     <span class='ocr_line' id='line_1_83' title="bbox 1608 2825 2684 2905; baseline -0.005 -15"><span class='ocrx_word' id='word_1_438' title='bbox 1608 2842 1925 2905; x_wconf 81' lang='lat' dir='ltr'>singulorum</span> <span class='ocrx_word' id='word_1_439' title='bbox 1982 2837 2253 2901; x_wconf 77' lang='lat' dir='ltr'>rogatione</span> <span class='ocrx_word' id='word_1_440' title='bbox 2292 2844 2349 2885; x_wconf 85' lang='lat' dir='ltr'>et</span> <span class='ocrx_word' id='word_1_441' title='bbox 2385 2837 2501 2885; x_wconf 81' lang='lat' dir='ltr'>sine</span> <span class='ocrx_word' id='word_1_442' title='bbox 2541 2825 2684 2886; x_wconf 71' lang='lat' dir='ltr'>nova</span> 
     </span>
     <span class='ocr_line' id='line_1_84' title="bbox 1607 2910 2681 2970; baseline -0.004 -4"><span class='ocrx_word' id='word_1_443' title='bbox 1607 2914 2017 2970; x_wconf 78' lang='lat' dir='ltr'>confirmatione,</span> <span class='ocrx_word' id='word_1_444' title='bbox 2040 2914 2198 2962; x_wconf 86' lang='lat' dir='ltr'>etiam</span> <span class='ocrx_word' id='word_1_445' title='bbox 2235 2911 2298 2961; x_wconf 87' lang='lat' dir='ltr'>iis</span> <span class='ocrx_word' id='word_1_446' title='bbox 2327 2910 2568 2961; x_wconf 84' lang='lat' dir='ltr'>omuibus</span> <span class='ocrx_word' id='word_1_447' title='bbox 2603 2911 2681 2962; x_wconf 88' lang='lat' dir='ltr'>ci-</span> 
     </span>
     <span class='ocr_line' id='line_1_85' title="bbox 1610 2989 2680 3054; baseline -0.003 -12"><span class='ocrx_word' id='word_1_448' title='bbox 1610 2993 1757 3044; x_wconf 75' lang='lat' dir='ltr'>vibus</span> <span class='ocrx_word' id='word_1_449' title='bbox 1776 2992 2045 3054; x_wconf 86' lang='lat' dir='ltr'>Romanis,</span> <span class='ocrx_word' id='word_1_450' title='bbox 2058 2991 2145 3054; x_wconf 87' lang='lat' dir='ltr'>qui</span> <span class='ocrx_word' id='word_1_451' title='bbox 2167 3004 2263 3054; x_wconf 83' lang='lat' dir='ltr'>per</span> <span class='ocrx_word' id='word_1_452' title='bbox 2276 2989 2366 3054; x_wconf 87' lang='lat' dir='ltr'>jus</span> <span class='ocrx_word' id='word_1_453' title='bbox 2384 2990 2528 3039; x_wconf 81' lang='lat' dir='ltr'>Latii</span> <span class='ocrx_word' id='word_1_454' title='bbox 2553 2995 2680 3039; x_wconf 85' lang='lat' dir='ltr'>ante</span> 
     </span>
     <span class='ocr_line' id='line_1_86' title="bbox 1608 3066 2682 3126; baseline -0.006 -6"><span class='ocrx_word' id='word_1_455' title='bbox 1608 3083 1666 3119; x_wconf 78' lang='lat' dir='ltr'>se</span> <span class='ocrx_word' id='word_1_456' title='bbox 1697 3069 1957 3119; x_wconf 79' lang='lat' dir='ltr'>venissent</span> <span class='ocrx_word' id='word_1_457' title='bbox 1980 3068 2033 3116; x_wconf 84' lang='lat' dir='ltr'>in</span> <span class='ocrx_word' id='word_1_458' title='bbox 2059 3067 2346 3126; x_wconf 80' lang='lat' dir='ltr'>civitatem,</span> <span class='ocrx_word' id='word_1_459' title='bbox 2386 3066 2682 3114; x_wconf 76' lang='lat' dir='ltr'>immunim-</span> 
     </span>
     <span class='ocr_line' id='line_1_87' title="bbox 1608 3140 2681 3206; baseline -0.003 -11"><span class='ocrx_word' id='word_1_460' title='bbox 1608 3152 1711 3196; x_wconf 85' lang='lat' dir='ltr'>tem</span> <span class='ocrx_word' id='word_1_461' title='bbox 1751 3143 2008 3194; x_wconf 71' lang='lat' dir='ltr'>vicesimae</span> <span class='ocrx_word' id='word_1_462' title='bbox 2040 3142 2333 3192; x_wconf 88' lang='lat' dir='ltr'>indulsisse.</span> <span class='ocrx_word' id='word_1_463' title='bbox 2399 3141 2528 3191; x_wconf 75' lang='lat' dir='ltr'>Tale</span> <span class='ocrx_word' id='word_1_464' title='bbox 2553 3140 2681 3206; x_wconf 80' lang='lat' dir='ltr'>quid</span> 
     </span>
     <span class='ocr_line' id='line_1_88' title="bbox 1595 3207 2680 3287; baseline -0.004 -15"><span class='ocrx_word' id='word_1_465' title='bbox 1595 3223 1706 3287; x_wconf 86' lang='lat' dir='ltr'>jam</span> <span class='ocrx_word' id='word_1_466' title='bbox 1728 3221 2010 3272; x_wconf 75' lang='lat' dir='ltr'>suetonius</span> <span class='ocrx_word' id='word_1_467' title='bbox 2038 3219 2272 3269; x_wconf 82' lang='lat' dir='ltr'>laudavit</span> <span class='ocrx_word' id='word_1_468' title='bbox 2309 3218 2363 3267; x_wconf 86' lang='lat' dir='ltr'>in</span> <span class='ocrx_word' id='word_1_469' title='bbox 2397 3217 2521 3268; x_wconf 80' lang='lat' dir='ltr'>Tito</span> <span class='ocrx_word' id='word_1_470' title='bbox 2556 3207 2680 3268; x_wconf 55' lang='grc' dir='ltr'><strong>(εἴθ.</strong></span> 
     </span>
     <span class='ocr_line' id='line_1_89' title="bbox 1606 3294 2680 3350; baseline -0.005 0"><span class='ocrx_word' id='word_1_471' title='bbox 1606 3302 1624 3329; x_wconf 88' lang='lat'>‘</span> <span class='ocrx_word' id='word_1_472' title='bbox 1640 3301 1771 3350; x_wconf 88' lang='lat' dir='ltr'>Cum</span> <span class='ocrx_word' id='word_1_473' title='bbox 1794 3311 1861 3347; x_wconf 87' lang='lat' dir='ltr'>ex</span> <span class='ocrx_word' id='word_1_474' title='bbox 1882 3298 2125 3347; x_wconf 85' lang='lat' dir='ltr'>instituto</span> <span class='ocrx_word' id='word_1_475' title='bbox 2151 3294 2356 3345; x_wconf 82' lang='lat' dir='ltr'>Tiberii</span> <span class='ocrx_word' id='word_1_476' title='bbox 2382 3310 2561 3346; x_wconf 82' lang='lat' dir='ltr'>omues</span> <span class='ocrx_word' id='word_1_477' title='bbox 2585 3295 2680 3345; x_wconf 83' lang='lat' dir='ltr'>de·</span> 
     </span>
     <span class='ocr_line' id='line_1_90' title="bbox 1606 3371 2681 3436; baseline -0.003 -11"><span class='ocrx_word' id='word_1_478' title='bbox 1606 3376 1729 3426; x_wconf 87' lang='lat' dir='ltr'>hinc</span> <span class='ocrx_word' id='word_1_479' title='bbox 1753 3376 1992 3425; x_wconf 74' lang='lat' dir='ltr'>Caesares</span> <span class='ocrx_word' id='word_1_480' title='bbox 2029 3372 2300 3428; x_wconf 82' lang='lat' dir='ltr'>beneficia,</span> <span class='ocrx_word' id='word_1_481' title='bbox 2323 3388 2355 3422; x_wconf 87' lang='lat' dir='ltr'>a</span> <span class='ocrx_word' id='word_1_482' title='bbox 2394 3371 2681 3436; x_wconf 86' lang='lat' dir='ltr'>superiori·</span> 
     </span>
     <span class='ocr_line' id='line_1_91' title="bbox 1607 3449 2682 3515; baseline -0.003 -13"><span class='ocrx_word' id='word_1_483' title='bbox 1607 3453 1704 3502; x_wconf 76' lang='lat' dir='ltr'>bus</span> <span class='ocrx_word' id='word_1_484' title='bbox 1723 3465 1973 3502; x_wconf 82' lang='lat' dir='ltr'>concessa</span> <span class='ocrx_word' id='word_1_485' title='bbox 1998 3449 2337 3515; x_wconf 80' lang='lat' dir='ltr'>principibus,</span> <span class='ocrx_word' id='word_1_486' title='bbox 2374 3449 2530 3499; x_wconf 85' lang='lat' dir='ltr'>aliter</span> <span class='ocrx_word' id='word_1_487' title='bbox 2561 3455 2682 3499; x_wconf 86' lang='lat' dir='ltr'>rata</span> 
     </span>
     <span class='ocr_line' id='line_1_92' title="bbox 1607 3525 2678 3590; baseline -0.004 -11"><span class='ocrx_word' id='word_1_488' title='bbox 1607 3543 1710 3579; x_wconf 71' lang='lat' dir='ltr'>non</span> <span class='ocrx_word' id='word_1_489' title='bbox 1733 3528 2010 3588; x_wconf 81' lang='lat' dir='ltr'>haberent,</span> <span class='ocrx_word' id='word_1_490' title='bbox 2030 3541 2183 3590; x_wconf 83' lang='lat' dir='ltr'>quarn</span> <span class='ocrx_word' id='word_1_491' title='bbox 2208 3527 2249 3576; x_wconf 91' lang='lat' dir='ltr'>si</span> <span class='ocrx_word' id='word_1_492' title='bbox 2274 3525 2456 3575; x_wconf 85' lang='lat' dir='ltr'>eadem</span> <span class='ocrx_word' id='word_1_493' title='bbox 2494 3526 2678 3576; x_wconf 77' lang='lat' dir='ltr'>iisdem</span> 
     </span>
     <span class='ocr_line' id='line_1_93' title="bbox 1609 3603 2680 3670; baseline -0.003 -14"><span class='ocrx_word' id='word_1_494' title='bbox 1609 3613 1665 3656; x_wconf 93' lang='lat' dir='ltr'>et</span> <span class='ocrx_word' id='word_1_495' title='bbox 1702 3607 1803 3670; x_wconf 87' lang='lat' dir='ltr'>ipsi</span> <span class='ocrx_word' id='word_1_496' title='bbox 1846 3604 2136 3665; x_wconf 85' lang='lat' dir='ltr'>dedissent,</span> <span class='ocrx_word' id='word_1_497' title='bbox 2176 3603 2373 3666; x_wconf 79' lang='lat' dir='ltr'>primus</span> <span class='ocrx_word' id='word_1_498' title='bbox 2404 3603 2680 3668; x_wconf 80' lang='lat' dir='ltr'>praeterita</span> 
     </span>
     <span class='ocr_line' id='line_1_94' title="bbox 1608 3680 2679 3739; baseline -0.003 -6"><span class='ocrx_word' id='word_1_499' title='bbox 1608 3684 1782 3733; x_wconf 86' lang='lat' dir='ltr'>omnia</span> <span class='ocrx_word' id='word_1_500' title='bbox 1804 3696 1907 3732; x_wconf 88' lang='lat' dir='ltr'>uno</span> <span class='ocrx_word' id='word_1_501' title='bbox 1930 3680 2258 3731; x_wconf 79' lang='lat' dir='ltr'>confirmavit</span> <span class='ocrx_word' id='word_1_502' title='bbox 2279 3680 2475 3739; x_wconf 86' lang='lat' dir='ltr'>edicto,</span> <span class='ocrx_word' id='word_1_503' title='bbox 2511 3694 2612 3732; x_wconf 87' lang='lat' dir='ltr'>nec</span> <span class='ocrx_word' id='word_1_504' title='bbox 2648 3695 2679 3730; x_wconf 82' lang='lat' dir='ltr'>a</span> 
     </span>
     <span class='ocr_line' id='line_1_95' title="bbox 1608 3757 2378 3823; baseline -0.003 -13"><span class='ocrx_word' id='word_1_505' title='bbox 1608 3774 1668 3811; x_wconf 88' lang='lat' dir='ltr'>se</span> <span class='ocrx_word' id='word_1_506' title='bbox 1688 3760 1796 3822; x_wconf 82' lang='lat' dir='ltr'>peti</span> <span class='ocrx_word' id='word_1_507' title='bbox 1823 3771 2002 3823; x_wconf 82' lang='lat' dir='ltr'>passus</span> <span class='ocrx_word' id='word_1_508' title='bbox 2021 3757 2141 3808; x_wconf 66' lang='lat' dir='ltr'>est!</span> <span class='ocrx_word' id='word_1_509' title='bbox 2172 3757 2327 3808; x_wconf 77' lang='lat' dir='ltr'>Idem.</span> <span class='ocrx_word' id='word_1_510' title='bbox 2375 3759 2378 3762; x_wconf 83' lang='grc'><strong>’</strong></span> 
     </span>
    </p>

    <p class='ocr_par' dir='ltr' id='par_1_6' title="bbox 1604 3832 2679 4370">
     <span class='ocr_line' id='line_1_96' title="bbox 1677 3832 2674 3899; baseline -0.001 -13"><span class='ocrx_word' id='word_1_511' title='bbox 1677 3836 1927 3886; x_wconf 77' lang='lat' dir='ltr'>Commisit</span> <span class='ocrx_word' id='word_1_512' title='bbox 1948 3835 2116 3899; x_wconf 75' lang='lat' dir='ltr'>siml]</span> <span class='ocrx_word' id='word_1_513' title='bbox 2152 3834 2217 3884; x_wconf 90' lang='lat' dir='ltr'>In</span> <span class='ocrx_word' id='word_1_514' title='bbox 2238 3834 2375 3883; x_wconf 84' lang='lat' dir='ltr'>libro</span> <span class='ocrx_word' id='word_1_515' title='bbox 2394 3832 2674 3893; x_wconf 80' lang='lat' dir='ltr'>vossiano,</span> 
     </span>
     <span class='ocr_line' id='line_1_97' title="bbox 1607 3909 2679 3978; baseline -0.003 -16"><span class='ocrx_word' id='word_1_516' title='bbox 1607 3926 1707 3978; x_wconf 89' lang='lat' dir='ltr'>pro</span> <span class='ocrx_word' id='word_1_517' title='bbox 1739 3913 1899 3962; x_wconf 80' lang='lat' dir='ltr'>verbo</span> <span class='ocrx_word' id='word_1_518' title='bbox 1932 3911 2169 3960; x_wconf 69' lang='lat' dir='ltr'>commisit</span> <span class='ocrx_word' id='word_1_519' title='bbox 2206 3909 2398 3974; x_wconf 87' lang='lat' dir='ltr'>legitur</span> <span class='ocrx_word' id='word_1_520' title='bbox 2419 3911 2679 3961; x_wconf 67' lang='lat' dir='ltr'>ommis</span> 
     </span>
     <span class='ocr_line' id='line_1_98' title="bbox 1604 3985 2678 4050; baseline -0.002 -12"><span class='ocrx_word' id='word_1_521' title='bbox 1604 3990 1668 4050; x_wconf 74' lang='lat' dir='ltr'>it,</span> <span class='ocrx_word' id='word_1_522' title='bbox 1699 3998 1755 4038; x_wconf 89' lang='lat' dir='ltr'>et</span> <span class='ocrx_word' id='word_1_523' title='bbox 1796 3989 1846 4037; x_wconf 90' lang='lat' dir='ltr'>in</span> <span class='ocrx_word' id='word_1_524' title='bbox 1871 3986 2151 4037; x_wconf 80' lang='lat' dir='ltr'>Puteolani</span> <span class='ocrx_word' id='word_1_525' title='bbox 2184 3985 2420 4035; x_wconf 85' lang='lat' dir='ltr'>editione</span> <span class='ocrx_word' id='word_1_526' title='bbox 2439 3987 2678 4036; x_wconf 67' lang='lat' dir='ltr'>communi</span> 
     </span>
     <span class='ocr_line' id='line_1_99' title="bbox 1607 4061 2675 4126; baseline -0.003 -12"><span class='ocrx_word' id='word_1_527' title='bbox 1607 4064 1674 4114; x_wconf 73' lang='lat' dir='ltr'>sit</span> <span class='ocrx_word' id='word_1_528' title='bbox 1687 4080 1707 4124; x_wconf 77' lang='lat'>,-</span> <span class='ocrx_word' id='word_1_529' title='bbox 1726 4077 1904 4113; x_wconf 84' lang='lat' dir='ltr'>verum</span> <span class='ocrx_word' id='word_1_530' title='bbox 1926 4062 2040 4112; x_wconf 82' lang='lat' dir='ltr'>haec</span> <span class='ocrx_word' id='word_1_531' title='bbox 2064 4061 2347 4126; x_wconf 77' lang='lat' dir='ltr'>scriptura,</span> <span class='ocrx_word' id='word_1_532' title='bbox 2367 4062 2536 4111; x_wconf 78' lang='lat' dir='ltr'>velex</span> <span class='ocrx_word' id='word_1_533' title='bbox 2561 4076 2675 4112; x_wconf 85' lang='lat' dir='ltr'>cor-</span> 
     </span>
     <span class='ocr_line' id='line_1_100' title="bbox 1608 4138 2674 4208; baseline -0.003 -15"><span class='ocrx_word' id='word_1_534' title='bbox 1608 4151 1768 4208; x_wconf 85' lang='lat' dir='ltr'>rupto</span> <span class='ocrx_word' id='word_1_535' title='bbox 1809 4140 1968 4190; x_wconf 80' lang='lat' dir='ltr'>verbo</span> <span class='ocrx_word' id='word_1_536' title='bbox 1988 4139 2245 4202; x_wconf 76' lang='lat' dir='ltr'>commisit,</span> <span class='ocrx_word' id='word_1_537' title='bbox 2284 4138 2367 4187; x_wconf 82' lang='lat' dir='ltr'>vei</span> <span class='ocrx_word' id='word_1_538' title='bbox 2397 4152 2466 4188; x_wconf 87' lang='lat' dir='ltr'>ex</span> <span class='ocrx_word' id='word_1_539' title='bbox 2503 4140 2674 4201; x_wconf 78' lang='lat' dir='ltr'>glossa</span> 
     </span>
     <span class='ocr_line' id='line_1_101' title="bbox 1605 4216 2670 4285; baseline -0.004 -14"><span class='ocrx_word' id='word_1_540' title='bbox 1605 4235 1763 4285; x_wconf 85' lang='lat' dir='ltr'>supra</span> <span class='ocrx_word' id='word_1_541' title='bbox 1800 4219 1994 4282; x_wconf 88' lang='lat' dir='ltr'>scripta</span> <span class='ocrx_word' id='word_1_542' title='bbox 2015 4216 2395 4279; x_wconf 69' lang='lat' dir='ltr'>communicavit,</span> <span class='ocrx_word' id='word_1_543' title='bbox 2416 4223 2532 4266; x_wconf 79' lang='lat' dir='ltr'>orta</span> <span class='ocrx_word' id='word_1_544' title='bbox 2551 4223 2670 4278; x_wconf 63' lang='grc' dir='ltr'>οδες</span> 
     </span>
     <span class='ocr_line' id='line_1_102' title="bbox 1606 4292 2674 4370; baseline -0.005 -21"><span class='ocrx_word' id='word_1_545' title='bbox 1606 4311 1721 4349; x_wconf 82' lang='lat' dir='ltr'>cum</span> <span class='ocrx_word' id='word_1_546' title='bbox 1741 4295 1881 4370; x_wconf 68' lang='lat' dir='ltr'>forte</span> <span class='ocrx_word' id='word_1_547' title='bbox 1904 4294 2040 4347; x_wconf 81' lang='lat' dir='ltr'>alias</span> <span class='ocrx_word' id='word_1_548' title='bbox 2070 4292 2283 4346; x_wconf 82' lang='lat' dir='ltr'>verbum</span> <span class='ocrx_word' id='word_1_549' title='bbox 2308 4293 2546 4345; x_wconf 68' lang='lat' dir='ltr'>commisit</span> <span class='ocrx_word' id='word_1_550' title='bbox 2581 4305 2674 4361; x_wconf 76' lang='lat' dir='ltr'>per</span> 
     </span>
    </p>
   </div>
   <div class='ocr_carea' id='block_1_5' title="bbox 2980 2795 2983 4020">
    <p class='ocr_par' dir='ltr' id='par_1_7' title="bbox 2980 2795 2983 4020">
     <span class='ocr_line' id='line_1_103' title="bbox 2980 2795 2983 4020; baseline 0 0"><span class='ocrx_word' id='word_1_551' title='bbox 2980 2795 2983 4020; x_wconf 95' lang='lat' dir='ltr'> </span> 
     </span>
    </p>
   </div>
  </div>
 </body>
</html>
