3017 4942
451 347 626 415 1020

452 523 517 557 ex
543 522 646 558 uno
669 505 894 572 quodam
931 504 1219 572 antiquiore
1249 509 1361 573 jam
1396 507 1521 559 olim

452 583 748 651 descriptus
783 598 900 636 esse
929 584 1186 634 videatur.
1255 585 1521 636 Librarius

378 662 382 671 '
454 663 556 712 mei
579 663 772 713 codicis
793 670 976 726 aperte
999 664 1212 727 scripsit
1231 678 1394 714 sensus
1411 681 1431 722 ‚·
1464 671 1521 714 at

452 739 696 789 librarius
754 740 951 789 codicis
1003 740 1417 805 salisburgensis
1489 756 1522 790 a

416 838 436 879 ἡ
452 818 620 882 prima
647 832 799 866 manu
835 816 981 867 dedit
1013 833 1210 868 secesus.
1276 818 1442 868 Immo
1464 825 1519 868 et

451 895 502 943 in
548 893 727 944 codice
775 894 1033 944 Patavina
1078 910 1110 944 a
1154 894 1323 958 prima
1366 909 1519 945 manu

449 971 698 1035 scriptum
731 970 834 1020 fuit
867 984 1092 1029 senssas3
1123 985 1413 1035 quanquam
1446 972 1518 1021 al·

401 1083 412 1097 ,
452 1055 566 1098 tera
592 1062 770 1096 manus
804 1047 858 1097 id
890 1048 1167 1111 utrobique
1198 1047 1520 1097 converterit

450 1125 504 1173 in
525 1138 746 1174 secessus.
803 1124 934 1175 Quis
958 1123 1174 1173 definiet
1199 1124 1374 1187 igitur,
1395 1139 1517 1175 num

450 1200 552 1249 mei
592 1207 646 1250 et
682 1201 927 1250 Patavini
960 1200 1157 1251 codicis
1189 1201 1427 1252 librarius
1451 1214 1517 1251 ex

449 1277 647 1327 duabus
673 1278 836 1327 literis
860 1277 1183 1327 intermediis
1205 1294 1258 1327 ce
1275 1276 1517 1328 efforma-

448 1355 518 1404 rit
545 1355 746 1404 unicam
775 1356 978 1404 literam
1001 1370 1055 1416 a,
1078 1369 1143 1405 an
1166 1356 1330 1405 ceteri
1362 1356 1517 1405 libra·

449 1432 513 1481 rii
539 1447 604 1481 ex
630 1431 780 1481 unica
803 1432 956 1482 litera
978 1431 1188 1494 n‚.forte
1211 1433 1263 1481 in
1288 1433 1517 1497 antiqui-

449 1521 541 1555 ore
562 1507 746 1557 codice
763 1508 874 1571 jam
892 1509 1241 1571 exolescente,
1260 1508 1516 1572 procude-

447 1584 550 1635 rint
592 1600 644 1635 ce
664 1590 685 1633 Ρ
763 1586 934 1636 Quam
979 1598 1086 1634 rem
1136 1585 1213 1634 uti
1263 1585 1379 1635 aliis
1428 1600 1515 1636 ac·

446 1663 677 1711 curatius
713 1662 1110 1726 expendendam
1137 1663 1407 1727 relinquo;
1441 1663 1517 1713 ita

438 1738 552 1802 jam
588 1741 745 1790 etiarn
781 1742 988 1790 tertiam
1024 1741 1296 1792 considero
1333 1742 1515 1791 lectio·

447 1828 584 1872 nem,
601 1831 754 1879 qnam
780 1817 975 1881 primus
1002 1818 1223 1881 recepit,
1244 1817 1514 1883 ediditque

446 1889 779 1950 Arntzeuius,
813 1893 1094 1958 intimosque
1127 1908 1349 1944 recessus.
1383 1932 1390 1935 -
1419 1895 1511 1945 Fa·

447 1974 583 2029 teor,
626 1969 757 2019 hanc
800 1971 1101 2020 mihi-mire
1157 1971 1422 2034 blandiri;
1467 1972 1513 2021 si

443 2045 734 2106 praesertim
755 2045 826 2095 ad
851 2054 1075 2096 mentem
1097 2062 1285 2098 revoco
1307 2064 1511 2100 versum

443 2120 739 2178 Claudiani,
761 2123 814 2170 in
844 2123 996 2172 simili
1033 2134 1341 2187 argumento
1365 2141 1511 2175 usur-

442 2205 638 2261 patum,
662 2212 724 2248 ac
740 2199 850 2262 jam
876 2212 1035 2261 snpra
1053 2201 1304 2250 citatum:
1343 2199 1508 2251 ‘Abs-

441 2283 613 2324 trusos
649 2277 890 2338 explorat
912 2277 1071 2327 Fama
1097 2278 1365 2330 recessus.'
1400 2282 1511 2330 Ne-

373 2408 376 2409 ⁷
442 2367 545 2415 que
570 2367 669 2402 non
694 2352 940 2402 facillimo
962 2355 1110 2417 lapsu
1131 2355 1379 2420 deinceps
1398 2357 1508 2406 uni-

440 2448 504 2483 ca
550 2433 703 2484 litera
737 2434 767 2482 i»
803 2434 857 2483 in
898 2448 925 2483 s
961 2434 1094 2483 verti
1143 2435 1335 2498 potnit.
1400 2435 1506 2485 Sed

442 2525 580 2573 tegre
602 2509 734 2575 fero,
753 2526 923 2576 neque
947 2511 1162 2576 alicujus
1185 2512 1380 2561 codicis
1402 2504 1507 2564 M's.

438 2602 605 2651 neque
627 2589 843 2653 alicujus
868 2588 983 2637 libri
1010 2589 1229 2637 antehac
1254 2589 1506 2652 impressi,

435 2666 801 2715 auctoritatem
838 2665 960 2715 hnic
994 2666 1265 2717 variationi
1308 2665 1505 2717 favere.

439 2741 699 2792 Provocat
732 2742 935 2806 quidem
976 2743 1054 2792 vir
1090 2742 1406 2793 clarissimus
1437 2744 1504 2794 ad

436 2817 669 2867 codicem
692 2817 1247 2883 Guelpherbytannm3
1283 2821 1374 2869 sed
1400 2827 1502 2871 tes·

439 2900 546 2942 tem
590 2894 765 2944 excito
797 2893 1049 2946 Jacobum
1085 2896 1502 2959 Burckbardum,

435 2971 778 3021 consiliarium
824 2972 1282 3030 Brunsvicensem‚
1322 2975 1501 3023 eximi·

432 3060 518 3094 um
542 3048 912 3111 elegantiorum
936 3050 1202 3100 literarum
1226 3050 1502 3113 vindicem,

433 3122 520 3171 eui
550 3124 688 3173 illins
720 3125 912 3174 codicis
936 3126 1200 3175 variantes
1229 3127 1501 3191 lectiones,

434 3201 818 3249 accuratissime
835 3200 1141 3265 descriptas,
1157 3201 1344 3265 debeo,
1360 3203 1412 3251 in
1436 3217 1498 3253 eo

343 3338 348 3343 Ι
430 3276 546 3340 ipso
584 3274 761 3325 codice
799 3291 903 3326 non
934 3277 1236 3326 vocabulum
1271 3293 1499 3342 recessus,

430 3350 524 3400 sed
560 3365 786 3413 secessus,
808 3358 1024 3412 extare3
1059 3358 1214 3414 prout
1247 3346 1426 3419 neque?
1444 3356 1496 3405 in

432 3429 595 3476 altero
633 3427 770 3476 libro
806 3426 1069 3489 Gudiano,
1104 3442 1273 3492 neque
1312 3431 1367 3480 in
1412 3446 1496 3481 co·

430 3503 548 3553 dice
571 3505 827 3553 Vaticano
852 3508 998 3554 3461.
1034 3519 1149 3553 cum
1173 3520 1275 3569 quo
1307 3507 1497 3572 alioqui

430 3580 919 3645 Guelpherbytanus
977 3582 1315 3645 utplurimum
1371 3598 1494 3633 con-

428 3657 616 3720 spirat,
660 3672 870 3714 recessus,
910 3658 1211 3719 invenitur;
1261 3667 1320 3708 ut
1364 3661 1494 3709 adeo

427 3732 679 3795 suspicer,
702 3733 941 3789 amicum,
964 3733 1048 3781 cui
1070 3733 1384 3783 Arntzenius
1409 3751 1498 3789 ex·,

426 3817 609 3871 cerpta
632 3808 830 3857 codicis
856 3809 1082 3871 Guelph.
1111 3817 1330 3873 accepta
1354 3817 1494 3861 retu-

426 3884 511 3949 lit,
550 3885 827 3948 aliquando
866 3899 981 3933 suas
1018 3884 1335 3948 adspersisse
1372 3901 1494 3936 con·

417 3961 672 4024 jecturas.
740 3961 995 4024 Equidem
1042 3962 1198 4024 Casp.
1249 3962 1494 4013 Barthius

422 4037 478 4086 in
518 4037 805 4088 comment.
846 4037 911 4086 ad
947 4037 1085 4087 Stat.
1123 4043 1248 4087 tom.
1271 4053 1335 4088 ιι.
1371 4055 1492 4103 pag.

422 4115 539 4161 46⁷.
580 4118 634 4161 et
676 4113 740 4161 ad
781 4113 1049 4162 claudian.
1088 4128 1211 4179 pag.
1247 4118 1362 4167 636.
1403 4118 1492 4167 ubi

423 4189 555 4237 citat
577 4188 717 4236 hunc
739 4189 897 4237 Plinii
930 4190 1120 4247 locum,
1141 4205 1247 4240 non
1271 4206 1497 4256 secessus,

425 4263 518 4314 sed
558 4277 788 4328 recessus,
830 4263 1086 4327 exbibet3
1137 4272 1244 4318 tam
1286 4277 1494 4322 certum

1143 361 1364 414 NoTAE
1413 360 1831 414 vARloRUM
1876 362 1959 414 IN

1598 521 1724 559 vero
1747 513 1846 565 est,
1868 521 1985 558 eum
2009 521 2076 559 ex
2100 506 2305 573 ingenio
2336 505 2480 559 illam
2506 509 2678 560 varia-

1598 584 1794 635 tionem
1841 585 2204 649 depromsisse,
2249 601 2403 650 quarn
2444 594 2596 636 certo
2632 587 2677 636 i-

1596 661 1737 723 dem,
1775 662 2109 713 Ritterslrusii
2131 662 2492 726 conjecturam
2524 678 2675 714 secu·

1597 743 1698 798 tus,
1721 739 1772 787 iu
1796 739 1979 789 eodem
2016 739 2115 789 hoc
2151 741 2288 802 loco,
2309 754 2412 789 non
2441 740 2674 804 primam,

1595 814 1686 863 sed
1728 815 1939 878 privum,
1977 817 2256 881 expressit.
2323 817 2413 866 Sic
2454 824 2511 866 et
2550 830 2674 866 con·

1592 898 1713 948 stat,
1748 892 2099 956 Perizonium‚
2121 895 2228 958 qni,
2248 892 2516 943 referente
2534 891 2673 947 Arn-

1595 968 1782 1024 tzenio,
1806 970 2092 1032 exemplari
2124 983 2217 1018 suo
2240 970 2495 1020 alleverat
2516 984 2672 1019 reces-

1592 1058 1689 1100 sus,
1742 1045 1888 1094 nullo
1944 1060 2094 1095 usum
2151 1061 2265 1096 esse
2318 1046 2507 1096 codice
2558 1046 2670 1096 Ms-

1595 1120 1798 1172 Quodsi
1821 1137 1947 1186 ergo
1971 1123 2119 1173 nobis
2144 1124 2197 1172 in
2218 1124 2318 1172 hoc
2348 1131 2671 1185 constamus,

1594 1206 1653 1247 ut
1681 1206 1787 1248 tam
1819 1199 1909 1247 diu
1938 1214 2217 1264 sequamur
2252 1200 2534 1250 lectionem
2558 1200 2671 1248 vul-

1592 1281 1782 1338 gatam,
1800 1291 1916 1341 quae
1943 1278 2229 1339 praesertirn
2255 1291 2351 1326 nec
2379 1290 2668 1339 pancorum

1591 1352 1847 1401 codicum.
1865 1352 1997 1403 Mss.
2030 1351 2274 1417 suffragio
2305 1352 2668 1415 confirmatur,

1592 1428 1761 1492 quoad
1786 1442 1849 1478 ea
1872 1430 1995 1478 nihil
2032 1430 2377 1492 incongruens
2402 1434 2460 1479 et
2485 1429 2667 1479 absur-

1591 1504 1710 1554 dum
1747 1505 1941 1567 haben
1975 1507 2222 1570 itemque,
2268 1514 2321 1555 ut
2369 1521 2474 1554 non
2522 1507 2667 1556 illico

1589 1589 1774 1632 contra
1818 1583 2182 1633 anctoritatem
2225 1591 2462 1633 veterum
2508 1584 2667 1633 libro-

1591 1673 1704 1707 rum
1730 1660 2015 1710 inseramus
2037 1660 2264 1726 antiquis
2288 1662 2524 1724 scriptis,
2544 1674 2663 1724 qnae

1588 1736 1735 1785 nobis
1774 1744 2052 1800 nostroque
2089 1737 2298 1800 ingenio
2336 1736 2550 1787 meliora
2588 1736 2664 1785 vi·

1589 1811 1796 1874 dentur,
1820 1827 1886 1861 ne
1910 1813 1961 1861 iu
1986 1811 2240 1862 infinitum
2265 1814 2551 1863 varietates
2583 1812 2663 1861 in·

1587 1887 1879 1952 ducantur3
1910 1890 2010 1939 hac
2034 1890 2190 1939 etiam
2215 1890 2265 1937 iu
2283 1902 2408 1938 voce
2430 1903 2664 1952 secessus,

1589 1981 1738 2030 qnam
1753 1967 2016 2032 hucusque
2036 1968 2085 2016 in
2103 1967 2343 2016 omnibus
2360 1967 2475 2015 aliis
2492 1967 2663 2031 scrip-

1588 2045 1653 2094 tis
1684 2045 2055 2108 impressisque
2087 2044 2247 2099 libris,
2271 2052 2464 2107 praeter
2486 2043 2660 2107 desig·

1584 2129 1756 2186 natos,
1780 2122 2016 2185 legimus,
2046 2121 2176 2170 nihil
2209 2129 2487 2170 mutamus.
2550 2120 2662 2169 Ve-
2712 2175 2718 2179 ,

1585 2212 1700 2247 rum
1756 2204 1859 2261 est,
1913 2197 2053 2263 quod
2117 2202 2266 2247 notat
2319 2196 2664 2259 Arutzenius,

1582 2287 1794 2324 recessus
1827 2289 1941 2325 esse
1979 2276 2096 2324 loca
2120 2274 2303 2325 abdita
2338 2283 2394 2324 et
2427 2274 2660 2330 occulta,

1584 2350 1637 2399 in
1662 2351 1848 2414 quibus
1891 2365 2006 2401 sese
2041 2349 2362 2400 abscondunt
2400 2349 2661 2413 homines,

1584 2435 1640 2477 et
1664 2429 1875 2478 aliorum
1913 2428 2027 2477 usui
2050 2429 2297 2491 eripiunt.
2362 2425 2457 2487 At,
2482 2440 2657 2477 nonne

1582 2504 1764 2554 eadem
1789 2511 1869 2554 est
1891 2505 2033 2554 notio
2066 2506 2081 2532 ‘
2099 2518 2391 2553 secessuum
2413 2502 2450 2552 Ρ
2519 2503 2659 2553 Pro-

1585 2582 1696 2645 prie
1719 2582 1855 2631 enim
1882 2596 1982 2630 nou
2001 2580 2315 2645 significant,
2330 2579 2428 2628 nisi
2447 2580 2569 2628 loca
2586 2580 2654 2633 ab

1580 2658 1794 2706 aliorum
1811 2657 1957 2707 aditu
1979 2665 2198 2722 remota,
2222 2658 2272 2705 in
2297 2671 2411 2721 quae
2433 2655 2656 2706 secede·
2721 2708 2725 2712 ,

1580 2734 1729 2796 bant,
1759 2735 1848 2798 qni
1885 2736 1967 2785 vel
2005 2736 2116 2785 otio
2153 2734 2236 2784 vel
2275 2733 2535 2796 voluptati
2574 2735 2654 2782 in·

1580 2810 1811 2874 dulgere,
1833 2813 1915 2861 vel
1941 2820 2079 2862 totos
2103 2826 2158 2860 se
2190 2812 2240 2861 in
2270 2811 2450 2861 literas
2486 2810 2659 2867 abdeq

1581 2901 1657 2949 re,
1712 2889 1795 2938 vel
1861 2888 2166 2954 ceteroquin
2225 2888 2415 2952 aliquid
2471 2887 2653 2939 arcani

1578 2966 2061 3025 tractare,‚vellent.
2098 2967 2419 3032 Frequenter
2435 2965 2651 3030 quidem

1576 3048 1592 3072 ⁸
1609 3057 1841 3093 secessus
1857 3042 1873 3065 ’
1904 3043 2215 3092 dicebantur
2232 3045 2346 3091 loca
2370 3056 2571 3092 amoena
2594 3042 2649 3091 in

1580 3132 1716 3174 rure,
1737 3127 1786 3168 et
1812 3119 1985 3177 litore,
2008 3127 2157 3168 extra
2192 3119 2369 3168 urbem
2393 3134 2408 3180 ;
2444 3127 2502 3167 et
2534 3120 2550 3146 ⁸
2568 3133 2649 3166 se-

1576 3195 1806 3258 cedere,’
1861 3197 1944 3261 qni
1991 3199 2044 3245 in
2071 3196 2381 3246 ‘istiusmodi
2424 3197 2540 3247 loca
2588 3210 2648 3245 se

1576 3271 1948 3335 conferebant;
1979 3287 2156 3322 verum
2182 3273 2485 3336 neutiquam
2509 3287 2646 3322 sem-

1574 3364 1695 3414 per„
1757 3350 1924 3400 Recte
1971 3351 2204 3399 Isidorus
2251 3349 2402 3412 Orig.
2451 3362 2548 3399 xv.
2594 3353 2645 3399 3.

1575 3427 1900 3489 ‘Secessus,'
1933 3426 2120 3489 iuquit,
2155 3427 2269 3474 ‘est
2304 3426 2446 3474 locus
2471 3439 2646 3476 secre-

1576 3511 1679 3561 tus,
1725 3504 1836 3554 sine
1882 3503 2131 3554 accessu!
2211 3503 2401 3566 Virgil.
2442 3503 2562 3553 AEn.
2608 3517 2648 3552 ι.

1575 3584 1688 3630 159.
1715 3581 1870 3630 etiam
1905 3582 2095 3629 ‘sinum
2120 3580 2303 3629 maris’
2338 3589 2493 3629 vocat
2525 3582 2541 3609 ‘
2559 3596 2669 3629 se-.

1572 3673 1773 3709 cessum
1796 3659 1829 3706 τ’
1862 3658 1990 3708 ‘Est
2030 3660 2081 3708 in
2122 3674 2327 3709 secessu
2368 3662 2528 3725 longo
2567 3662 2645 3710 lo·

1572 3734 1699 3783 cus-³
1766 3735 1836 3784 Et
1866 3750 1959 3797 pro
1994 3735 2235 3784 ‘recessu
2256 3734 2270 3756 ³
2302 3736 2448 3798 ponit
2480 3736 2642 3800 idem,

1572 3810 1691 3860 AEn.
1736 3825 1823 3862 ιιι.
1866 3815 1981 3861 229.
2028 3811 2287 3860 ‘Rursum
2330 3813 2383 3860 in
2426 3827 2640 3863 secessu

1571 3887 1726 3950 longo
1754 3887 1850 3935 sub
1884 3886 2012 3950 rupe
2036 3885 2260 3936 cavata?
2325 3888 2468 3937 Plin.
2495 3888 2641 3940 Hist.

1571 3965 1698 4013 Nat.
1716 3978 1848 4013 viu.
1867 3968 1949 4013 ⁶4.
1972 3964 2059 4013 ubi
2086 3964 2150 4012 de
2171 3963 2468 4015 histricibus
2492 3967 2605 4030 agit
2622 3983 2638 4016 ε

1566 4031 1807 4089 ‘Deinde
1841 4054 2080 4089 secessus
2113 4042 2164 4089 in
2203 4055 2390 4103 specus
2427 4056 2640 4106 separa-

1568 4116 1679 4171 tim,
1703 4116 1754 4166 in
1775 4116 2196 4179 quibuspariunt
2224 4117 2488 4180 trigesimo
2512 4112 2641 4170 die.'

1569 4192 1727 4242 Ovid.
1747 4192 1909 4242 Trist.
1933 4207 1972 4243 1.
1996 4197 2044 4243 1.
2079 4199 2095 4221 ‘
2111 4194 2353 4243 Carmina
2373 4209 2636 4248 secessum

1569 4270 1846 4324 scribentis
1870 4278 1923 4323 et
1945 4272 2056 4323 otia
2078 4279 2317 4337 quaernnt
2331 4271 2365 4335 ς’
2397 4273 2487 4326 ubi
2521 4279 2537 4305 ⁴
2553 4288 2649 4331 se·.
