3017 4942
688 433 756 515 c.
804 431 1043 484 putuit
1091 431 1423 485 saeuum
1473 432 1754 486 pauno:
1827 418 2019 486 1.35.

289 576 376 640 que
395 576 521 628 enim
550 574 754 628 Plinius
776 576 876 629 hoe
904 578 1017 630 loco
1036 578 1318 644 Traianum

288 666 387 701 cum
417 652 514 701 alio
541 654 718 717 quovis
750 653 1085 717 imperatore,
1117 656 1203 719 qui
1230 670 1318 704 nu-

285 728 484 779 minibus
504 737 739 793 aquatus
761 738 864 793 est,
896 731 990 781 sed
1020 733 1318 782 nominatim

268 811 384 854 'cum
405 806 513 855 Tito
530 806 885 870 Vespasiano,
915 822 1219 873 comparare
1240 808 1319 857 in-

281 880 515 932 stituerat.
579 883 850 946 Ceterum,
884 885 1194 949 subscripsit
1222 885 1317 935 eti·

272 970 371 1005 -sm‘
387 958 642 1010 Gesnerus
675 961 952 1012 mutationi
999 962 1320 1026 pronominis

276 1032 344 1082 illi
380 1035 428 1084 in
470 1036 597 1097 illis5
655 1039 896 1104 quoniam
942 1039 1188 1105 credidit,
1228 1039 1316 1089 vix

276 1112 756 1177 ‘quempiam'casum
795 1117 1005 1167 tertium
1040 1115 1317 1182 singularis

276 1191 474 1253 numeri,
492 1192 588 1256 iai,
609 1192 694 1243 bic
717 1194 982 1245 commode
998 1194 1318 1259 interpreta-

275 1264 314 1313 ri
335 1271 500 1329 posse:
525 1268 664 1333 qnod
689 1283 813 1319 vero
835 1271 999 1321 nollet
1018 1269 1217 1320 factum
1239 1270 1319 1320 vir

273 1343 506 1410 eruditus,
525 1343 876 1410 Arntzenius3
899 1362 1012 1398 cum
1031 1347 1116 1397 hic
1139 1345 1316 1398 existi·

272 1425 383 1480 met,
419 1419 468 1469 iu
502 1421 729 1485 vulgata·
751 1423 979 1473 lectione
1011 1422 1221 1474 omnino
1242 1422 1316 1472 ls-

270 1498 371 1543 tere
400 1495 775 1559 elegantiorem
806 1499 1139 1565 locutionem,
1161 1513 1315 1564 quam

270 1580 321 1619 ut
341 1573 527 1638 tentari
547 1573 760 1623 debeat.
797 1574 960 1639 Cujus
984 1576 1236 1626 rationem
1257 1583 1318 1628 ut

180 1717 183 1720 Δ
267 1643 418 1696 lector
437 1645 634 1712 capiat,
667 1650 922 1715 integram
943 1652 1046 1702 huc
1071 1651 1317 1703 transcri-

270 1722 378 1774 bere
406 1724 540 1777 baud
568 1728 840 1792 pigraborz
874 1729 1055 1780 ‘Idem
1079 1729 1202 1793 est,'
1236 1731 1314 1781 in·

269 1801 382 1864 quit,
420 1804 520 1854 ‘sc
565 1806 613 1854 si
648 1805 886 1863 dixisset,
926 1812 1001 1857 tot
1048 1821 1130 1858 res
1180 1808 1317 1859 illius

269 1877 393 1927 rebus
417 1879 654 1940 adjecisti.
689 1883 956 1948 Loquendi
993 1884 1194 1942 modus,
1230 1884 1313 1951 (u-

269 1960 340 2002 tor
359 1956 527 2007 verbis
551 1957 823 2023 Gronovii,
852 1959 987 2010 Obs.
1015 1974 1096 2010 tv.
1120 1966 1170 2011 8.
1192 1977 1314 2027 pag.

271 2029 393 2095 121.)
414 2040 470 2081 ut
488 2046 597 2082 rem
623 2048 742 2084 cum
765 2048 840 2100 re,
871 2050 987 2100 quoe
1011 2036 1170 2087 estin
1196 2052 1313 2101 per-

267 2118 394 2170 sona,
415 2108 678 2174 collaturi,
709 2110 870 2173 ipsam
893 2125 1186 2175 personam,
1214 2128 1313 2165 nou

267 2193 379 2238 rem,
405 2185 695 2247 appellent,
729 2195 785 2236 et
822 2194 1067 2253 tanquam
1095 2190 1312 2239 alterum

266 2270 662 2324 comparatorum
689 2272 905 2328 ponant.
936 2265 1129 2317 Justiu.
1148 2279 1212 2316 ιι.
1236 2270 1316 2316 13.

263 2335 332 2383 10.
348 2338 362 2365 ‘
376 2337 770 2390 Atheniensium
791 2342 955 2391 virtus
969 2343 1161 2392 ceteris
1177 2355 1315 2408 μνω-

263 2411 388 2474 lata‚'
418 2416 470 2466 id
494 2425 598 2474 est,
638 2420 818 2469 virtuti
841 2427 1150 2470 ceterorum.
1205 2419 1314 2470 Ubi

260 2488 565 2544 ‹Vorstius‘et
589 2492 659 2543 ‘ad
682 2509 765 2545 tv.
786 2499 834 2545 8.
857 2500 906 2546 2.
926 2497 942 2523 ‘
965 2494 1095 2546 Ausi
1112 2494 1313 2545 facinus

260 2567 372 2617 nulli
385 2578 717 2633 tyrannorum
736 2572 1175 2635 comparandum.'
1193 2572 1314 2622 Vic-

256 2642 351 2707 tor,
366 2646 492 2697 Caes.
511 2660 595 2697 ιι.
617 2651 669 2698 7.
682 2650 698 2675 ⁸
715 2649 847 2700 Qnae
864 2661 1088 2699 amorem
1107 2648 1312 2701 histrio·

262 2720 331 2769 nis
354 2723 460 2772 viro
480 2723 829 2787 praetulerat.’
876 2725 1034 2776 Adde
1057 2726 1314 2778 Gronovi-

261 2801 334 2845 uai
360 2799 679 2859 sd‘Livium,
717 2803 862 2866 Epit.
895 2816 1077 2853 nvn.
1104 2811 1158 2854 et
1181 2805 1316 2856 Bur·

260 2888 381 2925 man.
413 2880 479 2928 ad
518 2881 773 2932 Quinctil.
816 2895 923 2932 xri.
954 2887 1006 2932 7.
1048 2884 1119 2932 Et
1150 2883 1225 2934 sic
1260 2884 1315 2934 in

260 2953 410 3003 relato
452 2972 570 3020 quas
621 2958 784 3021 magis
819 2959 1052 3022 respexit
1092 2960 1158 3008 ad
1197 2959 1315 3009 sen·

261 3042 377 3094 sum,
397 3047 547 3096 quam
574 3031 641 3082 ad
665 3034 827 3098 ipsam
852 3032 1073 3086 vocem.’
1118 3034 1313 3086 Hacte-

260 3117 344 3154 nus
365 3107 702 3159 Arntzeuius.
758 3112 1038 3177 Utcunque
1064 3125 1122 3161 se
1156 3111 1315 3162 habet

261 3178 350 3231 ista
382 3184 747 3249 interpretatio
780 3187 832 3235 in
865 3187 1113 3238 excitatis
1154 3190 1313 3250 locis3

259 3264 389 3309 certe
411 3262 461 3311 in
483 3263 586 3314 boc
611 3265 725 3313 loco
751 3262 910 3315 Plinii
943 3266 1233 3330 ambiguam
1257 3273 1314 3318 et

260 3333 535 3403 obscuram,
571 3354 633 3389 ac
669 3340 920 3392 Plinianae
958 3344 1181 3395 dictioni
1218 3345 1313 3396 mi-

260 3415 346 3532 ἳιιό
372 3424 743 3480 congruentem
780 3419 953 3470 reddit
983 3422 1313 3474 sententiam.

287 3489 399 3538 dens.

283 3635 293 3649 ο
326 3564 664 3633 1Πὶ·α4ἱεοίείι”]
699 3571 1032 3624 Commodius
1044 3574 1162 3626 illis.
1188 3575 1313 3644 Lip-

259 3649 367 3687 sius.
924 3669 929 3676 ·
1264 3657 1271 3666 ·

313 3715 703 3786 Deumsecimus]
739 3721 901 3789 Atqui
937 3739 1113 3789 supra,
1151 3740 1233 3777 xr.
1264 3733 1311 3779 1.

261 3789 379 3843 dixit
413 3811 443 3845 a
475 3799 778 3851 Domitiano
815 3804 982 3853 Deum
1015 3802 1233 3869 factum,
1254 3812 1314 3856 nt

260 3866 358 3929 ipse
380 3874 396 3900 ‘
414 3875 517 3924 Dei
540 3874 708 3927 frater
731 3879 1002 3928 videretur
1022 3878 1058 3929 ε’
1075 3880 1157 3930 hic
1177 3895 1208 3929 a
1229 3895 1311 3931 se-

262 3952 391 3997 natu.
444 3950 551 4001 Pro
587 3952 775 4017 insigni
813 3969 981 4019 pugna
1007 3954 1121 4004 baec
1149 3955 1313 4005 habet

263 4020 329 4068 vir
349 4022 559 4089 doctns;
594 4042 747 4092 quam
785 4043 883 4093 ego
914 4030 1106 4079 nullam
1141 4030 1312 4096 video,

259 4104 339 4146 sut
360 4095 461 4149 stili
482 4102 636 4168 hujus
660 4105 807 4155 brevi
829 4114 974 4156 motu
989 4120 1314 4171 componam.

262 4169 565 4229 Domitianus
601 4182 778 4231 Deum
805 4181 911 4231 dici
942 4182 1107 4233 voluit
1142 4190 1197 4233 et
1223 4198 1312 4234 cu·

264 4251 400 4314 rsvit,
439 4253 529 4303 sed
570 4256 639 4306 ob
680 4271 830 4308 suum
870 4256 1059 4310 finem:
1097 4266 1313 4310 senatus

263 4328 461 4387 censuit,
495 4338 554 4383 et
581 4332 748 4385 libens
772 4334 967 4400 paruit,
1003 4335 1126 4399 quia
1157 4335 1314 4388 meri·

2322 421 2455 490 639

1395 582 1480 629 tus
1513 585 1648 635 erat,
1678 586 1736 631 et
1769 578 1992 631 maxime
2023 577 2092 631 ob
2120 577 2455 632 securitatem

1395 655 1529 704 bane
1554 656 1756 706 senatui
1780 656 2030 720 bonisque
2048 663 2269 719 partam.
2303 656 2458 710 Idem.

1459 733 1702 796 Perqaam
1732 734 1930 798 magna]
1966 733 2067 784 Per
2098 748 2232 797 quem
2263 748 2457 796 mma,

1393 808 1561 858 Livio.
1584 809 1635 857 in
1665 816 1848 871 textu3
1883 809 1974 859 sed
2007 810 2064 858 in
2098 809 2458 874 margine‘per-

1393 900 1536 949 qaum
1551 901 1728 948 magna
1754 887 1816 937 C.
1840 887 1904 936 R.
1925 892 2088 936 recte.
2124 885 2365 938 Risui-³1⁸.
2421 909 2430 914 ³

1461 962 1699 1026 Per-quum
1712 977 1887 1025 magna
1908 961 2144 1026 quadum]
2181 960 2341 1025 Olim,
2361 976 2457 1025 pro

1389 1052 1632 1103 perquam,
1677 1039 1829 1103 vulgo
1871 1040 2142 1103 legebatur
2178 1052 2265 1102 per
2306 1054 2460 1103 qum,

1393 1112 1675 1164 manifesto
1697 1128 1905 1165 errorez
1943 1115 2127 1164 mirum
2160 1122 2336 1165 tamen
2359 1119 2458 1178 est,

1393 1205 1498 1256 quo
1535 1190 1690 1241 modo
1726 1192 1966 1242 mendum
2002 1192 2099 1242 boc
2137 1205 2242 1242 non
2287 1192 2456 1242 solum

1391 1265 1603 1319 codices
1633 1268 1881 1333 quosdam
1920 1269 2048 1318 Mss.
2082 1283 2132 1318 v.
2161 1283 2212 1332 g.
2239 1267 2455 1328 Vatica-

1391 1356 1503 1407 nos,
1524 1343 1888 1403 Parisieusem,
1911 1344 2455 1409 Guelpherbytauum,

1390 1421 1722 1485 Vossianurn,
1757 1429 1813 1472 et
1842 1435 2033 1477 meum,
2068 1421 2161 1471 sed
2192 1421 2350 1472 etiam
2377 1423 2460 1473 tot

1391 1495 1553 1547 libros
1577 1498 1718 1561 typis
1740 1512 1977 1562 excusos,
2014 1498 2293 1548 Puteolani
2316 1499 2455 1548 scili·

1391 1577 1499 1635 cet,
1521 1571 1666 1635 Ami,
1686 1573 1883 1635 Juutoe,
1906 1572 1971 1624 R.
1993 1579 2050 1622 et
2072 1572 2144 1622 H.
2162 1573 2453 1637 Stephano·

1392 1661 1527 1705 rum,
1568 1647 1812 1713 Grypbii,
1856 1648 2151 1707 Cratandri,
2193 1650 2450 1709 Sicbardi,

1392 1722 1569 1787 Navii,
1602 1725 1840 1789 Livius-ii,
1878 1723 2457 1792 Elzeviri‚·Boxhornii,

1389 1806 1452 1850 et
1483 1800 1717 1866 Cellarii,
1745 1801 2043 1868 inquinarit.
2111 1802 2322 1853 Rectius
2345 1817 2454 1854 om-

1389 1876 1515 1927 nino
1558 1877 1836 1943 legendum
1880 1885 1964 1928 est
1997 1892 2257 1943 perquam5
2298 1893 2452 1944 quam

1388 1952 1670 2004 lectionem
1713 1956 1869 2004 etism
1912 1954 2080 2004 codex
2113 1953 2364 2015 Venetus,
2400 1962 2460 2007 et

1389 2030 1593 2096 aliquot
1614 2031 1892 2093 editiones,
1924 2031 2261 2095 confirmant3
2283 2047 2453 2114 neque

1389 2119 1543 2170 nego,
1595 2120 1712 2157 eam
1770 2106 2099 2171 perticulam,
2149 2107 2456 2158 intendendi

1366 2193 1369 2198 ·
1388 2198 1591 2246 caussa,
1616 2186 1829 2249 saepius,
1851 2199 1967 2233 cum
1991 2184 2127 2248 apud
2149 2185 2275 2235 alios
2290 2185 2455 2250 scrip-

1390 2268 1549 2321 tores,
1583 2266 1690 2309 tum
1712 2259 1852 2325 apud
1877 2261 2044 2324 ipsum
2077 2260 2323 2322 Plinium,
2346 2262 2456 2324 epl-

1386 2336 1549 2387 thetis
1574 2336 1731 2399 addig
1761 2337 1936 2387 nescio
1957 2344 2152 2399 tamen,
2178 2351 2280 2403 quo
2300 2335 2456 2386 modo

1387 2411 1514 2461 mibi
1549 2412 1662 2475 jam
1711 2414 1930 2463 antebac
1975 2413 2138 2477 magis
2184 2413 2459 2477 placuerit,

1389 2495 1555 2553 atque
1587 2489 1873 2541 etiamnum
1912 2491 2137 2554 placeat,
2177 2504 2242 2539 ea
2274 2489 2455 2552 lectio,

1388 2573 1543 2630 q’uam
1565 2565 1806 2617 Ascensii
1828 2574 1882 2617 et
1903 2566 2071 2617 Paulli
2093 2567 2366 2631 Stephani,
2390 2563 2456 2618 'ac

1387 2655 1528 2691 nunc
1557 2655 1762 2707 quoque
1792 2642 2037 2703 Gesneri,
2073 2642 2333 2692 editiones
2362 2656 2456 2692 ex·

1386 2719 1588 2784 bibent,
1611 2719 1698 2769 ubi
1725 2735 1820 2783 pro
1836 2735 2079 2784 perquam,
2103 2722 2453 2784 vel-perquem,

1386 2797 1584 2862 legitur
1597 2802 1860 2861 postquem,
1874 2811 1935 2847 ac
1951 2797 2202 2861 deinceps
2223 2799 2454 2861 particu-

1386 2874 1437 2924 ls
1477 2874 1731 2937 δγκλιτικὴ
1772 2890 1878 2938 que,
1920 2875 2173 2939 adJuncta
2207 2876 2279 2937 τῷ
2313 2869 2455 2939 nillil,

1387 2952 1667 3002 omittitur.
1702 2952 1961 3005 Quoniam
1984 2957 2128 3002 'vero
2173 2951 2455 3006 destitutus

1387 3026 1463 3077 fui
1503 3026 1751 3093 suffragio
1787 3027 2017 3078 omnium
2052 3028 2290 3079 codicum
2321 3029 2457 3079 Mss.

1389 3105 1567 3169 recepi
1592 3105 1799 3156 interim
1821 3120 2063 3170 perquam.
2087 3106 2261 3156 Facile
2279 3111 2457 3156 sutem

1388 3190 1562 3247 patet,
1596 3185 1736 3236 illam
1767 3186 2024 3250 triplicem
2058 3185 2364 3235 varietatem
2388 3199 2455 3234 ex

1388 3261 1714 3324 compendiis
1768 3263 2047 3328 scriptum
2104 3268 2278 3314 natam
2319 3273 2453 3313 esse.

1389 3336 1633 3388 δάψαι-τ.
1975 3363 1980 3366 -

1394 3441 1401 3446 ·
1444 3416 1621 3465 Edicto
1640 3415 1764 3479 Titi]
1781 3417 1954 3468 Nemo
1967 3416 2453 3485 diligentius,·quam

1384 3493 1796 3560 Brencmannus,
1827 3496 1879 3544 in
1911 3497 2077 3546 citata
2107 3496 2317 3547 erudita
2349 3496 2456 3546 dis·

1387 3580 1517 3623 sert.
1542 3571 1609 3623 de
1648 3573 1787 3636 Lege
1829 3572 2087 3637 Remmia,
2121 3580 2178 3622 et
2212 3574 2278 3623 de
2309 3572 2455 3622 Fatis

1387 3648 1826 3699 calumniatorum
1876 3650 1975 3698 sub
2019 3648 2454 3714 Imperatoribus,

1384 3724 1768 3790 excussit,quid
1783 3725 2236 3791 sigillatim'Titus3
2251 3725 2455 3787 Nerva,

1385 3809 1443 3852 et
1474 3802 1754 3865 Trajanus,
1788 3800 1854 3850 de
1890 3799 2073 3864 quibus
2106 3800 2189 3850 hic
2226 3800 2454 3865 loquitur

1385 3876 1610 3939 Plinius,
1644 3879 1699 3926 in
1735 3874 2041 3926 coercendis
2081 3882 2137 3925 et
2181 3875 2457 3938 puniendis

1387 3954 1711 4005 delatoribus
1746 3951 2108 4018 praestiterint.
2156 3952 2303 4001 Titus
2342 3953 2456 4017 qui·

1386 4031 1507 4082 dem
1550 4029 1925 4096 Vespasianus,
1956 4030 2044 4095 qui
2087 4028 2457 4092 appellabatur

1389 4123 1534 4158 amor
1575 4115 1632 4158 et
1685 4106 1925 4157 delicium
1975 4106 2178 4169 generis
2226 4104 2457 4162 humani,

1387 4198 1653 4251 nunquam
1678 4182 1873 4233 dicitur
1895 4181 1961 4232 de
1985 4180 2200 4232 crimine
2219 4181 2457 4246 majesta-

1387 4260 1474 4324 tis,
1508 4259 1647 4326 quod
1681 4260 1807 4310 alias
1835 4258 2176 4321 largissimam
2208 4258 2455 4307 delatori·

1389 4335 1485 4388 bus
1501 4336 1770 4392 materiam
1784 4335 2116 4401 suggerebat,
2133 4334 2458 4400 cognovisse,
