3017 4942
554 530 646 575 tur
676 522 819 575 Plin.
853 521 1028 589 Epist.
1048 535 1135 574 nr·
1153 527 1237 575 20.
1256 529 1314 575 et
1335 521 1401 574 de
1424 522 1615 588 quibus

554 614 659 651 non
680 601 808 651 nibil
820 600 1089 651 annotavit
1101 601 1312 652 Cortius
1327 600 1393 650 ad
1409 601 1626 651 Sallust.

553 677 682 741 Jug.
699 692 747 727 c.
768 682 851 726 65.
892 677 1087 741 Utique
1116 679 1283 728 multo
1305 676 1624 741 probabilius

555 763 656 811 est,
680 753 1098 815 candidatorum,
1121 768 1276 819 quam
1313 751 1625 816 suffragato·

556 844 692 894 rum,
727 831 936 880 nomina
969 831 1154 894 plausu
1194 837 1251 880 et
1284 829 1434 878 laude
1464 828 1624 879 fuisse

557 912 786 970 excepta
830 921 862 955 a
902 905 1248 960 senatoribus,
1302 904 1440 969 apud
1492 919 1624 970 qnos

556 996 688 1032 unos
720 988 845 1032 tunc
883 979 1200 1045 suffragandi
1231 980 1320 1046 jus
1344 980 1623 1047 superfuit.

557 1059 701 1123 Ergo
724 1066 779 1109 et
806 1057 1183 1110 restituendum
1207 1066 1290 1108 est
1315 1059 1624 1109 vocabulum

552 1137 931 1200 candidatorum,
944 1143 1129 1199 utpote
1141 1136 1206 1185 ad
1223 1150 1370 1200 quos,
1383 1150 1484 1186 non
1498 1150 1625 1187 vero

556 1210 622 1260 ad
645 1207 1033 1273 suffragatores,
1059 1212 1323 1274 pertinent
1356 1213 1626 1277 sequentia

556 1285 739 1336 verba.
803 1288 942 1337 Sane
969 1289 1107 1337 enirn
1132 1302 1234 1338 non
1270 1286 1626 1350 suffragatori·

555 1363 671 1427 bus,
700 1363 793 1413 sed
829 1364 1142 1425 candidatis,
1163 1364 1301 1429 apud
1339 1366 1625 1428 principem

556 1438 934 1504 perhibebatur
978 1439 1351 1492 testimonium.
1434 1440 1628 1492 Candi-

555 1516 666 1566 dati
714 1524 990 1580 praeterea.
1036 1523 1170 1567 teste
1201 1517 1407 1571 Seneca
1449 1518 1627 1583 Epist.

555 1607 650 1646 ιιι.
670 1609 772 1645 uon
807 1597 1171 1662 suffragatores,
1205 1596 1360 1646 solita
1393 1598 1627 1659 appella·

557 1673 700 1723 tione
735 1679 861 1724 tunc
898 1672 1220 1724 vocabantur
1257 1671 1355 1722 viri
1390 1671 1534 1737 boni,
1569 1679 1627 1723 et

553 1749 652 1798 viri
676 1749 880 1814 optimi.
914 1749 1114 1799 Adhaec
1131 1749 1507 1813 candidatorum,
1523 1763 1625 1801 non

553 1825 949 1890 suffragatorum,
978 1826 1087 1875 vita
1124 1825 1561 1889 comprobabatur
1591 1839 1626 1879 a

553 1903 812 1966 principe.
842 1904 1010 1953 Recte
1022 1917 1147 1967 ergo
1161 1902 1375 1965 scripsit
1388 1901 1598 1965 Lipsius
1608 1917 1626 1952 ε

555 1976 671 2041 Ipsi
693 1976 1063 2042 suffragatores
1091 1976 1371 2028 honorifice
1394 1977 1628 2041 excipie-

540 2054 685 2105 *bant
721 2056 929 2108 uomina
963 2055 1384 2117 candidatorum,
1418 2055 1503 2118 qui
1536 2070 1626 2105 no-

556 2129 696 2180 mine
713 2136 768 2180 et
787 2130 972 2179 ordine
986 2131 1310 2181 citabantur.
1366 2130 1625 2194 Princeps

556 2206 722 2271 igitur
742 2208 857 2272 ipse
892 2209 1019 2256 mira
1042 2208 1291 2258 comitate
1328 2222 1431 2257 non
1458 2210 1625 2263 solnm

556 2282 873 2345 designabat
898 2283 1216 2340 candidatos,
1240 2282 1333 2332 sed
1357 2283 1511 2332 simul
1526 2286 1625 2333 eti-

558 2371 641 2407 am
658 2358 801 2422 quasi
817 2359 952 2408 inter
964 2356 1315 2422 suffragantes
1329 2357 1622 2409 laudantes-

557 2449 662 2500 qne
683 2443 819 2497 crat,
835 2444 892 2485 et
921 2436 1056 2486 band
1082 2449 1233 2486 secus
1253 2450 1315 2485 ac
1334 2443 1626 2495 senatores,

559 2524 824 2560 assensum
853 2525 999 2560 sunm
1032 2510 1358 2561 declarabat.
1425 2512 1627 2567 Quodsi

558 2585 719 2651 igitur
735 2587 814 2636 hae
831 2587 948 2637 duae
967 2602 1141 2644 voces,
1157 2587 1503 2652 suffragatores
1514 2605 1626 2639 can·

557 2664 847 2721 diaetarum,
871 2677 989 2713 cum
1022 2672 1281 2728 sequente
1305 2665 1463 2714 verbo
1497 2665 1626 2714 exci-

554 2744 725 2803 perent
748 2739 1111 2801 restituantur,
1131 2740 1303 2791 omnia
1323 2740 1507 2789 melius
1531 2738 1626 2789 flu·

559 2823 676 2878 unt,
705 2822 763 2865 et
785 2830 905 2865 cum
937 2820 1192 2865 contextu
1217 2814 1414 2878 pariter
1436 2816 1628 2866 oratis·

558 2893 661 2955 nis,
692 2906 755 2943 ac
778 2907 834 2943 re
863 2893 996 2956 ipsa,
1018 2893 1349 2944 conveniunt.
1413 2892 1630 2958 Magna,

560 2965 750 3024 fateor,
774 2967 993 3017 audacia
1016 2975 1115 3029 est,
1154 2967 1206 3016 in
1243 2967 1479 3032 antiquis
1505 2982 1629 3017 auc-

561 3042 764 3094 toribus
787 3045 904 3095 loca
940 3050 1190 3107 corrupta
1227 3044 1339 3107 sine
1375 3056 1631 3094 consensu

560 3117 799 3169 codicum
847 3128 1085 3170 veterum
1140 3122 1404 3184 corrigere
1457 3122 1628 3172 velle:

558 3196 861 3261 hujusmodi
905 3205 1083 3247 tamen
1123 3197 1359 3247 audacioe
1399 3197 1631 3263 culpant,

562 3287 719 3338 quam
759 3287 863 3323 non
907 3288 1086 3336 parum
1135 3287 1337 3336 vereor,
1373 3263 1634 3325 diminuet

560 3350 678 3415 ipsa
703 3348 930 3400 melioris
945 3350 1221 3399 sententiae
1245 3349 1630 3401 constituenda

556 3426 866 3483 necessitas,
889 3432 946 3475 et
968 3426 1194 3489 vestigia
1218 3425 1455 3490 qnaedam
1482 3441 1632 3477 occa·

564 3502 744 3567 sionis,
766 3502 904 3552 unde
918 3499 1031 3566 jam
1053 3502 1177 3554 olim
1207 3516 1351 3551 error
1370 3509 1519 3552 ortus
1546 3505 1633 3553 ‘tot

561 3579 731 3630 libros
756 3578 1161 3630 commacularit.
1226 3577 1314 3628 Ab
1348 3578 1413 3628 iis
1453 3586 1633 3629 autem

480 3674 488 3681 ¹
552 3656 849 3708 faciliorem
873 3656 1078 3706 veniam
1101 3655 1225 3706 mibi
1255 3654 1527 3719 polliceor,
1543 3656 1633 3722 qui

556 3739 624 3783 -et
664 3733 812 3797 liujus
855 3733 954 3782 loci
994 3733 1368 3795 corruptelam,
1413 3731 1636 3795 ejusque

566 3802 896 3863 ,verisimilem
932 3807 1276 3863 occasionem,
1315 3814 1372 3856 et
1404 3808 1634 3857 rationes

567 3884 819 3935 adversus
853 3884 1117 3948 vulgatam
1158 3883 1442 3934 lectionem
1483 3899 1517 3934 a
1549 3898 1635 3935 me

568 3960 772 4016 allatas,
795 3973 900 4009 non
923 3957 1304 4023 superficiario,
1328 3959 1420 4009 sed
1444 3966 1637 4010 exacto

570 4036 767 4098 studio,
828 4036 1206 4100 perlustrat-int
1260 4035 1640 4101 expenderint·

571 4124 690 4173 que.
729 4111 815 4160 Ne
839 4111 954 4175 quis
973 4124 1095 4161 vero
1119 4104 1355 4168 miretur,
1377 4111 1637 4176 quomodo

568 4184 684 4235 fieri
713 4186 947 4250 potuerit
983 4194 1041 4237 ut
1075 4188 1344 4250 negligens
1364 4187 1449 4237 vel
1472 4188 1638 4253 impe-

569 4262 701 4311 ritus
721 4263 980 4325 librarius,
994 4277 1110 4315 cum
1133 4265 1302 4315 minus
1335 4264 1639 4317 attenderet

571 4337 860 4402 dictitanti,
894 4353 1116 4405 cumque
1136 4338 1277 4393 forte
1297 4355 1406 4392 nou
1429 4354 1494 4393 ea
1518 4355 1635 4407 quse

1246 380 1466 433 801·AE
1513 379 1928 431 vammum
1977 378 2062 430 ΙΝ

1699 522 1927 588 audiret,
1964 522 2058 573 sed
2099 537 2217 588 qum
2253 521 2531 587 cogitaret,
2568 521 2758 575 scribes

1700 604 1804 661 ret,
1826 597 2127 650 confuderit
2150 598 2281 650 duas
2302 614 2455 650 voces
2490 601 2545 649 in
2582 612 2760 663 unam;

1696 674 1793 736 ita,
1813 681 1870 724 ut
1893 675 2055 741 priori
2081 675 2440 726 tantummodo
2474 676 2760 726 terminati-

1698 766 1849 802 onem
1903 753 2212 817 posterioris
2259 752 2605 816 appinxerit3
2651 753 2760 817 ejus

1697 830 1773 880 rei
1797 830 1940 879 varia
1962 831 2200 893 exempla
2222 831 2297 880 sic
2336 843 2393 880 se
2428 830 2689 879 inveniare
2709 831 2759 881 ia

1698 906 2236 970 antiquisfcodicibus,
2253 912 2480 957 testatur
2489 905 2761 971 Scioppius

1698 983 1754 1033 in
1795 982 1927 1033 Arte
1965 983 2200 1044 Critica;
2235 998 2286 1031 v.
2306 998 2359 1047 g.
2403 982 2546 1045 apud
2589 982 2761 1033 Plaut.

1699 1062 1905 1112 Cistell.
1935 1062 1951 1089 ⁴
1968 1061 2115 1111 Nihil
2152 1075 2332 1110 amare
2360 1060 2609 1124 injurium
2634 1057 2764 1110 est?

1698 1137 1789 1189 ubi
1822 1140 1840 1168 ⁴
1864 1136 2072 1187 amare’
2107 1137 2362 1201 scriptum
2402 1145 2506 1200 est,
2556 1151 2653 1200 pro
2694 1137 2764 1185 ‘a

1698 1211 1906 1263 matre!
1964 1212 2027 1261 In
2051 1213 2246 1271 Milite,
2272 1220 2288 1243 ⁸
2306 1213 2385 1265 An
2406 1213 2647 1262 heriatua
2677 1226 2762 1262 ne·

1700 1290 1802 1340 scis
1815 1290 1853 1339 ?'
1877 1303 1991 1354 pro,
2010 1291 2027 1319 ‘
2044 1288 2130 1339 An
2155 1291 2262 1339 lieri
2288 1295 2429 1340 artus
2446 1290 2620 1340 nescis
2634 1288 2670 1338 θ’
2702 1289 2760 1340 Iu

1700 1368 1953 1418 Baccbid.
1989 1366 2244 1431 ‘praecoz’
2287 1368 2322 1416 i.
2358 1381 2407 1416 e.
2436 1368 2572 1431 ‘pro
2590 1362 2763 1431 aequo?

1700 1443 1764 1494 Iu
1787 1443 1946 1507 Epid.
1980 1443 1997 1472 ⁴
2018 1445 2256 1495 Facitote
2293 1445 2484 1508 platea
2518 1439 2766 1506 pateant}

1700 1517 1804 1568 i.e.
1841 1525 1857 1550 ⁸
1879 1521 2079 1581 Facite,
2122 1526 2247 1571 totoe
2288 1520 2478 1582 plateae
2515 1515 2763 1581 pateant?

1701 1595 1768 1647 In
1818 1597 2150 1663 Symmacho,
2219 1597 2236 1625 ‘
2267 1595 2593 1652 Crediderit,
2615 1594 2631 1618 '
2675 1607 2764 1658 pro

1699 1674 1717 1703 ⁴
1738 1674 1970 1735 credidi;
1992 1673 2130 1723 erit.’
2200 1672 2265 1723 In
2291 1673 2571 1729 Petronio,
2589 1672 2606 1700 ‘
2627 1672 2764 1721 labra

1699 1747 2045 1812 humerosque
2060 1747 2405 1812 sopitionibus
2424 1747 2640 1811 pinxit,'
2665 1749 2700 1797 i.
2721 1760 2766 1796 e.

1699 1825 1882 1876 ‘labra
1912 1827 2257 1890 humerosque
2290 1825 2448 1889 sopiti
2493 1824 2766 1875 titionibus

1700 1902 1911 1968 pinxit.’
1977 1902 2143 1966 Alibi,
2185 1904 2203 1932 ⁴
2238 1902 2465 1952 Occasio
2501 1900 2768 1963 numero,’

1701 1994 1816 2043 pro,
1838 1980 1854 2008 ‘
1874 1979 2199 2031 occasionum
2224 1977 2385 2028 vero.’
2447 1980 2465 2006 ‘
2481 1978 2767 2041 Prosump·

1700 2054 1869 2120 serit,’
1903 2056 1937 2104 i.
1962 2070 2011 2105 e.
2036 2059 2052 2085 ‘
2073 2056 2340 2119 proprium
2361 2052 2653 2117 sumserit,'
2672 2056 2766 2106 &c-

1699 2130 1863 2181 Vides
1887 2145 2035 2195 ergo,
2050 2132 2264 2181 similem
2280 2131 2605 2192 corruptelae
2623 2143 2766 2179 occa·

1696 2206 1892 2256 sionem
1915 2207 2073 2256 etiam
2098 2207 2216 2256 huic
2233 2209 2350 2257 loco
2369 2207 2620 2256 Pliniano
2639 2205 2770 2256 acci·

1699 2281 1830 2331 dere
1866 2283 2115 2346 potuisse.
2184 2283 2473 2347 Postquam
2512 2296 2645 2333 vero
2677 2296 2766 2346 pro

1700 2357 1900 2408 duabus
1923 2360 2160 2421 vocibus,
2175 2359 2526 2424 suffragatores
2542 2359 2768 2410 candida-

1700 2438 1875 2493 torum,
1891 2449 1994 2485 una
2018 2450 2134 2496 vox,
2146 2434 2509 2499 suffragatores,
2522 2435 2766 2486 mendose

1700 2508 1805 2562 fuit
1827 2510 2072 2575 reposita,
2094 2510 2397 2562 facillimum
2418 2509 2520 2561 fuit
2538 2518 2602 2560 ut
2617 2511 2766 2561 etiam

1701 2588 1917 2638 verbum
1940 2588 2213 2652 exciperent
2236 2590 2290 2637 in
2310 2589 2651 2651 exciperentur
2667 2600 2767 2637 mu·

1702 2665 1804 2714 tari
1845 2665 2095 2729 coeperit,
2138 2672 2197 2714 ut
2235 2677 2356 2713 cum
2401 2663 2617 2713 nomine
2658 2662 2765 2726 jam

1699 2748 1949 2805 corrupto
1993 2741 2157 2804 magis
2190 2739 2514 2790 conveniret.
2584 2739 2767 2789 Posset

1702 2814 1910 2879 quidem
1955 2815 2174 2865 verbum
2207 2813 2464 2881 passivum
2497 2815 2764 2876 excipens-

1702 2895 1784 2940 τω·
1822 2892 2057 2957 retineri,
2097 2893 2143 2941 si
2195 2905 2381 2941 nomen
2422 2888 2766 2954 ruffi-agatem

1703 2966 2072 3028 omitteretur-3
2107 2966 2200 3016 sed
2225 2980 2344 3016 cum
2379 2965 2481 3015 hoc
2520 2965 2577 3014 in
2611 2963 2764 3015 omni·

1702 3041 1798 3092 bus
1820 3041 1969 3093 libris
2001 3043 2276 3104 habeatur,
2294 3042 2531 3107 quamvis
2557 3054 2666 3091 non
2681 3038 2766 3090 de·

1701 3119 1814 3169 bito
1847 3133 1968 3171 casu
2006 3120 2253 3184 positum,
2291 3120 2344 3168 id
2379 3119 2595 3182 penitus
2641 3115 2765 3181 abji-

1703 3209 1829 3246 cere
1853 3210 1955 3246 non
1980 3197 2170 3248 audeo.
2203 3180 2357 3246 Ide'm.

1766 3266 2155 3338 Safflcgatoees]
2191 3272 2608 3337 Suffragatorum.
2652 3268 2764 3319 Hoc

1703 3347 1929 3412 intelligi
1963 3355 2139 3413 potest
2173 3363 2239 3397 ex
2275 3346 2511 3411 ejusdem
2541 3345 2681 3395 Plin.
2702 3345 2763 3397 E-

1704 3424 1828 3487 pist.
1848 3437 1938 3474 nt.
1954 3429 2039 3475 2⁰.
2064 3424 2153 3474 ubi
2177 3423 2431 3473 rationem
2455 3422 2593 3472 hanc
2616 3420 2764 3472 comi·

1701 3501 1887 3552 tialem
1908 3501 1983 3551 ita
2007 3502 2244 3565 explicat
2266 3517 2283 3550 ε
2317 3507 2332 3530 ·
2354 3499 2533 3548 Citato
2567 3498 2764 3548 nomine

1705 3576 2004 3639 candidati;
2037 3577 2303 3626 silentium
2337 3587 2613 3637 summum,
2633 3572 2762 3622 dice·

1703 3652 1799 3704 bat
1820 3654 1937 3716 ipse
1973 3667 2070 3717 pro
2091 3665 2169 3714 se,
2192 3654 2354 3702 vitam
2375 3665 2518 3700 suam
2540 3648 2763 3712 explica·

1708 3731 1822 3792 bat,
1844 3735 2010 3781 testes
2032 3737 2088 3779 et
2109 3728 2407 3779 laudatores
2420 3725 2622 3775 dabat.-
2664 3721 2762 3774 Ad-

1709 3804 1868 3855 debat
1907 3805 2159 3869 quosdam
2198 3818 2265 3855 ex
2307 3800 2759 3865 suffragatus-ibon

1708 3882 1785 3932 illi
1821 3883 2055 3946 graviter
2089 3886 2145 3930 et
2188 3879 2372 3944 paucis
2411 3877 2762 3942 loquebantur.

1709 3957 1836 4008 Plus
1851 3957 1950 4006 boc
1966 3970 2121 4021 quam
2139 3968 2326 4018 preces
2343 3951 2627 4021 proderat2’
2660 3952 2759 4001 Its-

1709 4046 1813 4099 que
1857 4031 2228 4097 suffragatores
2264 4029 2566 4094 prodibant,
2607 4035 2660 4077 et
2691 4028 2758 4076 lo·

1708 4110 2032 4175 quebantur=
2070 4116 2395 4174 apparetque
2428 4121 2546 4157 cum
2591 4106 2759 4169 ptam

1708 4194 1765 4238 et
1789 4178 1965 4236 favore
1979 4186 2066 4253 (ut
2089 4193 2212 4235 tunc
2225 4198 2394 4234 mores
2414 4180 2481 4231 ad
2503 4182 2757 4232 levitatem

1710 4263 1795 4313 vel
1831 4263 2184 4313 adulationem
2217 4256 2564 4324 inclinabant)
2583 4269 2758 4321 excep·

1685 4344 1813 4392 tos.
1878 4336 2143 4405 Apparet,
2186 4337 2417 4402 inquam,
2455 4340 2515 4386 ut
2542 4336 2651 4389 baee
2682 4334 2754 4384 est
