<?xml version="1.0" encoding="UTF-8"?>
<!DOCTYPE html PUBLIC "-//W3C//DTD XHTML 1.0 Transitional//EN"
    "http://www.w3.org/TR/xhtml1/DTD/xhtml1-transitional.dtd">
<html xmlns="http://www.w3.org/1999/xhtml" xml:lang="en" lang="en">
 <head>
  <title>
</title>
<meta http-equiv="Content-Type" content="text/html;charset=utf-8" />
  <meta name='ocr-system' content='tesseract 3.04.00' />
  <meta name='ocr-capabilities' content='ocr_page ocr_carea ocr_par ocr_line ocrx_word'/>
</head>
<body>
  <div class='ocr_page' id='page_1' title='image "./panegyriciveter01unkngoog_0274.png"; bbox 0 0 3017 4942; ppageno 0'>
   <div class='ocr_carea' id='block_1_1' title="bbox 438 298 589 422">
    <p class='ocr_par' dir='ltr' id='par_1_1' title="bbox 438 298 589 422">
     <span class='ocr_line' id='line_1_1' title="bbox 438 298 589 422; baseline 0 -119"><span class='ocrx_word' id='word_1_1' title='bbox 438 298 589 422; x_wconf 63' lang='grc'>682,</span> 
     </span>
    </p>
   </div>
   <div class='ocr_carea' id='block_1_2' title="bbox 439 516 1508 584">
    <p class='ocr_par' dir='ltr' id='par_1_2' title="bbox 439 516 1508 584">
     <span class='ocr_line' id='line_1_2' title="bbox 439 516 1508 584; baseline 0.001 -17"><span class='ocrx_word' id='word_1_2' title='bbox 439 531 563 567; x_wconf 84' lang='lat' dir='ltr'>mox</span> <span class='ocrx_word' id='word_1_3' title='bbox 601 517 660 567; x_wconf 80' lang='lat' dir='ltr'>fit</span> <span class='ocrx_word' id='word_1_4' title='bbox 696 516 922 569; x_wconf 84' lang='lat' dir='ltr'>mentio:</span> <span class='ocrx_word' id='word_1_5' title='bbox 959 532 1076 569; x_wconf 86' lang='lat' dir='ltr'>cum</span> <span class='ocrx_word' id='word_1_6' title='bbox 1123 522 1361 584; x_wconf 66' lang='lat' dir='ltr'>utraeque</span> <span class='ocrx_word' id='word_1_7' title='bbox 1401 517 1508 568; x_wconf 78' lang='lat' dir='ltr'>inae</span> 
     </span>
    </p>
   </div>
   <div class='ocr_carea' id='block_1_3' title="bbox 437 594 1511 660">
    <p class='ocr_par' dir='ltr' id='par_1_3' title="bbox 437 594 1511 660">
     <span class='ocr_line' id='line_1_3' title="bbox 437 594 1511 660; baseline 0.002 -16"><span class='ocrx_word' id='word_1_8' title='bbox 437 596 580 660; x_wconf 79' lang='lat' dir='ltr'>leges</span> <span class='ocrx_word' id='word_1_9' title='bbox 605 594 841 647; x_wconf 81' lang='lat' dir='ltr'>facerent</span> <span class='ocrx_word' id='word_1_10' title='bbox 873 597 939 647; x_wconf 87' lang='lat' dir='ltr'>ad</span> <span class='ocrx_word' id='word_1_11' title='bbox 971 596 1398 660; x_wconf 85' lang='lat' dir='ltr'>locupletandum</span> <span class='ocrx_word' id='word_1_12' title='bbox 1422 595 1511 646; x_wconf 83' lang='lat' dir='ltr'>fis-</span> 
     </span>
    </p>
   </div>
   <div class='ocr_carea' id='block_1_4' title="bbox 418 671 1509 2274">
    <p class='ocr_par' dir='ltr' id='par_1_4' title="bbox 428 671 1509 2274">
     <span class='ocr_line' id='line_1_4' title="bbox 441 671 1505 736; baseline -0.001 -15"><span class='ocrx_word' id='word_1_13' title='bbox 441 686 558 721; x_wconf 85' lang='lat' dir='ltr'>cum</span> <span class='ocrx_word' id='word_1_14' title='bbox 597 680 652 722; x_wconf 90' lang='lat' dir='ltr'>et</span> <span class='ocrx_word' id='word_1_15' title='bbox 689 673 946 723; x_wconf 74' lang='lat' dir='ltr'>aerarium.</span> <span class='ocrx_word' id='word_1_16' title='bbox 994 671 1260 723; x_wconf 61' lang='grc' dir='ltr'>1ΑειῦιιΙίει</span> <span class='ocrx_word' id='word_1_17' title='bbox 1296 672 1505 736; x_wconf 85' lang='lat' dir='ltr'>quidem</span> 
     </span>
     <span class='ocr_line' id='line_1_5' title="bbox 439 748 1509 815; baseline 0.002 -18"><span class='ocrx_word' id='word_1_18' title='bbox 439 749 528 797; x_wconf 88' lang='lat' dir='ltr'>lex</span> <span class='ocrx_word' id='word_1_19' title='bbox 545 749 832 812; x_wconf 82' lang='lat' dir='ltr'>majestatis</span> <span class='ocrx_word' id='word_1_20' title='bbox 849 764 915 800; x_wconf 90' lang='lat' dir='ltr'>eo</span> <span class='ocrx_word' id='word_1_21' title='bbox 932 750 1094 815; x_wconf 78' lang='lat' dir='ltr'>magis</span> <span class='ocrx_word' id='word_1_22' title='bbox 1112 750 1213 800; x_wconf 83' lang='lat' dir='ltr'>buc</span> <span class='ocrx_word' id='word_1_23' title='bbox 1227 748 1509 800; x_wconf 84' lang='lat' dir='ltr'>referenda</span> 
     </span>
     <span class='ocr_line' id='line_1_6' title="bbox 440 819 1506 891; baseline 0.001 -17"><span class='ocrx_word' id='word_1_24' title='bbox 440 832 602 887; x_wconf 83' lang='lat' dir='ltr'>esset,</span> <span class='ocrx_word' id='word_1_25' title='bbox 637 825 681 874; x_wconf 84' lang='lat' dir='ltr'>si</span> <span class='ocrx_word' id='word_1_26' title='bbox 717 839 1052 891; x_wconf 70' lang='lat' dir='ltr'>sequeremur</span> <span class='ocrx_word' id='word_1_27' title='bbox 1085 827 1396 891; x_wconf 90' lang='lat' dir='ltr'>scripturam</span> <span class='ocrx_word' id='word_1_28' title='bbox 1420 819 1506 875; x_wconf 90' lang='lat' dir='ltr'>co-</span> 
     </span>
     <span class='ocr_line' id='line_1_7' title="bbox 439 898 1505 970; baseline 0.003 -21"><span class='ocrx_word' id='word_1_29' title='bbox 439 898 573 950; x_wconf 86' lang='lat' dir='ltr'>dicis</span> <span class='ocrx_word' id='word_1_30' title='bbox 628 901 1060 965; x_wconf 79' lang='lat' dir='ltr'>Salisburgensis‚</span> <span class='ocrx_word' id='word_1_31' title='bbox 1129 902 1181 951; x_wconf 91' lang='lat' dir='ltr'>in</span> <span class='ocrx_word' id='word_1_32' title='bbox 1235 917 1343 970; x_wconf 87' lang='lat' dir='ltr'>quo</span> <span class='ocrx_word' id='word_1_33' title='bbox 1391 902 1505 952; x_wconf 77' lang='lat' dir='ltr'>haec</span> 
     </span>
     <span class='ocr_line' id='line_1_8' title="bbox 440 977 1504 1042; baseline 0.002 -16"><span class='ocrx_word' id='word_1_34' title='bbox 440 977 598 1027; x_wconf 80' lang='lat' dir='ltr'>verba</span> <span class='ocrx_word' id='word_1_35' title='bbox 640 978 718 1027; x_wconf 89' lang='lat' dir='ltr'>ita</span> <span class='ocrx_word' id='word_1_36' title='bbox 755 979 952 1041; x_wconf 81' lang='lat' dir='ltr'>scripta</span> <span class='ocrx_word' id='word_1_37' title='bbox 992 979 1228 1042; x_wconf 75' lang='lat' dir='ltr'>legimus,</span> <span class='ocrx_word' id='word_1_38' title='bbox 1276 978 1504 1042; x_wconf 75' lang='lat' dir='ltr'>Locuple-</span> 
     </span>
     <span class='ocr_line' id='line_1_9' title="bbox 438 1052 1505 1119; baseline 0.001 -16"><span class='ocrx_word' id='word_1_39' title='bbox 438 1052 608 1103; x_wconf 69' lang='lat' dir='ltr'>tabcmt</span> <span class='ocrx_word' id='word_1_40' title='bbox 628 1053 866 1119; x_wconf 76' lang='lat' dir='ltr'>etfiscum</span> <span class='ocrx_word' id='word_1_41' title='bbox 894 1059 942 1103; x_wconf 78' lang='lat' dir='ltr'>et</span> <span class='ocrx_word' id='word_1_42' title='bbox 965 1057 1192 1105; x_wconf 73' lang='lat' dir='ltr'>erarium</span> <span class='ocrx_word' id='word_1_43' title='bbox 1218 1070 1312 1105; x_wconf 71' lang='lat' dir='ltr'>non</span> <span class='ocrx_word' id='word_1_44' title='bbox 1345 1054 1505 1117; x_wconf 74' lang='lat' dir='ltr'>magis</span> 
     </span>
     <span class='ocr_line' id='line_1_10' title="bbox 418 1129 1503 1196; baseline 0.002 -15.058"><span class='ocrx_word' id='word_1_45' title='bbox 418 1129 684 1192; x_wconf 82' lang='lat' dir='ltr'>Vocomoe,</span> <span class='ocrx_word' id='word_1_46' title='bbox 711 1146 850 1195; x_wconf 81' lang='lat' dir='ltr'>quam</span> <span class='ocrx_word' id='word_1_47' title='bbox 868 1133 1020 1181; x_wconf 77' lang='lat' dir='ltr'>Juliae</span> <span class='ocrx_word' id='word_1_48' title='bbox 1050 1135 1194 1194; x_wconf 76' lang='lat' dir='ltr'>leges,</span> <span class='ocrx_word' id='word_1_49' title='bbox 1226 1148 1368 1196; x_wconf 79' lang='lat' dir='ltr'>quam</span> <span class='ocrx_word' id='word_1_50' title='bbox 1402 1147 1503 1183; x_wconf 79' lang='lat' dir='ltr'>ma·</span> 
     </span>
     <span class='ocr_line' id='line_1_11' title="bbox 428 1201 1502 1277; baseline 0.004 -19"><span class='ocrx_word' id='word_1_51' title='bbox 428 1205 920 1273; x_wconf 60' lang='lat' dir='ltr'>,fedatis-singulare,</span> <span class='ocrx_word' id='word_1_52' title='bbox 959 1213 1041 1274; x_wconf 57' lang='lat' dir='ltr'>&amp;c-</span> <span class='ocrx_word' id='word_1_53' title='bbox 1109 1211 1232 1269; x_wconf 86' lang='lat' dir='ltr'>Sed,</span> <span class='ocrx_word' id='word_1_54' title='bbox 1263 1201 1502 1277; x_wconf 74' lang='lat' dir='ltr'>quoniam</span> 
     </span>
     <span class='ocr_line' id='line_1_12' title="bbox 436 1287 1503 1353; baseline 0.005 -19"><span class='ocrx_word' id='word_1_55' title='bbox 436 1287 525 1335; x_wconf 82' lang='lat' dir='ltr'>lex</span> <span class='ocrx_word' id='word_1_56' title='bbox 545 1287 691 1338; x_wconf 87' lang='lat' dir='ltr'>Julia</span> <span class='ocrx_word' id='word_1_57' title='bbox 728 1288 824 1337; x_wconf 83' lang='lat' dir='ltr'>boc</span> <span class='ocrx_word' id='word_1_58' title='bbox 861 1288 976 1339; x_wconf 89' lang='lat' dir='ltr'>loco</span> <span class='ocrx_word' id='word_1_59' title='bbox 1015 1288 1350 1353; x_wconf 78' lang='lat' dir='ltr'>conjungitur</span> <span class='ocrx_word' id='word_1_60' title='bbox 1384 1304 1503 1339; x_wconf 89' lang='lat' dir='ltr'>cum</span> 
     </span>
     <span class='ocr_line' id='line_1_13' title="bbox 437 1362 1503 1428; baseline 0.002 -16"><span class='ocrx_word' id='word_1_61' title='bbox 437 1362 556 1427; x_wconf 74' lang='lat' dir='ltr'>lege</span> <span class='ocrx_word' id='word_1_62' title='bbox 573 1363 825 1419; x_wconf 85' lang='lat' dir='ltr'>Voconia,</span> <span class='ocrx_word' id='word_1_63' title='bbox 851 1364 969 1413; x_wconf 80' lang='lat' dir='ltr'>viris</span> <span class='ocrx_word' id='word_1_64' title='bbox 991 1363 1162 1414; x_wconf 87' lang='lat' dir='ltr'>doctis</span> <span class='ocrx_word' id='word_1_65' title='bbox 1184 1365 1503 1428; x_wconf 71' lang='lat' dir='ltr'>probabilius</span> 
     </span>
     <span class='ocr_line' id='line_1_14' title="bbox 437 1439 1502 1502; baseline 0.003 -14"><span class='ocrx_word' id='word_1_66' title='bbox 437 1440 602 1489; x_wconf 81' lang='lat' dir='ltr'>visum</span> <span class='ocrx_word' id='word_1_67' title='bbox 628 1447 730 1501; x_wconf 86' lang='lat' dir='ltr'>est,</span> <span class='ocrx_word' id='word_1_68' title='bbox 757 1441 855 1490; x_wconf 85' lang='lat' dir='ltr'>bic·</span> <span class='ocrx_word' id='word_1_69' title='bbox 876 1439 1088 1490; x_wconf 82' lang='lat' dir='ltr'>indicari</span> <span class='ocrx_word' id='word_1_70' title='bbox 1113 1441 1283 1502; x_wconf 66' lang='lat' dir='ltr'>legem</span> <span class='ocrx_word' id='word_1_71' title='bbox 1305 1441 1502 1492; x_wconf 85' lang='lat' dir='ltr'>Juliatn</span> 
     </span>
     <span class='ocr_line' id='line_1_15' title="bbox 437 1514 1501 1582; baseline 0.001 -16"><span class='ocrx_word' id='word_1_72' title='bbox 437 1516 505 1566; x_wconf 87' lang='lat' dir='ltr'>de</span> <span class='ocrx_word' id='word_1_73' title='bbox 528 1517 837 1567; x_wconf 84' lang='lat' dir='ltr'>Maritandis</span> <span class='ocrx_word' id='word_1_74' title='bbox 860 1515 1182 1579; x_wconf 87' lang='lat' dir='ltr'>Ordinibus;</span> <span class='ocrx_word' id='word_1_75' title='bbox 1218 1531 1371 1582; x_wconf 83' lang='lat' dir='ltr'>quam</span> <span class='ocrx_word' id='word_1_76' title='bbox 1395 1514 1501 1567; x_wconf 81' lang='lat' dir='ltr'>Au·</span> 
     </span>
     <span class='ocr_line' id='line_1_16' title="bbox 437 1592 1504 1659; baseline 0.001 -16"><span class='ocrx_word' id='word_1_77' title='bbox 437 1599 618 1659; x_wconf 72' lang='lat' dir='ltr'>gustus</span> <span class='ocrx_word' id='word_1_78' title='bbox 646 1594 757 1658; x_wconf 85' lang='lat' dir='ltr'>jam</span> <span class='ocrx_word' id='word_1_79' title='bbox 794 1593 859 1644; x_wconf 87' lang='grc' dir='ltr'><strong>Α.</strong></span> <span class='ocrx_word' id='word_1_80' title='bbox 889 1594 955 1644; x_wconf 84' lang='lat' dir='ltr'>U.</span> <span class='ocrx_word' id='word_1_81' title='bbox 978 1594 1042 1645; x_wconf 87' lang='lat' dir='ltr'>C.</span> <span class='ocrx_word' id='word_1_82' title='bbox 1081 1606 1392 1645; x_wconf 78' lang='lat' dir='ltr'>nccxxxvr.</span> <span class='ocrx_word' id='word_1_83' title='bbox 1425 1592 1504 1644; x_wconf 81' lang='lat' dir='ltr'>fe-</span> 
     </span>
     <span class='ocr_line' id='line_1_17' title="bbox 434 1670 1503 1732; baseline 0.001 -12"><span class='ocrx_word' id='word_1_84' title='bbox 434 1670 655 1721; x_wconf 83' lang='lat' dir='ltr'>rendam</span> <span class='ocrx_word' id='word_1_85' title='bbox 699 1672 956 1721; x_wconf 70' lang='lat' dir='ltr'>retulerat</span> <span class='ocrx_word' id='word_1_86' title='bbox 1000 1670 1065 1720; x_wconf 91' lang='lat' dir='ltr'>ad</span> <span class='ocrx_word' id='word_1_87' title='bbox 1106 1680 1377 1732; x_wconf 53' lang='lat' dir='ltr'>senatuum</span> <span class='ocrx_word' id='word_1_88' title='bbox 1409 1670 1503 1721; x_wconf 79' lang='lat' dir='ltr'>sed</span> 
     </span>
     <span class='ocr_line' id='line_1_18' title="bbox 436 1745 1503 1810; baseline 0.001 -14"><span class='ocrx_word' id='word_1_89' title='bbox 436 1745 643 1797; x_wconf 87' lang='lat' dir='ltr'>demum</span> <span class='ocrx_word' id='word_1_90' title='bbox 681 1762 816 1798; x_wconf 87' lang='lat' dir='ltr'>anno</span> <span class='ocrx_word' id='word_1_91' title='bbox 851 1760 1114 1798; x_wconf 70' lang='lat' dir='ltr'>toccnxn.</span> <span class='ocrx_word' id='word_1_92' title='bbox 1159 1748 1394 1810; x_wconf 81' lang='lat' dir='ltr'>pertulit,</span> <span class='ocrx_word' id='word_1_93' title='bbox 1429 1748 1503 1798; x_wconf 79' lang='lat' dir='ltr'>ita</span> 
     </span>
     <span class='ocr_line' id='line_1_19' title="bbox 433 1823 1499 1890; baseline 0 -15"><span class='ocrx_word' id='word_1_94' title='bbox 433 1825 665 1890; x_wconf 82' lang='lat' dir='ltr'>quidem,</span> <span class='ocrx_word' id='word_1_95' title='bbox 688 1832 745 1874; x_wconf 90' lang='lat' dir='ltr'>ut</span> <span class='ocrx_word' id='word_1_96' title='bbox 771 1833 878 1874; x_wconf 90' lang='lat' dir='ltr'>tum</span> <span class='ocrx_word' id='word_1_97' title='bbox 903 1833 957 1874; x_wconf 91' lang='lat' dir='ltr'>et</span> <span class='ocrx_word' id='word_1_98' title='bbox 979 1825 1248 1886; x_wconf 73' lang='lat' dir='ltr'>Voconiae,</span> <span class='ocrx_word' id='word_1_99' title='bbox 1273 1832 1325 1874; x_wconf 87' lang='lat' dir='ltr'>et</span> <span class='ocrx_word' id='word_1_100' title='bbox 1342 1823 1499 1875; x_wconf 77' lang='lat' dir='ltr'>Juliae</span> 
     </span>
     <span class='ocr_line' id='line_1_20' title="bbox 432 1900 1501 1965; baseline 0.001 -16"><span class='ocrx_word' id='word_1_101' title='bbox 432 1900 587 1964; x_wconf 77' lang='lat' dir='ltr'>legis,</span> <span class='ocrx_word' id='word_1_102' title='bbox 622 1901 920 1964; x_wconf 73' lang='lat' dir='ltr'>rogationes</span> <span class='ocrx_word' id='word_1_103' title='bbox 957 1900 1230 1965; x_wconf 82' lang='lat' dir='ltr'>plerasque</span> <span class='ocrx_word' id='word_1_104' title='bbox 1254 1901 1307 1950; x_wconf 90' lang='lat' dir='ltr'>in</span> <span class='ocrx_word' id='word_1_105' title='bbox 1332 1901 1501 1964; x_wconf 81' lang='lat' dir='ltr'>legem</span> 
     </span>
     <span class='ocr_line' id='line_1_21' title="bbox 432 1975 1501 2042; baseline 0.001 -17"><span class='ocrx_word' id='word_1_106' title='bbox 432 1975 655 2042; x_wconf 85' lang='lat' dir='ltr'>Papiam</span> <span class='ocrx_word' id='word_1_107' title='bbox 675 1977 961 2041; x_wconf 84' lang='lat' dir='ltr'>Poppaeam</span> <span class='ocrx_word' id='word_1_108' title='bbox 986 1977 1340 2039; x_wconf 83' lang='lat' dir='ltr'>transtulerit;</span> <span class='ocrx_word' id='word_1_109' title='bbox 1364 1975 1501 2027; x_wconf 86' lang='lat' dir='ltr'>unde</span> 
     </span>
     <span class='ocr_line' id='line_1_22' title="bbox 435 2053 1499 2117; baseline 0 -13"><span class='ocrx_word' id='word_1_110' title='bbox 435 2054 650 2117; x_wconf 79' lang='lat' dir='ltr'>accidit,</span> <span class='ocrx_word' id='word_1_111' title='bbox 683 2061 742 2105; x_wconf 91' lang='lat' dir='ltr'>ut</span> <span class='ocrx_word' id='word_1_112' title='bbox 764 2054 1018 2110; x_wconf 80' lang='lat' dir='ltr'>Voconia,</span> <span class='ocrx_word' id='word_1_113' title='bbox 1052 2060 1108 2104; x_wconf 92' lang='lat' dir='ltr'>et</span> <span class='ocrx_word' id='word_1_114' title='bbox 1126 2053 1289 2116; x_wconf 83' lang='lat' dir='ltr'>Julia,</span> <span class='ocrx_word' id='word_1_115' title='bbox 1328 2061 1384 2103; x_wconf 84' lang='lat' dir='ltr'>et</span> <span class='ocrx_word' id='word_1_116' title='bbox 1405 2055 1499 2104; x_wconf 88' lang='lat' dir='ltr'>ali·</span> 
     </span>
     <span class='ocr_line' id='line_1_23' title="bbox 435 2132 1500 2197; baseline 0.002 -16"><span class='ocrx_word' id='word_1_117' title='bbox 435 2132 643 2197; x_wconf 77' lang='lat' dir='ltr'>quando</span> <span class='ocrx_word' id='word_1_118' title='bbox 682 2133 849 2195; x_wconf 83' lang='lat' dir='ltr'>Papia</span> <span class='ocrx_word' id='word_1_119' title='bbox 887 2132 1144 2197; x_wconf 78' lang='lat' dir='ltr'>Poppaea,</span> <span class='ocrx_word' id='word_1_120' title='bbox 1181 2140 1271 2182; x_wconf 87' lang='lat' dir='ltr'>aut</span> <span class='ocrx_word' id='word_1_121' title='bbox 1308 2134 1500 2197; x_wconf 81' lang='lat' dir='ltr'>passim</span> 
     </span>
     <span class='ocr_line' id='line_1_24' title="bbox 433 2210 1499 2274; baseline 0.002 -16"><span class='ocrx_word' id='word_1_122' title='bbox 433 2210 836 2273; x_wconf 76' lang='lat' dir='ltr'>conjungantur,</span> <span class='ocrx_word' id='word_1_123' title='bbox 866 2216 957 2260; x_wconf 84' lang='lat' dir='ltr'>aut</span> <span class='ocrx_word' id='word_1_124' title='bbox 981 2224 1083 2259; x_wconf 87' lang='lat' dir='ltr'>una</span> <span class='ocrx_word' id='word_1_125' title='bbox 1106 2223 1199 2274; x_wconf 89' lang='lat' dir='ltr'>pro</span> <span class='ocrx_word' id='word_1_126' title='bbox 1223 2210 1386 2260; x_wconf 84' lang='lat' dir='ltr'>altera</span> <span class='ocrx_word' id='word_1_127' title='bbox 1409 2225 1499 2260; x_wconf 89' lang='lat' dir='ltr'>no·</span> 
     </span>
    </p>
   </div>
   <div class='ocr_carea' id='block_1_5' title="bbox 307 2286 1500 2351">
    <p class='ocr_par' dir='ltr' id='par_1_5' title="bbox 307 2286 1500 2351">
     <span class='ocr_line' id='line_1_25' title="bbox 307 2286 1500 2351; baseline 0.001 -15"><span class='ocrx_word' id='word_1_128' title='bbox 307 2298 327 2311; x_wconf 90' lang='lat'><strong>·</strong></span> <span class='ocrx_word' id='word_1_129' title='bbox 430 2287 680 2337; x_wconf 86' lang='lat' dir='ltr'>minetur.</span> <span class='ocrx_word' id='word_1_130' title='bbox 748 2286 879 2350; x_wconf 79' lang='lat' dir='ltr'>Legi</span> <span class='ocrx_word' id='word_1_131' title='bbox 918 2294 1091 2336; x_wconf 87' lang='lat' dir='ltr'>autem</span> <span class='ocrx_word' id='word_1_132' title='bbox 1136 2287 1319 2351; x_wconf 76' lang='lat' dir='ltr'>Papiae</span> <span class='ocrx_word' id='word_1_133' title='bbox 1358 2288 1500 2350; x_wconf 87' lang='lat' dir='ltr'>Pop-</span> 
     </span>
    </p>
   </div>
   <div class='ocr_carea' id='block_1_6' title="bbox 395 2363 1498 2971">
    <p class='ocr_par' dir='ltr' id='par_1_6' title="bbox 395 2363 1498 2971">
     <span class='ocr_line' id='line_1_26' title="bbox 402 2363 1497 2432; baseline 0.002 -19"><span class='ocrx_word' id='word_1_134' title='bbox 402 2426 407 2432; x_wconf 30' lang='grc'>,</span> <span class='ocrx_word' id='word_1_135' title='bbox 432 2376 565 2428; x_wconf 70' lang='lat' dir='ltr'>1&gt;aeoe</span> <span class='ocrx_word' id='word_1_136' title='bbox 591 2378 776 2414; x_wconf 87' lang='lat' dir='ltr'>nomen</span> <span class='ocrx_word' id='word_1_137' title='bbox 799 2363 1020 2415; x_wconf 84' lang='lat' dir='ltr'>inditum</span> <span class='ocrx_word' id='word_1_138' title='bbox 1049 2371 1128 2415; x_wconf 88' lang='lat' dir='ltr'>est</span> <span class='ocrx_word' id='word_1_139' title='bbox 1160 2379 1192 2414; x_wconf 88' lang='lat' dir='ltr'>a</span> <span class='ocrx_word' id='word_1_140' title='bbox 1223 2365 1302 2415; x_wconf 90' lang='grc' dir='ltr'>Μ.</span> <span class='ocrx_word' id='word_1_141' title='bbox 1325 2365 1497 2429; x_wconf 81' lang='lat' dir='ltr'>Papio</span> 
     </span>
     <span class='ocr_line' id='line_1_27' title="bbox 432 2438 1496 2510; baseline 0.004 -21"><span class='ocrx_word' id='word_1_142' title='bbox 432 2438 645 2506; x_wconf 75' lang='lat' dir='ltr'>Mutilo,</span> <span class='ocrx_word' id='word_1_143' title='bbox 679 2446 740 2510; x_wconf 55' lang='lat' dir='ltr'>⁸et</span> <span class='ocrx_word' id='word_1_144' title='bbox 773 2439 839 2491; x_wconf 85' lang='lat' dir='ltr'>Q.</span> <span class='ocrx_word' id='word_1_145' title='bbox 868 2441 1104 2505; x_wconf 75' lang='lat' dir='ltr'>Roppaeo</span> <span class='ocrx_word' id='word_1_146' title='bbox 1134 2440 1393 2500; x_wconf 89' lang='lat' dir='ltr'>Secundo,</span> <span class='ocrx_word' id='word_1_147' title='bbox 1414 2440 1496 2509; x_wconf 66' lang='lat' dir='ltr'>A.</span> 
     </span>
     <span class='ocr_line' id='line_1_28' title="bbox 428 2517 1498 2588; baseline 0.001 -18"><span class='ocrx_word' id='word_1_148' title='bbox 428 2517 501 2570; x_wconf 80' lang='lat' dir='ltr'>U.</span> <span class='ocrx_word' id='word_1_149' title='bbox 536 2518 601 2569; x_wconf 84' lang='lat' dir='ltr'>C.</span> <span class='ocrx_word' id='word_1_150' title='bbox 645 2532 906 2570; x_wconf 71' lang='lat' dir='ltr'>mooun.</span> <span class='ocrx_word' id='word_1_151' title='bbox 963 2520 1259 2570; x_wconf 85' lang='lat' dir='ltr'>consulibus</span> <span class='ocrx_word' id='word_1_152' title='bbox 1311 2518 1498 2588; x_wconf 70' lang='lat' dir='ltr'>suffec-</span> 
     </span>
     <span class='ocr_line' id='line_1_29' title="bbox 432 2593 1496 2664; baseline 0.001 -18"><span class='ocrx_word' id='word_1_153' title='bbox 432 2593 519 2664; x_wconf 70' lang='lat' dir='ltr'>tis.</span> <span class='ocrx_word' id='word_1_154' title='bbox 606 2595 780 2660; x_wconf 84' lang='lat' dir='ltr'>Hujus</span> <span class='ocrx_word' id='word_1_155' title='bbox 828 2597 953 2660; x_wconf 77' lang='lat' dir='ltr'>legis</span> <span class='ocrx_word' id='word_1_156' title='bbox 1012 2596 1194 2660; x_wconf 76' lang='lat' dir='ltr'>Papiae</span> <span class='ocrx_word' id='word_1_157' title='bbox 1248 2597 1496 2661; x_wconf 73' lang='lat' dir='ltr'>Poppaeae</span> 
     </span>
     <span class='ocr_line' id='line_1_30' title="bbox 431 2669 1498 2738; baseline 0.002 -16"><span class='ocrx_word' id='word_1_158' title='bbox 431 2669 550 2724; x_wconf 79' lang='lat' dir='ltr'>duae</span> <span class='ocrx_word' id='word_1_159' title='bbox 574 2670 725 2722; x_wconf 88' lang='lat' dir='ltr'>fuere</span> <span class='ocrx_word' id='word_1_160' title='bbox 748 2678 927 2737; x_wconf 90' lang='lat' dir='ltr'>partes</span> <span class='ocrx_word' id='word_1_161' title='bbox 948 2690 964 2736; x_wconf 86' lang='lat'><strong>;</strong></span> <span class='ocrx_word' id='word_1_162' title='bbox 987 2688 1203 2738; x_wconf 87' lang='lat' dir='ltr'>quarum</span> <span class='ocrx_word' id='word_1_163' title='bbox 1226 2674 1366 2737; x_wconf 89' lang='lat' dir='ltr'>prior</span> <span class='ocrx_word' id='word_1_164' title='bbox 1387 2674 1498 2738; x_wconf 83' lang='lat' dir='ltr'>egit</span> 
     </span>
     <span class='ocr_line' id='line_1_31' title="bbox 395 2751 1498 2817; baseline 0.001 -15"><span class='ocrx_word' id='word_1_165' title='bbox 395 2799 401 2817; x_wconf 64' lang='lat'>,</span> <span class='ocrx_word' id='word_1_166' title='bbox 430 2751 499 2802; x_wconf 66' lang='lat' dir='ltr'>de</span> <span class='ocrx_word' id='word_1_167' title='bbox 523 2752 825 2803; x_wconf 77' lang='lat' dir='ltr'>maritandis</span> <span class='ocrx_word' id='word_1_168' title='bbox 854 2753 1143 2815; x_wconf 78' lang='lat' dir='ltr'>ordinibus,</span> <span class='ocrx_word' id='word_1_169' title='bbox 1178 2753 1244 2804; x_wconf 89' lang='lat' dir='ltr'>de</span> <span class='ocrx_word' id='word_1_170' title='bbox 1269 2753 1498 2817; x_wconf 84' lang='lat' dir='ltr'>praemiis</span> 
     </span>
     <span class='ocr_line' id='line_1_32' title="bbox 413 2828 1497 2894; baseline 0.002 -15"><span class='ocrx_word' id='word_1_171' title='bbox 413 2828 715 2893; x_wconf 66' lang='lat' dir='ltr'>⁴conjugum</span> <span class='ocrx_word' id='word_1_172' title='bbox 751 2836 807 2879; x_wconf 90' lang='lat' dir='ltr'>et</span> <span class='ocrx_word' id='word_1_173' title='bbox 834 2838 1126 2894; x_wconf 85' lang='lat' dir='ltr'>parentum,</span> <span class='ocrx_word' id='word_1_174' title='bbox 1159 2837 1218 2881; x_wconf 87' lang='lat' dir='ltr'>et</span> <span class='ocrx_word' id='word_1_175' title='bbox 1252 2829 1321 2880; x_wconf 88' lang='lat' dir='ltr'>de</span> <span class='ocrx_word' id='word_1_176' title='bbox 1356 2830 1497 2881; x_wconf 54' lang='lat' dir='ltr'>catli-</span> 
     </span>
     <span class='ocr_line' id='line_1_33' title="bbox 433 2903 1497 2971; baseline 0.001 -16"><span class='ocrx_word' id='word_1_177' title='bbox 433 2903 557 2956; x_wconf 88' lang='lat' dir='ltr'>bum</span> <span class='ocrx_word' id='word_1_178' title='bbox 571 2914 727 2971; x_wconf 74' lang='lat' dir='ltr'>atque</span> <span class='ocrx_word' id='word_1_179' title='bbox 745 2906 987 2957; x_wconf 86' lang='lat' dir='ltr'>orborum</span> <span class='ocrx_word' id='word_1_180' title='bbox 1009 2907 1197 2970; x_wconf 61' lang='grc' dir='ltr'><strong>ρωπίας</strong></span> <span class='ocrx_word' id='word_1_181' title='bbox 1222 2921 1358 2964; x_wconf 87' lang='lat' dir='ltr'>cum,</span> <span class='ocrx_word' id='word_1_182' title='bbox 1381 2922 1431 2957; x_wconf 85' lang='lat' dir='ltr'>e.</span> <span class='ocrx_word' id='word_1_183' title='bbox 1446 2922 1497 2971; x_wconf 81' lang='lat' dir='ltr'>g.</span> 
     </span>
    </p>
   </div>
   <div class='ocr_carea' id='block_1_7' title="bbox 394 2980 1550 3044">
    <p class='ocr_par' dir='ltr' id='par_1_7' title="bbox 394 2980 1550 3044">
     <span class='ocr_line' id='line_1_34' title="bbox 394 2980 1550 3044; baseline 0 -14"><span class='ocrx_word' id='word_1_184' title='bbox 394 2980 742 3044; x_wconf 26' lang='lat' dir='ltr'>funestatur,</span> <span class='ocrx_word' id='word_1_185' title='bbox 785 2997 851 3032; x_wconf 90' lang='lat' dir='ltr'>ne</span> <span class='ocrx_word' id='word_1_186' title='bbox 891 2982 1104 3033; x_wconf 68' lang='lat' dir='ltr'>caelibes</span> <span class='ocrx_word' id='word_1_187' title='bbox 1148 2982 1496 3035; x_wconf 77' lang='lat' dir='ltr'>hereditatem</span> <span class='ocrx_word' id='word_1_188' title='bbox 1543 3023 1550 3030; x_wconf 77' lang='grc'>,</span> 
     </span>
    </p>
   </div>
   <div class='ocr_carea' id='block_1_8' title="bbox 404 3059 1499 3430">
    <p class='ocr_par' dir='ltr' id='par_1_8' title="bbox 404 3059 1499 3430">
     <span class='ocr_line' id='line_1_35' title="bbox 431 3059 1497 3123; baseline 0 -14"><span class='ocrx_word' id='word_1_189' title='bbox 431 3067 703 3123; x_wconf 87' lang='lat' dir='ltr'>caperent,</span> <span class='ocrx_word' id='word_1_190' title='bbox 738 3073 837 3109; x_wconf 88' lang='lat' dir='ltr'>nec</span> <span class='ocrx_word' id='word_1_191' title='bbox 866 3059 1159 3123; x_wconf 72' lang='lat' dir='ltr'>legatorum</span> <span class='ocrx_word' id='word_1_192' title='bbox 1183 3067 1355 3110; x_wconf 86' lang='lat' dir='ltr'>essent</span> <span class='ocrx_word' id='word_1_193' title='bbox 1379 3073 1497 3123; x_wconf 86' lang='lat' dir='ltr'>par·</span> 
     </span>
     <span class='ocr_line' id='line_1_36' title="bbox 430 3134 1499 3198; baseline 0.002 -15"><span class='ocrx_word' id='word_1_194' title='bbox 430 3134 638 3198; x_wconf 88' lang='lat' dir='ltr'>ticipes,</span> <span class='ocrx_word' id='word_1_195' title='bbox 663 3143 752 3183; x_wconf 79' lang='lat' dir='ltr'>aut</span> <span class='ocrx_word' id='word_1_196' title='bbox 776 3141 922 3184; x_wconf 88' lang='lat' dir='ltr'>certe</span> <span class='ocrx_word' id='word_1_197' title='bbox 945 3149 1121 3184; x_wconf 86' lang='lat' dir='ltr'>eorum</span> <span class='ocrx_word' id='word_1_198' title='bbox 1148 3148 1271 3198; x_wconf 84' lang='lat' dir='ltr'>pars</span> <span class='ocrx_word' id='word_1_199' title='bbox 1295 3134 1499 3185; x_wconf 87' lang='lat' dir='ltr'>decima</span> 
     </span>
     <span class='ocr_line' id='line_1_37' title="bbox 404 3210 1499 3277; baseline 0.001 -16"><span class='ocrx_word' id='word_1_200' title='bbox 404 3268 410 3276; x_wconf 38' lang='lat'>¹</span> <span class='ocrx_word' id='word_1_201' title='bbox 431 3210 498 3261; x_wconf 79' lang='lat' dir='ltr'>ad</span> <span class='ocrx_word' id='word_1_202' title='bbox 554 3212 792 3264; x_wconf 70' lang='lat' dir='ltr'>aerarium</span> <span class='ocrx_word' id='word_1_203' title='bbox 855 3212 1148 3275; x_wconf 85' lang='lat' dir='ltr'>pertineret</span> <span class='ocrx_word' id='word_1_204' title='bbox 1172 3228 1185 3259; x_wconf 70' lang='grc' dir='ltr'><em>ε</em></span> <span class='ocrx_word' id='word_1_205' title='bbox 1242 3212 1499 3277; x_wconf 73' lang='lat' dir='ltr'>posterior</span> 
     </span>
     <span class='ocr_line' id='line_1_38' title="bbox 429 3287 1499 3358; baseline 0.004 -23"><span class='ocrx_word' id='word_1_206' title='bbox 429 3301 552 3351; x_wconf 86' lang='lat' dir='ltr'>pars</span> <span class='ocrx_word' id='word_1_207' title='bbox 575 3287 683 3351; x_wconf 72' lang='lat' dir='ltr'>egit</span> <span class='ocrx_word' id='word_1_208' title='bbox 703 3287 770 3337; x_wconf 87' lang='lat' dir='ltr'>de</span> <span class='ocrx_word' id='word_1_209' title='bbox 795 3287 944 3337; x_wconf 89' lang='lat' dir='ltr'>bonis</span> <span class='ocrx_word' id='word_1_210' title='bbox 962 3288 1193 3352; x_wconf 86' lang='lat' dir='ltr'>caducis,</span> <span class='ocrx_word' id='word_1_211' title='bbox 1217 3289 1499 3358; x_wconf 86' lang='lat' dir='ltr'>ereptitiis,</span> 
     </span>
     <span class='ocr_line' id='line_1_39' title="bbox 427 3364 1495 3430; baseline 0.004 -17"><span class='ocrx_word' id='word_1_212' title='bbox 427 3372 488 3414; x_wconf 83' lang='lat' dir='ltr'>et</span> <span class='ocrx_word' id='word_1_213' title='bbox 542 3364 846 3415; x_wconf 85' lang='lat' dir='ltr'>vacantibus</span> <span class='ocrx_word' id='word_1_214' title='bbox 869 3379 886 3424; x_wconf 70' lang='grc' dir='ltr'>ς</span> <span class='ocrx_word' id='word_1_215' title='bbox 943 3364 1080 3416; x_wconf 90' lang='lat' dir='ltr'>unde</span> <span class='ocrx_word' id='word_1_216' title='bbox 1136 3373 1194 3415; x_wconf 90' lang='lat' dir='ltr'>et</span> <span class='ocrx_word' id='word_1_217' title='bbox 1247 3366 1495 3430; x_wconf 86' lang='lat' dir='ltr'>Ulpiano,</span> 
     </span>
    </p>
   </div>
   <div class='ocr_carea' id='block_1_9' title="bbox 397 3441 1562 3508">
    <p class='ocr_par' dir='ltr' id='par_1_9' title="bbox 397 3441 1562 3508">
     <span class='ocr_line' id='line_1_40' title="bbox 397 3441 1562 3508; baseline 0.009 -22"><span class='ocrx_word' id='word_1_218' title='bbox 397 3441 642 3506; x_wconf 78' lang='lat' dir='ltr'>.Fragm.</span> <span class='ocrx_word' id='word_1_219' title='bbox 672 3441 782 3492; x_wconf 81' lang='lat' dir='ltr'>Tit.</span> <span class='ocrx_word' id='word_1_220' title='bbox 826 3453 1037 3491; x_wconf 83' lang='lat' dir='ltr'>xxvm.</span> <span class='ocrx_word' id='word_1_221' title='bbox 1079 3444 1107 3507; x_wconf 81' lang='lat'>§</span> <span class='ocrx_word' id='word_1_222' title='bbox 1142 3445 1192 3492; x_wconf 99' lang='grc'><strong>7.</strong></span> <span class='ocrx_word' id='word_1_223' title='bbox 1233 3443 1379 3508; x_wconf 81' lang='lat' dir='ltr'>dicta</span> <span class='ocrx_word' id='word_1_224' title='bbox 1410 3450 1498 3494; x_wconf 85' lang='lat' dir='ltr'>est</span> <span class='ocrx_word' id='word_1_225' title='bbox 1540 3495 1562 3504; x_wconf 67' lang='grc'>,,</span> 
     </span>
    </p>
   </div>
   <div class='ocr_carea' id='block_1_10' title="bbox 422 3509 1497 3890">
    <p class='ocr_par' dir='ltr' id='par_1_10' title="bbox 422 3509 1497 3890">
     <span class='ocr_line' id='line_1_41' title="bbox 430 3509 1497 3587; baseline 0.001 -19"><span class='ocrx_word' id='word_1_226' title='bbox 430 3520 518 3569; x_wconf 83' lang='lat' dir='ltr'>lex</span> <span class='ocrx_word' id='word_1_227' title='bbox 540 3509 684 3570; x_wconf 84' lang='lat' dir='ltr'>Julia</span> <span class='ocrx_word' id='word_1_228' title='bbox 706 3517 979 3568; x_wconf 83' lang='lat' dir='ltr'>caducaria</span> <span class='ocrx_word' id='word_1_229' title='bbox 1002 3534 1021 3587; x_wconf 25' lang='grc' dir='ltr'>ς,</span> <span class='ocrx_word' id='word_1_230' title='bbox 1050 3532 1189 3582; x_wconf 88' lang='lat' dir='ltr'>cum,</span> <span class='ocrx_word' id='word_1_231' title='bbox 1225 3533 1273 3569; x_wconf 88' lang='lat' dir='ltr'>e.</span> <span class='ocrx_word' id='word_1_232' title='bbox 1298 3534 1351 3583; x_wconf 76' lang='lat' dir='ltr'>g.</span> <span class='ocrx_word' id='word_1_233' title='bbox 1380 3534 1497 3569; x_wconf 87' lang='lat' dir='ltr'>san·</span> 
     </span>
     <span class='ocr_line' id='line_1_42' title="bbox 422 3596 1496 3663; baseline 0.001 -18"><span class='ocrx_word' id='word_1_234' title='bbox 422 3596 592 3663; x_wconf 82' lang='lat' dir='ltr'>citum</span> <span class='ocrx_word' id='word_1_235' title='bbox 627 3603 785 3651; x_wconf 78' lang='lat' dir='ltr'>esset.</span> <span class='ocrx_word' id='word_1_236' title='bbox 816 3604 892 3657; x_wconf 91' lang='lat' dir='ltr'>ut,</span> <span class='ocrx_word' id='word_1_237' title='bbox 926 3596 969 3645; x_wconf 85' lang='lat' dir='ltr'>si</span> <span class='ocrx_word' id='word_1_238' title='bbox 1004 3596 1297 3660; x_wconf 85' lang='lat' dir='ltr'>quicunque</span> <span class='ocrx_word' id='word_1_239' title='bbox 1337 3596 1496 3646; x_wconf 87' lang='lat' dir='ltr'>homi·</span> 
     </span>
     <span class='ocr_line' id='line_1_43' title="bbox 429 3672 1496 3737; baseline 0 -14"><span class='ocrx_word' id='word_1_240' title='bbox 429 3686 551 3723; x_wconf 87' lang='lat' dir='ltr'>num</span> <span class='ocrx_word' id='word_1_241' title='bbox 585 3673 755 3730; x_wconf 76' lang='lat' dir='ltr'>lieres,</span> <span class='ocrx_word' id='word_1_242' title='bbox 789 3672 1159 3737; x_wconf 85' lang='lat' dir='ltr'>legatariusve,</span> <span class='ocrx_word' id='word_1_243' title='bbox 1193 3674 1307 3722; x_wconf 82' lang='lat' dir='ltr'>vivo</span> <span class='ocrx_word' id='word_1_244' title='bbox 1335 3680 1496 3723; x_wconf 84' lang='lat' dir='ltr'>testa-</span> 
     </span>
     <span class='ocr_line' id='line_1_44' title="bbox 427 3748 1495 3812; baseline 0.001 -14"><span class='ocrx_word' id='word_1_245' title='bbox 427 3755 564 3811; x_wconf 86' lang='lat' dir='ltr'>tore,</span> <span class='ocrx_word' id='word_1_246' title='bbox 590 3756 705 3812; x_wconf 82' lang='lat' dir='ltr'>post</span> <span class='ocrx_word' id='word_1_247' title='bbox 728 3754 1101 3798; x_wconf 82' lang='lat' dir='ltr'>testamentum</span> <span class='ocrx_word' id='word_1_248' title='bbox 1121 3749 1386 3798; x_wconf 88' lang='lat' dir='ltr'>conditum</span> <span class='ocrx_word' id='word_1_249' title='bbox 1402 3748 1495 3799; x_wconf 89' lang='lat' dir='ltr'>de·</span> 
     </span>
     <span class='ocr_line' id='line_1_45' title="bbox 424 3825 1495 3890; baseline 0 -14"><span class='ocrx_word' id='word_1_250' title='bbox 424 3825 667 3890; x_wconf 84' lang='lat' dir='ltr'>cederet,</span> <span class='ocrx_word' id='word_1_251' title='bbox 709 3826 947 3875; x_wconf 86' lang='lat' dir='ltr'>relictum</span> <span class='ocrx_word' id='word_1_252' title='bbox 986 3825 1038 3874; x_wconf 89' lang='lat' dir='ltr'>in</span> <span class='ocrx_word' id='word_1_253' title='bbox 1083 3839 1264 3875; x_wconf 79' lang='lat' dir='ltr'>caussa</span> <span class='ocrx_word' id='word_1_254' title='bbox 1309 3825 1495 3876; x_wconf 83' lang='lat' dir='ltr'>caduci</span> 
     </span>
    </p>
   </div>
   <div class='ocr_carea' id='block_1_11' title="bbox 344 3899 1495 3965">
    <p class='ocr_par' dir='ltr' id='par_1_11' title="bbox 344 3899 1495 3965">
     <span class='ocr_line' id='line_1_46' title="bbox 344 3899 1495 3965; baseline -0.001 -14"><span class='ocrx_word' id='word_1_255' title='bbox 344 3899 355 3904; x_wconf 69' lang='grc'><em>”</em></span> <span class='ocrx_word' id='word_1_256' title='bbox 422 3911 585 3964; x_wconf 68' lang='lat' dir='ltr'>esset,</span> <span class='ocrx_word' id='word_1_257' title='bbox 630 3909 686 3951; x_wconf 90' lang='lat' dir='ltr'>et</span> <span class='ocrx_word' id='word_1_258' title='bbox 723 3900 869 3964; x_wconf 81' lang='lat' dir='ltr'>fisco,</span> <span class='ocrx_word' id='word_1_259' title='bbox 913 3901 994 3951; x_wconf 84' lang='lat' dir='ltr'>vel</span> <span class='ocrx_word' id='word_1_260' title='bbox 1038 3901 1280 3965; x_wconf 81' lang='lat' dir='ltr'>principi,</span> <span class='ocrx_word' id='word_1_261' title='bbox 1326 3900 1495 3951; x_wconf 80' lang='lat' dir='ltr'>defer-</span> 
     </span>
    </p>
   </div>
   <div class='ocr_carea' id='block_1_12' title="bbox 392 3978 1495 4350">
    <p class='ocr_par' dir='ltr' id='par_1_12' title="bbox 392 3978 1495 4350">
     <span class='ocr_line' id='line_1_47' title="bbox 426 3978 1495 4042; baseline 0.001 -15"><span class='ocrx_word' id='word_1_262' title='bbox 426 3984 615 4039; x_wconf 78' lang='lat' dir='ltr'>retur3</span> <span class='ocrx_word' id='word_1_263' title='bbox 670 3979 845 4034; x_wconf 88' lang='lat' dir='ltr'>item,.</span> <span class='ocrx_word' id='word_1_264' title='bbox 874 3979 916 4025; x_wconf 88' lang='lat' dir='ltr'>si</span> <span class='ocrx_word' id='word_1_265' title='bbox 964 3978 1153 4042; x_wconf 82' lang='lat' dir='ltr'>caelibi,</span> <span class='ocrx_word' id='word_1_266' title='bbox 1210 3979 1294 4028; x_wconf 90' lang='lat' dir='ltr'>vel</span> <span class='ocrx_word' id='word_1_267' title='bbox 1341 3978 1495 4028; x_wconf 86' lang='lat' dir='ltr'>alteri</span> 
     </span>
     <span class='ocr_line' id='line_1_48' title="bbox 420 4053 1493 4119; baseline 0.001 -15"><span class='ocrx_word' id='word_1_268' title='bbox 420 4053 595 4104; x_wconf 67' lang='lat' dir='ltr'>cuivis</span> <span class='ocrx_word' id='word_1_269' title='bbox 617 4053 869 4116; x_wconf 83' lang='lat' dir='ltr'>incapaci,</span> <span class='ocrx_word' id='word_1_270' title='bbox 904 4054 1040 4116; x_wconf 77' lang='lat' dir='ltr'>plne,</span> <span class='ocrx_word' id='word_1_271' title='bbox 1066 4069 1220 4119; x_wconf 86' lang='lat' dir='ltr'>quam</span> <span class='ocrx_word' id='word_1_272' title='bbox 1244 4070 1311 4105; x_wconf 82' lang='lat' dir='ltr'>ex</span> <span class='ocrx_word' id='word_1_273' title='bbox 1336 4055 1408 4105; x_wconf 85' lang='lat' dir='ltr'>H.</span> <span class='ocrx_word' id='word_1_274' title='bbox 1431 4057 1493 4106; x_wconf 88' lang='lat' dir='ltr'>L.</span> 
     </span>
     <span class='ocr_line' id='line_1_49' title="bbox 430 4123 1494 4197; baseline 0.002 -17"><span class='ocrx_word' id='word_1_275' title='bbox 430 4131 636 4187; x_wconf 90' lang='lat' dir='ltr'>liceret,</span> <span class='ocrx_word' id='word_1_276' title='bbox 680 4130 914 4179; x_wconf 86' lang='lat' dir='ltr'>relictum</span> <span class='ocrx_word' id='word_1_277' title='bbox 951 4139 1111 4194; x_wconf 85' lang='lat' dir='ltr'>esset,</span> <span class='ocrx_word' id='word_1_278' title='bbox 1148 4132 1200 4180; x_wconf 88' lang='lat' dir='ltr'>id</span> <span class='ocrx_word' id='word_1_279' title='bbox 1244 4123 1494 4197; x_wconf 82' lang='lat' dir='ltr'>tanquam</span> 
     </span>
     <span class='ocr_line' id='line_1_50' title="bbox 392 4205 1492 4274; baseline 0.004 -19"><span class='ocrx_word' id='word_1_280' title='bbox 392 4269 397 4274; x_wconf 34' lang='grc' dir='ltr'>Ι</span> <span class='ocrx_word' id='word_1_281' title='bbox 427 4206 679 4256; x_wconf 83' lang='lat' dir='ltr'>caducum</span> <span class='ocrx_word' id='word_1_282' title='bbox 713 4205 840 4254; x_wconf 80' lang='lat' dir='ltr'>fisco</span> <span class='ocrx_word' id='word_1_283' title='bbox 878 4205 1262 4270; x_wconf 74' lang='lat' dir='ltr'>vindicaretur3</span> <span class='ocrx_word' id='word_1_284' title='bbox 1297 4217 1355 4258; x_wconf 89' lang='lat' dir='ltr'>et</span> <span class='ocrx_word' id='word_1_285' title='bbox 1376 4223 1492 4274; x_wconf 73' lang='lat' dir='ltr'>qnae</span> 
     </span>
     <span class='ocr_line' id='line_1_51' title="bbox 424 4276 1493 4350; baseline 0.005 -17"><span class='ocrx_word' id='word_1_286' title='bbox 424 4284 603 4350; x_wconf 82' lang='lat' dir='ltr'>plures</span> <span class='ocrx_word' id='word_1_287' title='bbox 620 4282 770 4347; x_wconf 83' lang='lat' dir='ltr'>hujus</span> <span class='ocrx_word' id='word_1_288' title='bbox 792 4281 998 4347; x_wconf 77' lang='lat' dir='ltr'>generis</span> <span class='ocrx_word' id='word_1_289' title='bbox 1011 4280 1161 4335; x_wconf 81' lang='lat' dir='ltr'>fuere</span> <span class='ocrx_word' id='word_1_290' title='bbox 1178 4276 1493 4338; x_wconf 75' lang='lat' dir='ltr'>sanctiones·</span> 
     </span>
    </p>
   </div>
   <div class='ocr_carea' id='block_1_13' title="bbox 1137 370 1947 423">
    <p class='ocr_par' dir='ltr' id='par_1_13' title="bbox 1137 370 1947 423">
     <span class='ocr_line' id='line_1_52' title="bbox 1137 370 1947 423; baseline 0 0"><span class='ocrx_word' id='word_1_291' title='bbox 1137 372 1357 423; x_wconf 74' lang='lat' dir='ltr'>NOTAE</span> <span class='ocrx_word' id='word_1_292' title='bbox 1405 371 1506 422; x_wconf 79' lang='lat' dir='ltr'>vA</span> <span class='ocrx_word' id='word_1_293' title='bbox 1518 370 1816 423; x_wconf 69' lang='lat' dir='ltr'>monum</span> <span class='ocrx_word' id='word_1_294' title='bbox 1861 372 1947 423; x_wconf 19' lang='lat' dir='ltr'>*m</span> 
     </span>
    </p>
   </div>
   <div class='ocr_carea' id='block_1_14' title="bbox 1568 516 2652 2043">
    <p class='ocr_par' dir='ltr' id='par_1_14' title="bbox 1581 516 2652 876">
     <span class='ocr_line' id='line_1_53' title="bbox 1582 516 2651 582; baseline 0 -15"><span class='ocrx_word' id='word_1_295' title='bbox 1582 516 1743 568; x_wconf 88' lang='lat' dir='ltr'>Prior</span> <span class='ocrx_word' id='word_1_296' title='bbox 1764 517 1895 568; x_wconf 78' lang='lat' dir='ltr'>adeo</span> <span class='ocrx_word' id='word_1_297' title='bbox 1919 531 2040 582; x_wconf 81' lang='lat' dir='ltr'>pars</span> <span class='ocrx_word' id='word_1_298' title='bbox 2075 516 2227 582; x_wconf 83' lang='lat' dir='ltr'>hujus</span> <span class='ocrx_word' id='word_1_299' title='bbox 2261 516 2392 582; x_wconf 76' lang='lat' dir='ltr'>legis</span> <span class='ocrx_word' id='word_1_300' title='bbox 2417 516 2651 582; x_wconf 88' lang='lat' dir='ltr'>pertine·</span> 
     </span>
     <span class='ocr_line' id='line_1_54' title="bbox 1583 594 2652 659; baseline 0 -16"><span class='ocrx_word' id='word_1_301' title='bbox 1583 594 1674 644; x_wconf 89' lang='lat' dir='ltr'>bat</span> <span class='ocrx_word' id='word_1_302' title='bbox 1698 595 1762 645; x_wconf 88' lang='lat' dir='ltr'>ad</span> <span class='ocrx_word' id='word_1_303' title='bbox 1788 594 2205 659; x_wconf 82' lang='lat' dir='ltr'>amplificandum</span> <span class='ocrx_word' id='word_1_304' title='bbox 2246 595 2434 646; x_wconf 83' lang='lat' dir='ltr'>civium</span> <span class='ocrx_word' id='word_1_305' title='bbox 2469 610 2652 644; x_wconf 86' lang='lat' dir='ltr'>nume-</span> 
     </span>
     <span class='ocr_line' id='line_1_55' title="bbox 1583 671 2651 736; baseline 0 -17"><span class='ocrx_word' id='word_1_306' title='bbox 1583 685 1733 733; x_wconf 77' lang='lat' dir='ltr'>rum3</span> <span class='ocrx_word' id='word_1_307' title='bbox 1787 672 2046 736; x_wconf 71' lang='lat' dir='ltr'>posterior</span> <span class='ocrx_word' id='word_1_308' title='bbox 2100 671 2164 721; x_wconf 87' lang='lat' dir='ltr'>ad</span> <span class='ocrx_word' id='word_1_309' title='bbox 2221 673 2363 721; x_wconf 88' lang='lat' dir='ltr'>lucra</span> <span class='ocrx_word' id='word_1_310' title='bbox 2404 671 2651 736; x_wconf 78' lang='lat' dir='ltr'>quaedam</span> 
     </span>
     <span class='ocr_line' id='line_1_56' title="bbox 1581 747 2652 820; baseline 0 -24"><span class='ocrx_word' id='word_1_311' title='bbox 1581 747 1801 812; x_wconf 75' lang='lat' dir='ltr'>privatis</span> <span class='ocrx_word' id='word_1_312' title='bbox 1838 748 2207 813; x_wconf 82' lang='lat' dir='ltr'>praeripienda,</span> <span class='ocrx_word' id='word_1_313' title='bbox 2250 748 2652 820; x_wconf 70' lang='lat' dir='ltr'>augendumque</span> 
     </span>
     <span class='ocr_line' id='line_1_57' title="bbox 1581 824 2649 876; baseline 0.001 -4"><span class='ocrx_word' id='word_1_314' title='bbox 1581 824 1841 875; x_wconf 66' lang='lat' dir='ltr'>erarium.</span> <span class='ocrx_word' id='word_1_315' title='bbox 1920 825 2074 876; x_wconf 86' lang='lat' dir='ltr'>Unde</span> <span class='ocrx_word' id='word_1_316' title='bbox 2115 826 2284 875; x_wconf 82' lang='lat' dir='ltr'>Tacit.</span> <span class='ocrx_word' id='word_1_317' title='bbox 2320 826 2509 875; x_wconf 87' lang='lat' dir='ltr'>Annal.</span> <span class='ocrx_word' id='word_1_318' title='bbox 2555 837 2649 873; x_wconf 83' lang='lat'>111.</span> 
     </span>
    </p>

    <p class='ocr_par' dir='ltr' id='par_1_15' title="bbox 1576 902 2651 1493">
     <span class='ocr_line' id='line_1_58' title="bbox 1578 902 2651 967; baseline -0.001 -14.967"><span class='ocrx_word' id='word_1_319' title='bbox 1578 905 1662 952; x_wconf 87' lang='grc'><strong>27.</strong></span> <span class='ocrx_word' id='word_1_320' title='bbox 1692 904 1709 932; x_wconf 79' lang='lat'>⁸</span> <span class='ocrx_word' id='word_1_321' title='bbox 1732 903 1954 967; x_wconf 82' lang='lat' dir='ltr'>Papiam</span> <span class='ocrx_word' id='word_1_322' title='bbox 1979 902 2306 967; x_wconf 75' lang='lat' dir='ltr'>Poppaeam.&#39;</span> <span class='ocrx_word' id='word_1_323' title='bbox 2327 902 2513 967; x_wconf 87' lang='lat' dir='ltr'>inquit,</span> <span class='ocrx_word' id='word_1_324' title='bbox 2532 902 2651 966; x_wconf 77' lang='lat' dir='ltr'>‘se-</span> 
     </span>
     <span class='ocr_line' id='line_1_59' title="bbox 1577 977 2649 1046; baseline 0 -18"><span class='ocrx_word' id='word_1_325' title='bbox 1577 979 1694 1029; x_wconf 87' lang='lat' dir='ltr'>nior</span> <span class='ocrx_word' id='word_1_326' title='bbox 1742 978 2031 1043; x_wconf 76' lang='lat' dir='ltr'>Augustus,</span> <span class='ocrx_word' id='word_1_327' title='bbox 2080 985 2199 1044; x_wconf 86' lang='lat' dir='ltr'>post</span> <span class='ocrx_word' id='word_1_328' title='bbox 2238 980 2409 1046; x_wconf 85' lang='lat' dir='ltr'>Julias</span> <span class='ocrx_word' id='word_1_329' title='bbox 2454 977 2649 1046; x_wconf 75' lang='lat' dir='ltr'>rogati·</span> 
     </span>
     <span class='ocr_line' id='line_1_60' title="bbox 1577 1053 2649 1121; baseline 0.001 -17"><span class='ocrx_word' id='word_1_330' title='bbox 1577 1069 1722 1113; x_wconf 86' lang='lat' dir='ltr'>ones,</span> <span class='ocrx_word' id='word_1_331' title='bbox 1759 1056 2038 1107; x_wconf 79' lang='lat' dir='ltr'>incitandis</span> <span class='ocrx_word' id='word_1_332' title='bbox 2072 1053 2308 1107; x_wconf 79' lang='lat' dir='ltr'>caelibum</span> <span class='ocrx_word' id='word_1_333' title='bbox 2337 1056 2519 1121; x_wconf 83' lang='lat' dir='ltr'>poenis,</span> <span class='ocrx_word' id='word_1_334' title='bbox 2555 1069 2649 1105; x_wconf 84' lang='lat' dir='ltr'>an-</span> 
     </span>
     <span class='ocr_line' id='line_1_61' title="bbox 1577 1132 2648 1196; baseline -0.001 -14"><span class='ocrx_word' id='word_1_335' title='bbox 1577 1133 1747 1196; x_wconf 73' lang='lat' dir='ltr'>gendo</span> <span class='ocrx_word' id='word_1_336' title='bbox 1792 1134 1995 1190; x_wconf 66' lang='lat' dir='ltr'>serario,</span> <span class='ocrx_word' id='word_1_337' title='bbox 2040 1132 2322 1183; x_wconf 61' lang='lat' dir='ltr'>sanxerat)</span> <span class='ocrx_word' id='word_1_338' title='bbox 2408 1132 2489 1182; x_wconf 90' lang='lat' dir='ltr'>De</span> <span class='ocrx_word' id='word_1_339' title='bbox 2544 1133 2648 1182; x_wconf 81' lang='lat' dir='ltr'>hac</span> 
     </span>
     <span class='ocr_line' id='line_1_62' title="bbox 1576 1210 2649 1276; baseline -0.004 -15"><span class='ocrx_word' id='word_1_340' title='bbox 1576 1211 1694 1276; x_wconf 83' lang='lat' dir='ltr'>lege</span> <span class='ocrx_word' id='word_1_341' title='bbox 1723 1211 1759 1262; x_wconf 87' lang='lat' dir='ltr'>J</span> <span class='ocrx_word' id='word_1_342' title='bbox 1766 1213 1874 1262; x_wconf 87' lang='lat' dir='ltr'>ulia</span> <span class='ocrx_word' id='word_1_343' title='bbox 1895 1219 1952 1262; x_wconf 92' lang='lat' dir='ltr'>et</span> <span class='ocrx_word' id='word_1_344' title='bbox 1976 1211 2147 1274; x_wconf 87' lang='lat' dir='ltr'>Papia</span> <span class='ocrx_word' id='word_1_345' title='bbox 2170 1211 2407 1275; x_wconf 77' lang='lat' dir='ltr'>Poppaea</span> <span class='ocrx_word' id='word_1_346' title='bbox 2428 1210 2649 1273; x_wconf 74' lang='lat' dir='ltr'>diligen-</span> 
     </span>
     <span class='ocr_line' id='line_1_63' title="bbox 1577 1287 2650 1344; baseline -0.002 -6"><span class='ocrx_word' id='word_1_347' title='bbox 1577 1289 1775 1339; x_wconf 85' lang='lat' dir='ltr'>tissime</span> <span class='ocrx_word' id='word_1_348' title='bbox 1795 1297 2175 1339; x_wconf 86' lang='lat' dir='ltr'>commentatus</span> <span class='ocrx_word' id='word_1_349' title='bbox 2199 1296 2280 1339; x_wconf 82' lang='lat' dir='ltr'>est</span> <span class='ocrx_word' id='word_1_350' title='bbox 2307 1287 2650 1344; x_wconf 86' lang='lat' dir='ltr'>Heineccius,</span> 
     </span>
     <span class='ocr_line' id='line_1_64' title="bbox 1576 1364 2648 1431; baseline 0 -16"><span class='ocrx_word' id='word_1_351' title='bbox 1576 1365 1656 1415; x_wconf 82' lang='lat' dir='ltr'>vir</span> <span class='ocrx_word' id='word_1_352' title='bbox 1676 1364 1745 1416; x_wconf 88' lang='lat' dir='ltr'>de</span> <span class='ocrx_word' id='word_1_353' title='bbox 1769 1365 2074 1416; x_wconf 75' lang='lat' dir='ltr'>humaniore</span> <span class='ocrx_word' id='word_1_354' title='bbox 2095 1364 2515 1431; x_wconf 74' lang='lat' dir='ltr'>jurisprudentia</span> <span class='ocrx_word' id='word_1_355' title='bbox 2536 1378 2648 1415; x_wconf 74' lang='lat' dir='ltr'>me·</span> 
     </span>
     <span class='ocr_line' id='line_1_65' title="bbox 1576 1442 2146 1493; baseline -0.002 0"><span class='ocrx_word' id='word_1_356' title='bbox 1576 1442 1872 1493; x_wconf 76' lang='lat' dir='ltr'>ritissimus.</span> <span class='ocrx_word' id='word_1_357' title='bbox 1903 1442 2146 1493; x_wconf 68' lang='lat' dir='ltr'>Schmun.</span> 
     </span>
    </p>

    <p class='ocr_par' dir='ltr' id='par_1_16' title="bbox 1568 1515 2651 2043">
     <span class='ocr_line' id='line_1_66' title="bbox 1639 1515 2650 1584; baseline -0.001 -17"><span class='ocrx_word' id='word_1_358' title='bbox 1639 1519 1798 1569; x_wconf 68' lang='lat' dir='ltr'>Julioe</span> <span class='ocrx_word' id='word_1_359' title='bbox 1834 1520 1985 1584; x_wconf 75' lang='lat' dir='ltr'>teges]</span> <span class='ocrx_word' id='word_1_360' title='bbox 2032 1520 2215 1569; x_wconf 77' lang='lat' dir='ltr'>Multae</span> <span class='ocrx_word' id='word_1_361' title='bbox 2259 1525 2380 1568; x_wconf 85' lang='lat' dir='ltr'>sunt</span> <span class='ocrx_word' id='word_1_362' title='bbox 2425 1516 2490 1568; x_wconf 84' lang='lat' dir='ltr'>ab</span> <span class='ocrx_word' id='word_1_363' title='bbox 2536 1515 2650 1566; x_wconf 82' lang='lat' dir='ltr'>Au-</span> 
     </span>
     <span class='ocr_line' id='line_1_67' title="bbox 1578 1593 2647 1657; baseline 0.001 -15"><span class='ocrx_word' id='word_1_364' title='bbox 1578 1601 1747 1657; x_wconf 81' lang='lat' dir='ltr'>gusto,</span> <span class='ocrx_word' id='word_1_365' title='bbox 1773 1595 1871 1646; x_wconf 87' lang='lat' dir='ltr'>boc</span> <span class='ocrx_word' id='word_1_366' title='bbox 1895 1596 2102 1645; x_wconf 85' lang='lat' dir='ltr'>nomine</span> <span class='ocrx_word' id='word_1_367' title='bbox 2124 1611 2139 1657; x_wconf 89' lang='lat'>;</span> <span class='ocrx_word' id='word_1_368' title='bbox 2175 1595 2267 1645; x_wconf 86' lang='lat' dir='ltr'>sed</span> <span class='ocrx_word' id='word_1_369' title='bbox 2291 1609 2434 1645; x_wconf 83' lang='lat' dir='ltr'>nune</span> <span class='ocrx_word' id='word_1_370' title='bbox 2450 1593 2647 1645; x_wconf 83' lang='lat' dir='ltr'>Juliam</span> 
     </span>
     <span class='ocr_line' id='line_1_68' title="bbox 1576 1670 2648 1737; baseline 0 -18"><span class='ocrx_word' id='word_1_371' title='bbox 1576 1670 1971 1721; x_wconf 61' lang='lat' dir='ltr'>enuntiandis</span> <span class='ocrx_word' id='word_1_372' title='bbox 1988 1672 2300 1734; x_wconf 81' lang='lat' dir='ltr'>Ordinibus,</span> <span class='ocrx_word' id='word_1_373' title='bbox 2325 1686 2441 1737; x_wconf 73' lang='lat' dir='ltr'>quae</span> <span class='ocrx_word' id='word_1_374' title='bbox 2458 1670 2648 1733; x_wconf 64' lang='lat' dir='ltr'>Papia</span> 
     </span>
     <span class='ocr_line' id='line_1_69' title="bbox 1568 1746 2648 1812; baseline 0 -15"><span class='ocrx_word' id='word_1_375' title='bbox 1568 1746 1725 1811; x_wconf 76' lang='lat' dir='ltr'>jungi</span> <span class='ocrx_word' id='word_1_376' title='bbox 1758 1756 1849 1797; x_wconf 85' lang='lat' dir='ltr'>aut</span> <span class='ocrx_word' id='word_1_377' title='bbox 1884 1763 2001 1799; x_wconf 91' lang='lat' dir='ltr'>cum</span> <span class='ocrx_word' id='word_1_378' title='bbox 2036 1764 2100 1799; x_wconf 87' lang='lat' dir='ltr'>ea</span> <span class='ocrx_word' id='word_1_379' title='bbox 2131 1749 2341 1800; x_wconf 83' lang='lat' dir='ltr'>misceri</span> <span class='ocrx_word' id='word_1_380' title='bbox 2376 1749 2529 1810; x_wconf 82' lang='lat' dir='ltr'>solet,</span> <span class='ocrx_word' id='word_1_381' title='bbox 2562 1748 2648 1812; x_wconf 88' lang='lat' dir='ltr'>ip-</span> 
     </span>
     <span class='ocr_line' id='line_1_70' title="bbox 1575 1824 2651 1889; baseline 0.001 -17"><span class='ocrx_word' id='word_1_382' title='bbox 1575 1838 1761 1889; x_wconf 85' lang='lat' dir='ltr'>sasque</span> <span class='ocrx_word' id='word_1_383' title='bbox 1798 1824 1994 1889; x_wconf 85' lang='lat' dir='ltr'>Papias</span> <span class='ocrx_word' id='word_1_384' title='bbox 2029 1825 2273 1888; x_wconf 76' lang='lat' dir='ltr'>intelligi,</span> <span class='ocrx_word' id='word_1_385' title='bbox 2310 1826 2506 1874; x_wconf 85' lang='lat' dir='ltr'>clarum</span> <span class='ocrx_word' id='word_1_386' title='bbox 2546 1829 2651 1874; x_wconf 84' lang='lat' dir='ltr'>est.</span> 
     </span>
     <span class='ocr_line' id='line_1_71' title="bbox 1578 1899 2648 1965; baseline 0.001 -16"><span class='ocrx_word' id='word_1_387' title='bbox 1578 1900 1716 1950; x_wconf 83' lang='lat' dir='ltr'>Nam</span> <span class='ocrx_word' id='word_1_388' title='bbox 1759 1901 1852 1951; x_wconf 87' lang='lat' dir='ltr'>bas</span> <span class='ocrx_word' id='word_1_389' title='bbox 1893 1899 2184 1965; x_wconf 80' lang='lat' dir='ltr'>Augustus,</span> <span class='ocrx_word' id='word_1_390' title='bbox 2224 1907 2284 1951; x_wconf 91' lang='lat' dir='ltr'>ut</span> <span class='ocrx_word' id='word_1_391' title='bbox 2318 1901 2530 1963; x_wconf 80' lang='lat' dir='ltr'>Tacitus</span> <span class='ocrx_word' id='word_1_392' title='bbox 2568 1900 2648 1950; x_wconf 86' lang='lat' dir='ltr'>lo-</span> 
     </span>
     <span class='ocr_line' id='line_1_72' title="bbox 1575 1974 2650 2043; baseline 0 -17"><span class='ocrx_word' id='word_1_393' title='bbox 1575 1978 1771 2043; x_wconf 85' lang='lat' dir='ltr'>quitur,</span> <span class='ocrx_word' id='word_1_394' title='bbox 1818 1977 2043 2029; x_wconf 15' lang='lat' dir='ltr'>‘Aaerario</span> <span class='ocrx_word' id='word_1_395' title='bbox 2083 1976 2321 2041; x_wconf 77' lang='lat' dir='ltr'>augendo</span> <span class='ocrx_word' id='word_1_396' title='bbox 2360 1974 2650 2041; x_wconf 78' lang='lat' dir='ltr'>sanxerat,’</span> 
     </span>
    </p>
   </div>
   <div class='ocr_carea' id='block_1_15' title="bbox 1537 2052 2588 2117">
    <p class='ocr_par' dir='ltr' id='par_1_17' title="bbox 1537 2052 2588 2117">
     <span class='ocr_line' id='line_1_73' title="bbox 1537 2052 2588 2117; baseline -0.002 -13"><span class='ocrx_word' id='word_1_397' title='bbox 1537 2106 1542 2111; x_wconf 67' lang='grc'>,</span> <span class='ocrx_word' id='word_1_398' title='bbox 1574 2053 1641 2104; x_wconf 91' lang='lat' dir='ltr'>ob</span> <span class='ocrx_word' id='word_1_399' title='bbox 1665 2052 1975 2117; x_wconf 85' lang='lat' dir='ltr'>multiplices</span> <span class='ocrx_word' id='word_1_400' title='bbox 1997 2053 2069 2102; x_wconf 88' lang='lat' dir='ltr'>ibi</span> <span class='ocrx_word' id='word_1_401' title='bbox 2102 2053 2341 2103; x_wconf 88' lang='lat' dir='ltr'>mulctas.</span> <span class='ocrx_word' id='word_1_402' title='bbox 2371 2052 2506 2115; x_wconf 66' lang='lat' dir='ltr'>Lim.</span> <span class='ocrx_word' id='word_1_403' title='bbox 2583 2097 2588 2102; x_wconf 86' lang='lat'><strong>.</strong></span> 
     </span>
    </p>
   </div>
   <div class='ocr_carea' id='block_1_16' title="bbox 1572 2128 2645 2433">
    <p class='ocr_par' dir='ltr' id='par_1_18' title="bbox 1572 2128 2645 2349">
     <span class='ocr_line' id='line_1_74' title="bbox 1639 2128 2644 2192; baseline -0.004 -12"><span class='ocrx_word' id='word_1_404' title='bbox 1639 2129 1917 2192; x_wconf 55' lang='lat' dir='ltr'>Maiestatis</span> <span class='ocrx_word' id='word_1_405' title='bbox 1952 2129 2198 2191; x_wconf 66' lang='grc' dir='ltr'>οἰηςιιῑονι</span> <span class='ocrx_word' id='word_1_406' title='bbox 2232 2134 2282 2179; x_wconf 79' lang='lat' dir='ltr'>et</span> <span class='ocrx_word' id='word_1_407' title='bbox 2314 2130 2518 2178; x_wconf 73' lang='lat' dir='ltr'>unicum.</span> <span class='ocrx_word' id='word_1_408' title='bbox 2538 2128 2644 2177; x_wconf 75' lang='lat' dir='ltr'>crs·-</span> 
     </span>
     <span class='ocr_line' id='line_1_75' title="bbox 1572 2204 2645 2275; baseline 0 -21"><span class='ocrx_word' id='word_1_409' title='bbox 1572 2204 1706 2270; x_wconf 76' lang='lat' dir='ltr'>men]</span> <span class='ocrx_word' id='word_1_410' title='bbox 1739 2207 1954 2257; x_wconf 90' lang='lat' dir='ltr'>Sueton.</span> <span class='ocrx_word' id='word_1_411' title='bbox 1992 2206 2109 2268; x_wconf 81' lang='lat' dir='ltr'>lege</span> <span class='ocrx_word' id='word_1_412' title='bbox 2149 2205 2278 2255; x_wconf 85' lang='lat' dir='ltr'>Ner.</span> <span class='ocrx_word' id='word_1_413' title='bbox 2312 2219 2430 2269; x_wconf 84' lang='lat' dir='ltr'>cap.</span> <span class='ocrx_word' id='word_1_414' title='bbox 2462 2207 2547 2275; x_wconf 76' lang='grc'><strong>32.</strong></span> <span class='ocrx_word' id='word_1_415' title='bbox 2584 2210 2645 2264; x_wconf 81' lang='lat' dir='ltr'>et</span> 
     </span>
     <span class='ocr_line' id='line_1_76' title="bbox 1574 2282 2217 2349; baseline -0.002 -17"><span class='ocrx_word' id='word_1_416' title='bbox 1574 2283 1908 2349; x_wconf 84' lang='lat' dir='ltr'>Domit.·cap.</span> <span class='ocrx_word' id='word_1_417' title='bbox 1931 2288 2013 2334; x_wconf 83' lang='grc'><strong>12.</strong></span> <span class='ocrx_word' id='word_1_418' title='bbox 2047 2282 2217 2333; x_wconf 72' lang='lat' dir='ltr'>Licin.</span> 
     </span>
    </p>

    <p class='ocr_par' dir='ltr' id='par_1_19' title="bbox 1646 2359 2644 2433">
     <span class='ocr_line' id='line_1_77' title="bbox 1646 2359 2644 2433; baseline -0.003 -22"><span class='ocrx_word' id='word_1_419' title='bbox 1646 2361 1851 2411; x_wconf 73' lang='lat' dir='ltr'>Unicum</span> <span class='ocrx_word' id='word_1_420' title='bbox 1884 2360 2089 2424; x_wconf 76' lang='lat' dir='ltr'>crimen]</span> <span class='ocrx_word' id='word_1_421' title='bbox 2126 2361 2190 2433; x_wconf 75' lang='lat' dir='ltr'>In</span> <span class='ocrx_word' id='word_1_422' title='bbox 2230 2360 2413 2410; x_wconf 82' lang='lat' dir='ltr'>Tacito</span> <span class='ocrx_word' id='word_1_423' title='bbox 2452 2359 2644 2424; x_wconf 79' lang='lat' dir='ltr'>passim</span> 
     </span>
    </p>
   </div>
   <div class='ocr_carea' id='block_1_17' title="bbox 1537 2436 2642 2506">
    <p class='ocr_par' dir='ltr' id='par_1_20' title="bbox 1537 2436 2642 2506">
     <span class='ocr_line' id='line_1_78' title="bbox 1537 2436 2642 2506; baseline -0.002 -19"><span class='ocrx_word' id='word_1_424' title='bbox 1537 2485 1544 2492; x_wconf 80' lang='grc'><strong>,</strong></span> <span class='ocrx_word' id='word_1_425' title='bbox 1572 2436 1817 2506; x_wconf 84' lang='lat' dir='ltr'>docetur,</span> <span class='ocrx_word' id='word_1_426' title='bbox 1852 2438 1962 2496; x_wconf 88' lang='lat' dir='ltr'>ubi,</span> <span class='ocrx_word' id='word_1_427' title='bbox 2003 2437 2187 2504; x_wconf 90' lang='lat' dir='ltr'>quibus</span> <span class='ocrx_word' id='word_1_428' title='bbox 2209 2436 2337 2487; x_wconf 85' lang='lat' dir='ltr'>nibil</span> <span class='ocrx_word' id='word_1_429' title='bbox 2358 2436 2521 2501; x_wconf 88' lang='lat' dir='ltr'>objici</span> <span class='ocrx_word' id='word_1_430' title='bbox 2541 2451 2642 2504; x_wconf 82' lang='lat' dir='ltr'>po-</span> 
     </span>
    </p>
   </div>
   <div class='ocr_carea' id='block_1_18' title="bbox 1571 2511 2645 2801">
    <p class='ocr_par' dir='ltr' id='par_1_21' title="bbox 1571 2511 2645 2795">
     <span class='ocr_line' id='line_1_79' title="bbox 1572 2511 2645 2578; baseline 0.001 -16"><span class='ocrx_word' id='word_1_431' title='bbox 1572 2518 1697 2578; x_wconf 89' lang='lat' dir='ltr'>test,</span> <span class='ocrx_word' id='word_1_432' title='bbox 1737 2514 2033 2578; x_wconf 84' lang='lat' dir='ltr'>majestatis</span> <span class='ocrx_word' id='word_1_433' title='bbox 2072 2514 2274 2563; x_wconf 84' lang='lat' dir='ltr'>crimen</span> <span class='ocrx_word' id='word_1_434' title='bbox 2311 2511 2645 2578; x_wconf 76' lang='lat' dir='ltr'>impingitur.</span> 
     </span>
     <span class='ocr_line' id='line_1_80' title="bbox 1573 2588 2645 2653; baseline -0.003 -13"><span class='ocrx_word' id='word_1_435' title='bbox 1573 2590 1718 2640; x_wconf 91' lang='lat' dir='ltr'>Nero</span> <span class='ocrx_word' id='word_1_436' title='bbox 1756 2591 1913 2641; x_wconf 84' lang='lat' dir='ltr'>etiam</span> <span class='ocrx_word' id='word_1_437' title='bbox 1952 2590 2155 2647; x_wconf 82' lang='lat' dir='ltr'>statuit,</span> <span class='ocrx_word' id='word_1_438' title='bbox 2190 2589 2207 2617; x_wconf 91' lang='lat'>‘</span> <span class='ocrx_word' id='word_1_439' title='bbox 2228 2595 2291 2639; x_wconf 91' lang='lat' dir='ltr'>ut</span> <span class='ocrx_word' id='word_1_440' title='bbox 2312 2589 2429 2653; x_wconf 85' lang='lat' dir='ltr'>lege</span> <span class='ocrx_word' id='word_1_441' title='bbox 2453 2588 2645 2653; x_wconf 85' lang='lat' dir='ltr'>majes-</span> 
     </span>
     <span class='ocr_line' id='line_1_81' title="bbox 1572 2664 2641 2731; baseline 0 -15"><span class='ocrx_word' id='word_1_442' title='bbox 1572 2667 1718 2728; x_wconf 88' lang='lat' dir='ltr'>tatis,</span> <span class='ocrx_word' id='word_1_443' title='bbox 1757 2668 1925 2716; x_wconf 86' lang='lat' dir='ltr'>omnia</span> <span class='ocrx_word' id='word_1_444' title='bbox 1955 2666 2102 2716; x_wconf 88' lang='lat' dir='ltr'>dicta</span> <span class='ocrx_word' id='word_1_445' title='bbox 2142 2664 2409 2731; x_wconf 81' lang='lat' dir='ltr'>factaque,-</span> <span class='ocrx_word' id='word_1_446' title='bbox 2448 2666 2641 2731; x_wconf 85' lang='lat' dir='ltr'>quibus</span> 
     </span>
     <span class='ocr_line' id='line_1_82' title="bbox 1571 2742 2645 2801; baseline 0.002 -10"><span class='ocrx_word' id='word_1_447' title='bbox 1571 2743 1726 2792; x_wconf 88' lang='lat' dir='ltr'>modo</span> <span class='ocrx_word' id='word_1_448' title='bbox 1760 2742 1965 2793; x_wconf 88' lang='lat' dir='ltr'>delator</span> <span class='ocrx_word' id='word_1_449' title='bbox 2000 2758 2103 2793; x_wconf 87' lang='lat' dir='ltr'>non</span> <span class='ocrx_word' id='word_1_450' title='bbox 2138 2743 2365 2801; x_wconf 84' lang='lat' dir='ltr'>deesset,</span> <span class='ocrx_word' id='word_1_451' title='bbox 2403 2748 2645 2795; x_wconf 86' lang='lat' dir='ltr'>teneren-</span> 
     </span>
    </p>
   </div>
   <div class='ocr_carea' id='block_1_19' title="bbox 1537 2818 2294 2885">
    <p class='ocr_par' dir='ltr' id='par_1_22' title="bbox 1537 2818 2294 2885">
     <span class='ocr_line' id='line_1_83' title="bbox 1537 2818 2294 2885; baseline -0.008 -11"><span class='ocrx_word' id='word_1_452' title='bbox 1537 2818 1694 2874; x_wconf 59' lang='lat' dir='ltr'>‚tut-l</span> <span class='ocrx_word' id='word_1_453' title='bbox 1727 2820 1879 2871; x_wconf 84' lang='lat' dir='ltr'>Suet.</span> <span class='ocrx_word' id='word_1_454' title='bbox 1902 2818 2034 2870; x_wconf 79' lang='lat' dir='ltr'>Ner.</span> <span class='ocrx_word' id='word_1_455' title='bbox 2062 2819 2200 2885; x_wconf 81' lang='lat' dir='ltr'>Lips.</span> <span class='ocrx_word' id='word_1_456' title='bbox 2291 2845 2294 2850; x_wconf 95' lang='lat'>·</span> 
     </span>
    </p>
   </div>
   <div class='ocr_carea' id='block_1_20' title="bbox 1564 2894 2646 3890">
    <p class='ocr_par' dir='ltr' id='par_1_23' title="bbox 1564 2894 2646 3890">
     <span class='ocr_line' id='line_1_84' title="bbox 1643 2894 2641 2958; baseline 0 -11"><span class='ocrx_word' id='word_1_457' title='bbox 1643 2897 1847 2948; x_wconf 79' lang='lat' dir='ltr'>Unicum</span> <span class='ocrx_word' id='word_1_458' title='bbox 1879 2894 2084 2958; x_wconf 79' lang='lat' dir='ltr'>crimen]</span> <span class='ocrx_word' id='word_1_459' title='bbox 2117 2894 2641 2954; x_wconf 77' lang='lat' dir='ltr'>Tacit-Annal.111.</span> 
     </span>
     <span class='ocr_line' id='line_1_85' title="bbox 1572 2974 2645 3039; baseline 0.002 -14"><span class='ocrx_word' id='word_1_460' title='bbox 1572 2977 1655 3026; x_wconf 81' lang='grc'><strong>47.</strong></span> <span class='ocrx_word' id='word_1_461' title='bbox 1689 2977 1705 3005; x_wconf 86' lang='lat'>‘</span> <span class='ocrx_word' id='word_1_462' title='bbox 1729 2974 2032 3039; x_wconf 86' lang='lat' dir='ltr'>Majestatis</span> <span class='ocrx_word' id='word_1_463' title='bbox 2062 2976 2259 3026; x_wconf 88' lang='lat' dir='ltr'>crimen</span> <span class='ocrx_word' id='word_1_464' title='bbox 2294 2976 2522 3027; x_wconf 87' lang='lat' dir='ltr'>omnium</span> <span class='ocrx_word' id='word_1_465' title='bbox 2557 2991 2645 3027; x_wconf 83' lang='lat' dir='ltr'>ac-</span> 
     </span>
     <span class='ocr_line' id='line_1_86' title="bbox 1572 3051 2642 3115; baseline 0.001 -15"><span class='ocrx_word' id='word_1_466' title='bbox 1572 3052 1900 3102; x_wconf 84' lang='lat' dir='ltr'>cusationum</span> <span class='ocrx_word' id='word_1_467' title='bbox 1944 3051 2417 3115; x_wconf 65' lang='lat' dir='ltr'>complementum!</span> <span class='ocrx_word' id='word_1_468' title='bbox 2507 3053 2642 3102; x_wconf 82' lang='lat' dir='ltr'>Vide</span> 
     </span>
     <span class='ocr_line' id='line_1_87' title="bbox 1570 3127 2642 3193; baseline 0 -16"><span class='ocrx_word' id='word_1_469' title='bbox 1570 3141 1733 3191; x_wconf 82' lang='lat' dir='ltr'>snpra</span> <span class='ocrx_word' id='word_1_470' title='bbox 1770 3140 1834 3177; x_wconf 87' lang='lat' dir='ltr'>n.</span> <span class='ocrx_word' id='word_1_471' title='bbox 1872 3131 1918 3177; x_wconf 89' lang='lat'>1.</span> <span class='ocrx_word' id='word_1_472' title='bbox 1984 3127 2197 3178; x_wconf 80' lang='lat' dir='ltr'>Dictum</span> <span class='ocrx_word' id='word_1_473' title='bbox 2237 3127 2373 3177; x_wconf 88' lang='lat' dir='ltr'>enim</span> <span class='ocrx_word' id='word_1_474' title='bbox 2421 3128 2642 3193; x_wconf 84' lang='lat' dir='ltr'>quodvis</span> 
     </span>
     <span class='ocr_line' id='line_1_88' title="bbox 1573 3199 2643 3270; baseline 0.001 -18"><span class='ocrx_word' id='word_1_475' title='bbox 1573 3204 2045 3255; x_wconf 86' lang='lat' dir='ltr'>innocentissimum</span> <span class='ocrx_word' id='word_1_476' title='bbox 2070 3205 2134 3254; x_wconf 88' lang='lat' dir='ltr'>ad</span> <span class='ocrx_word' id='word_1_477' title='bbox 2164 3212 2323 3269; x_wconf 78' lang='lat' dir='ltr'>caput</span> <span class='ocrx_word' id='word_1_478' title='bbox 2345 3199 2549 3270; x_wconf 85' lang='lat' dir='ltr'>aliquod</span> <span class='ocrx_word' id='word_1_479' title='bbox 2565 3204 2643 3254; x_wconf 69' lang='lat' dir='ltr'>⁴de</span> 
     </span>
     <span class='ocr_line' id='line_1_89' title="bbox 1574 3280 2642 3348; baseline 0.003 -18"><span class='ocrx_word' id='word_1_480' title='bbox 1574 3281 1847 3343; x_wconf 80' lang='lat' dir='ltr'>majestate</span> <span class='ocrx_word' id='word_1_481' title='bbox 1888 3296 1919 3331; x_wconf 89' lang='lat' dir='ltr'>a</span> <span class='ocrx_word' id='word_1_482' title='bbox 1963 3280 2299 3343; x_wconf 30' lang='lat' dir='ltr'>delatoribus,</span> <span class='ocrx_word' id='word_1_483' title='bbox 2331 3283 2642 3348; x_wconf 81' lang='lat' dir='ltr'>plerumque</span> 
     </span>
     <span class='ocr_line' id='line_1_90' title="bbox 1574 3355 2646 3424; baseline 0.004 -18"><span class='ocrx_word' id='word_1_484' title='bbox 1574 3355 1905 3420; x_wconf 85' lang='lat' dir='ltr'>flectebatur,</span> <span class='ocrx_word' id='word_1_485' title='bbox 1932 3359 2066 3424; x_wconf 92' lang='lat' dir='ltr'>quod</span> <span class='ocrx_word' id='word_1_486' title='bbox 2092 3358 2244 3410; x_wconf 88' lang='lat' dir='ltr'>letale</span> <span class='ocrx_word' id='word_1_487' title='bbox 2266 3366 2379 3409; x_wconf 81' lang='lat' dir='ltr'>erat</span> <span class='ocrx_word' id='word_1_488' title='bbox 2404 3374 2525 3409; x_wconf 82' lang='lat' dir='ltr'>reo:</span> <span class='ocrx_word' id='word_1_489' title='bbox 2563 3361 2646 3410; x_wconf 87' lang='lat' dir='ltr'>uti</span> 
     </span>
     <span class='ocr_line' id='line_1_91' title="bbox 1574 3436 2642 3502; baseline 0.002 -17"><span class='ocrx_word' id='word_1_490' title='bbox 1574 3436 1741 3486; x_wconf 85' lang='lat' dir='ltr'>insani</span> <span class='ocrx_word' id='word_1_491' title='bbox 1764 3451 1969 3502; x_wconf 88' lang='lat' dir='ltr'>quoque</span> <span class='ocrx_word' id='word_1_492' title='bbox 1992 3436 2220 3499; x_wconf 64' lang='lat' dir='ltr'>recutiti,</span> <span class='ocrx_word' id='word_1_493' title='bbox 2250 3444 2446 3499; x_wconf 80' lang='lat' dir='ltr'>praeter</span> <span class='ocrx_word' id='word_1_494' title='bbox 2467 3436 2642 3487; x_wconf 89' lang='lat' dir='ltr'>inten-</span> 
     </span>
     <span class='ocr_line' id='line_1_92' title="bbox 1572 3503 2643 3579; baseline 0.002 -16"><span class='ocrx_word' id='word_1_495' title='bbox 1572 3529 1683 3564; x_wconf 74' lang='lat' dir='ltr'>sum</span> <span class='ocrx_word' id='word_1_496' title='bbox 1704 3514 1994 3579; x_wconf 75' lang='lat' dir='ltr'>majestatis</span> <span class='ocrx_word' id='word_1_497' title='bbox 2010 3503 2225 3570; x_wconf 79' lang='lat' dir='ltr'>crimen,</span> <span class='ocrx_word' id='word_1_498' title='bbox 2246 3514 2443 3568; x_wconf 83' lang='lat' dir='ltr'>dictum</span> <span class='ocrx_word' id='word_1_499' title='bbox 2461 3516 2643 3565; x_wconf 82' lang='lat' dir='ltr'>Chris-</span> 
     </span>
     <span class='ocr_line' id='line_1_93' title="bbox 1573 3590 2645 3657; baseline 0 -15"><span class='ocrx_word' id='word_1_500' title='bbox 1573 3592 1633 3655; x_wconf 87' lang='lat' dir='ltr'>ti,</span> <span class='ocrx_word' id='word_1_501' title='bbox 1673 3607 1775 3657; x_wconf 85' lang='lat' dir='ltr'>qun</span> <span class='ocrx_word' id='word_1_502' title='bbox 1804 3607 1860 3642; x_wconf 85' lang='lat' dir='ltr'>se</span> <span class='ocrx_word' id='word_1_503' title='bbox 1885 3593 1985 3641; x_wconf 88' lang='lat' dir='ltr'>Dei</span> <span class='ocrx_word' id='word_1_504' title='bbox 2007 3590 2165 3641; x_wconf 85' lang='lat' dir='ltr'>filium</span> <span class='ocrx_word' id='word_1_505' title='bbox 2189 3606 2255 3641; x_wconf 87' lang='lat' dir='ltr'>ex</span> <span class='ocrx_word' id='word_1_506' title='bbox 2280 3590 2540 3654; x_wconf 87' lang='lat' dir='ltr'>pontificis</span> <span class='ocrx_word' id='word_1_507' title='bbox 2563 3593 2645 3642; x_wconf 84' lang='lat' dir='ltr'>in-</span> 
     </span>
     <span class='ocr_line' id='line_1_94' title="bbox 1564 3667 2643 3730; baseline -0.001 -12"><span class='ocrx_word' id='word_1_508' title='bbox 1564 3669 1928 3730; x_wconf 81' lang='lat' dir='ltr'>terrogatione</span> <span class='ocrx_word' id='word_1_509' title='bbox 1958 3667 2229 3717; x_wconf 79' lang='lat' dir='ltr'>asserebat</span> <span class='ocrx_word' id='word_1_510' title='bbox 2260 3667 2458 3719; x_wconf 82' lang='lat' dir='ltr'>Mattb.</span> <span class='ocrx_word' id='word_1_511' title='bbox 2479 3681 2643 3719; x_wconf 72' lang='lat' dir='ltr'>xxvx-</span> 
     </span>
     <span class='ocr_line' id='line_1_95' title="bbox 1570 3743 2643 3814; baseline 0 -19"><span class='ocrx_word' id='word_1_512' title='bbox 1570 3745 1758 3814; x_wconf 51' lang='lat'>⁶³2&amp;</span> <span class='ocrx_word' id='word_1_513' title='bbox 1793 3751 1955 3809; x_wconf 89' lang='lat' dir='ltr'>caput</span> <span class='ocrx_word' id='word_1_514' title='bbox 1996 3743 2220 3808; x_wconf 68' lang='lat' dir='ltr'>aliquod,</span> <span class='ocrx_word' id='word_1_515' title='bbox 2247 3743 2377 3806; x_wconf 82' lang='lat' dir='ltr'>legis</span> <span class='ocrx_word' id='word_1_516' title='bbox 2420 3744 2643 3808; x_wconf 86' lang='lat' dir='ltr'>arripie-</span> 
     </span>
     <span class='ocr_line' id='line_1_96' title="bbox 1576 3819 2641 3890; baseline 0 -17"><span class='ocrx_word' id='word_1_517' title='bbox 1576 3823 1719 3885; x_wconf 88' lang='lat' dir='ltr'>bant,</span> <span class='ocrx_word' id='word_1_518' title='bbox 1760 3822 1882 3890; x_wconf 71' lang='lat' dir='ltr'>Job.</span> <span class='ocrx_word' id='word_1_519' title='bbox 1925 3835 2051 3871; x_wconf 74' lang='lat' dir='ltr'>xix.</span> <span class='ocrx_word' id='word_1_520' title='bbox 2091 3826 2143 3871; x_wconf 90' lang='grc'><strong>7.</strong></span> <span class='ocrx_word' id='word_1_521' title='bbox 2190 3819 2340 3884; x_wconf 75' lang='grc' dir='ltr'><strong><em>ἡμεῖς,</em></strong></span> <span class='ocrx_word' id='word_1_522' title='bbox 2382 3821 2641 3886; x_wconf 79' lang='lat' dir='ltr'>inquiunt,</span> 
     </span>
    </p>
   </div>
   <div class='ocr_carea' id='block_1_21' title="bbox 1539 3899 2642 3965">
    <p class='ocr_par' dir='ltr' id='par_1_24' title="bbox 1539 3899 2642 3965">
     <span class='ocr_line' id='line_1_97' title="bbox 1539 3899 2642 3965; baseline 0 -14"><span class='ocrx_word' id='word_1_523' title='bbox 1539 3961 1540 3964; x_wconf 8' lang='grc' dir='ltr'><strong>Ἴ</strong></span> <span class='ocrx_word' id='word_1_524' title='bbox 1570 3899 1716 3964; x_wconf 77' lang='grc' dir='ltr'><strong><em>νόμον</em></strong></span> <span class='ocrx_word' id='word_1_525' title='bbox 1750 3900 1928 3965; x_wconf 78' lang='grc' dir='ltr'><strong><em>ἔχομεν</em></strong></span> <span class='ocrx_word' id='word_1_526' title='bbox 1957 3902 2148 3964; x_wconf 77' lang='lat' dir='ltr'>(legem</span> <span class='ocrx_word' id='word_1_527' title='bbox 2184 3909 2357 3951; x_wconf 90' lang='lat' dir='ltr'>autem</span> <span class='ocrx_word' id='word_1_528' title='bbox 2379 3900 2465 3951; x_wconf 78' lang='lat' dir='ltr'>‚de</span> <span class='ocrx_word' id='word_1_529' title='bbox 2501 3900 2642 3951; x_wconf 83' lang='lat' dir='ltr'>blas-</span> 
     </span>
    </p>
   </div>
   <div class='ocr_carea' id='block_1_22' title="bbox 1563 3976 2645 4197">
    <p class='ocr_par' dir='ltr' id='par_1_25' title="bbox 1563 3976 2645 4197">
     <span class='ocr_line' id='line_1_98' title="bbox 1574 3976 2645 4042; baseline 0.001 -14"><span class='ocrx_word' id='word_1_530' title='bbox 1574 3979 1778 4042; x_wconf 89' lang='lat' dir='ltr'>phemia</span> <span class='ocrx_word' id='word_1_531' title='bbox 1832 3976 2214 4040; x_wconf 74' lang='lat' dir='ltr'>intelligebant,</span> <span class='ocrx_word' id='word_1_532' title='bbox 2264 3978 2450 4028; x_wconf 83' lang='lat' dir='ltr'>Levit.</span> <span class='ocrx_word' id='word_1_533' title='bbox 2477 3991 2645 4029; x_wconf 79' lang='lat' dir='ltr'>xxrv.</span> 
     </span>
     <span class='ocr_line' id='line_1_99' title="bbox 1572 4054 2642 4128; baseline 0.003 -25"><span class='ocrx_word' id='word_1_534' title='bbox 1572 4055 1681 4118; x_wconf 83' lang='grc'><strong>16.)</strong></span> <span class='ocrx_word' id='word_1_535' title='bbox 1722 4054 1858 4120; x_wconf 89' lang='lat' dir='ltr'>quod</span> <span class='ocrx_word' id='word_1_536' title='bbox 1901 4054 2040 4117; x_wconf 87' lang='lat' dir='ltr'>apud</span> <span class='ocrx_word' id='word_1_537' title='bbox 2085 4055 2380 4118; x_wconf 86' lang='lat' dir='ltr'>imperitum</span> <span class='ocrx_word' id='word_1_538' title='bbox 2422 4057 2642 4128; x_wconf 80' lang='lat' dir='ltr'>amplia-</span> 
     </span>
     <span class='ocr_line' id='line_1_100' title="bbox 1563 4129 2642 4197; baseline 0.004 -18"><span class='ocrx_word' id='word_1_539' title='bbox 1563 4129 1702 4179; x_wconf 82' lang='lat' dir='ltr'>bant</span> <span class='ocrx_word' id='word_1_540' title='bbox 1759 4129 1994 4194; x_wconf 75' lang='lat' dir='ltr'>perversi</span> <span class='ocrx_word' id='word_1_541' title='bbox 2044 4137 2204 4195; x_wconf 86' lang='lat' dir='ltr'>atque</span> <span class='ocrx_word' id='word_1_542' title='bbox 2259 4131 2642 4197; x_wconf 68' lang='lat' dir='ltr'>extendebant,</span> 
     </span>
    </p>
   </div>
   <div class='ocr_carea' id='block_1_23' title="bbox 1557 4199 2639 4276">
    <p class='ocr_par' dir='ltr' id='par_1_26' title="bbox 1557 4199 2639 4276">
     <span class='ocr_line' id='line_1_101' title="bbox 1557 4199 2639 4276; baseline 0.003 -20"><span class='ocrx_word' id='word_1_543' title='bbox 1557 4199 2062 4272; x_wconf 64' lang='lat' dir='ltr'>„interpretationem</span> <span class='ocrx_word' id='word_1_544' title='bbox 2096 4206 2163 4256; x_wconf 90' lang='lat' dir='ltr'>de</span> <span class='ocrx_word' id='word_1_545' title='bbox 2192 4221 2285 4258; x_wconf 85' lang='lat' dir='ltr'>suo</span> <span class='ocrx_word' id='word_1_546' title='bbox 2319 4217 2639 4276; x_wconf 84' lang='lat' dir='ltr'>promentes,</span> 
     </span>
    </p>
   </div>
   <div class='ocr_carea' id='block_1_24' title="bbox 1569 4281 2640 4351">
    <p class='ocr_par' dir='ltr' id='par_1_27' title="bbox 1569 4281 2640 4351">
     <span class='ocr_line' id='line_1_102' title="bbox 1569 4281 2640 4351; baseline 0.003 -16"><span class='ocrx_word' id='word_1_547' title='bbox 1569 4284 1683 4337; x_wconf 84' lang='lat' dir='ltr'>scil.</span> <span class='ocrx_word' id='word_1_548' title='bbox 1736 4281 1863 4334; x_wconf 75' lang='grc' dir='ltr'>κατὰ</span> <span class='ocrx_word' id='word_1_549' title='bbox 1908 4283 2085 4334; x_wconf 71' lang='grc' dir='ltr'><strong><em>τοῦτον</em></strong></span> <span class='ocrx_word' id='word_1_550' title='bbox 2131 4281 2220 4333; x_wconf 74' lang='grc' dir='ltr'>τὸν</span> <span class='ocrx_word' id='word_1_551' title='bbox 2267 4282 2412 4347; x_wconf 72' lang='grc' dir='ltr'><strong><em>νόμον</em></strong></span> <span class='ocrx_word' id='word_1_552' title='bbox 2453 4283 2640 4351; x_wconf 62' lang='grc' dir='ltr'>ὀφείλει</span> 
     </span>
    </p>
   </div>
   <div class='ocr_carea' id='block_1_25' title="bbox 3000 3315 3008 4076">
    <p class='ocr_par' dir='ltr' id='par_1_28' title="bbox 3000 3315 3008 4076">
     <span class='ocr_line' id='line_1_103' title="bbox 3000 3315 3008 4076; baseline 0 0"><span class='ocrx_word' id='word_1_553' title='bbox 3000 3315 3008 4076; x_wconf 95' lang='lat' dir='ltr'> </span> 
     </span>
    </p>
   </div>
  </div>
 </body>
</html>
