3017 4942
755 415 821 462 ο.
871 411 1114 464 remu
1160 410 1500 466 saeuum
1552 409 1828 460 PANEu.
1903 412 1953 459 1.
1996 395 2107 462 39.

322 557 684 607 communicavit
736 556 901 609 fuerit
968 559 1387 623 interpretatum

322 649 495 701 neque
529 635 581 684 id
607 637 762 698 male,
795 651 913 687 cum
944 636 1058 688 Cic.
1092 636 1260 687 Attic.
1287 648 1390 685 vn.

325 715 404 762 12.
460 712 622 761 etiam
665 713 766 762 ista
801 713 1159 777 conjunxerit:
1205 714 1221 743 4
1248 712 1387 763 Quid

321 790 412 839 ille
445 789 570 839 mihi
604 803 710 839 non
746 791 1040 840 commisit?
1082 789 1249 844 'Quid
1286 804 1388 840 nou

318 880 527 916 mecum
551 866 1008 918 communicavit?
1075 868 1395 918 Arntzenins

322 941 539 992 verbnm
578 944 814 992 mmmin't
866 946 1247 1008 interpretatur
1298 957 1391 1008 per

316 1018 673 1083 ‘conjunxit3'
708 1031 929 1085 eumque
965 1022 1016 1070 in
1055 1021 1210 1071 finem
1247 1020 1395 1071 varia

322 1093 477 1145 affert
533 1097 775 1159 exempla
819 1112 886 1146 ex
939 1097 1130 1147 Ovidio
1166 1096 1386 1149 Heroid.

320 1171 497 1234 Epist.
537 1185 622 1222 ιιι.
661 1176 744 1223 21.
797 1174 1022 1238 Virgilio
1058 1174 1263 1226 AEneid.
1299 1175 1388 1225 lib.

320 1260 415 1297 ιιι.
463 1262 541 1298 vs.
585 1252 702 1299 428.
801 1251 1006 1300 Seneca
1055 1252 1220 1302 Herc.
1275 1252 1388 1303 OEt.

320 1337 371 1372 c.
400 1327 484 1374 82.
527 1324 651 1376 Val.
685 1325 828 1376 Flac.
854 1339 933 1375 vl.
953 1331 1072 1377 491.
1101 1330 1202 1377 ὅτε.
1267 1327 1389 1377 Non

322 1411 481 1462 nego,
526 1402 793 1451 notionem
835 1403 990 1452 istam
1032 1404 1389 1468 conjungendi

321 1476 598 1541 aliquando
621 1478 741 1527 huic
759 1478 918 1528 verbo
940 1479 1233 1543 subjectam
1253 1494 1390 1542 esseg

323 1553 459 1618 quod
486 1554 568 1604 vei
590 1569 657 1603 ex
694 1554 899 1605 nomine
930 1554 1171 1608 derivato
1211 1558 1229 1587 4
1251 1572 1391 1607 com·

323 1630 574 1679 missura’
617 1638 800 1695 patet3
844 1646 1046 1698 verum,
1082 1634 1220 1699 quod
1258 1648 1392 1698 pace

324 1707 418 1756 viri
455 1706 600 1757 docti
638 1707 879 1770 dixerim,
900 1723 1068 1774 neque
1098 1710 1199 1760 ista
1226 1710 1390 1773 notio,

323 1798 490 1848 neque
515 1786 775 1848 exempla,
799 1801 1079 1851 eorumque
1112 1792 1391 1847 structura,

321 1861 420 1910 huc
443 1862 572 1910 satis
595 1861 870 1925 quadrant.
937 1863 1150 1914 Rectius
1178 1864 1391 1914 verbum

322 1938 338 1964 ‘
370 1939 702 1987 committere
727 1937 742 1959 ’
802 1937 890 1987 hic
952 1941 1239 2003 generatim
1297 1955 1393 2005 per

322 2012 338 2041 ‘
357 2010 523 2075 dare‚’
562 2014 578 2041 4
602 2012 850 2071 tradere:
885 2015 903 2044 4
928 2015 1262 2079 concedere,'
1298 2030 1390 2065 ex·

322 2089 567 2152 plicatur.
602 2089 858 2155 Equidem
884 2090 1094 2154 proprie
1119 2089 1273 2142 alicui
1296 2087 1391 2142 aii-

321 2166 442 2232 qaid
465 2168 482 2195 4
494 2166 825 2216 committere
838 2166 855 2190 ’
869 2167 1108 2233 dicimur,
1122 2168 1269 2232 cnjus
1285 2167 1391 2220 fide

319 2245 553 2307 utimur;
587 2243 728 2293 unde
749 2249 808 2293 et
826 2243 1180 2295 denominatio
1211 2245 1393 2296 ‘fidei-

322 2322 586 2372 commissi
603 2319 618 2343 '
640 2329 776 2371 orta.
823 2322 978 2372 Unde
1001 2324 1018 2352 4
1036 2322 1394 2375 committere’

321 2398 519 2464 aliquid
546 2399 767 2462 amplius
790 2408 962 2463 notat,
985 2415 1140 2465 quam
1173 2402 1190 2431 4
1211 2402 1394 2467 dare3'

321 2493 371 2531 v.
408 2494 461 2542 g.
501 2480 643 2544 apud
676 2480 790 2530 Cic.
823 2481 875 2530 in
900 2482 1050 2531 Verr.
1076 2495 1125 2533 v.
1154 2485 1238 2532 14.
1269 2485 1287 2512 4
1307 2482 1394 2534 Ita

320 2563 559 2620 qnaestor
601 2571 714 2606 sum
755 2554 947 2614 factus,
984 2564 1044 2607 ut
1077 2558 1200 2607 mihi
1236 2560 1396 2610 bono-

322 2646 430 2682 rem
456 2632 602 2682 illum
626 2645 728 2681 non
760 2634 922 2682 solum
961 2633 1163 2696 datum,
1183 2634 1274 2685 sed
1300 2637 1397 2686 eti-

322 2725 405 2760 am
448 2710 709 2761 creditum
748 2726 811 2760 ac
855 2714 1201 2775 commissum,
1243 2723 1395 2778 puta-

322 2794 444 2836 rent
461 2785 494 2835 :’
532 2786 630 2836 hoc
653 2794 829 2836 tamen
855 2800 957 2836 non
982 2788 1178 2850 obstat,
1195 2790 1318 2854 quin
1339 2799 1397 2842 et

322 2865 582 2930 generalis
618 2866 764 2916 notio
798 2865 974 2924 dandi,
1012 2866 1269 2925 tradendi,
1305 2874 1398 2916 aut

323 2942 650 3005 conferendi,
682 2943 735 2991 in
772 2943 868 2992 hoc
905 2943 1068 2992 verbo
1102 2943 1273 2993 locum
1303 2943 1396 2992 lia·

324 3018 464 3070 beat.
520 3019 615 3069 Sic
644 3020 660 3047 ‘
681 3026 837 3068 terrae
874 3019 1071 3069 semina
1106 3020 1362 3070 committi
1383 3018 1399 3042 ¹

324 3096 595 3147 dicuntur.
630 3096 717 3146 Sic
735 3096 1009 3147 claudian.
1027 3097 1193 3148 Laud.
1211 3098 1398 3148 Seren.

326 3186 406 3221 vs.
442 3175 558 3222 194.
593 3172 743 3229 dixit,
777 3169 1217 3239 ‘commissosque
1250 3174 1399 3224 labor

328 3250 403 3300 sic
437 3250 604 3315 gessit
633 3249 892 3299 bonores!
959 3250 1146 3300 Cicero
1185 3250 1397 3315 quidem

330 3342 422 3391 pro
447 3329 602 3378 Fout.
624 3342 741 3391 cap.
766 3332 849 3378 14.
880 3327 1002 3377 fidei
1038 3329 1302 3379 notionem
1326 3330 1400 3378 ita

329 3406 613 3455 adstrinxit
629 3405 792 3455 verbo
814 3413 831 3435 4
848 3405 1213 3465 committere‚’
1235 3412 1293 3455 ut
1309 3420 1400 3456 no·

328 3484 523 3534 tionem
572 3484 851 3547 potestatis
892 3490 950 3533 et
983 3484 1186 3534 arbitrii
1227 3483 1294 3533 ab
1333 3498 1399 3534 eo

328 3562 649 3626 sejunxerit:
685 3569 700 3592 4
717 3561 873 3625 Frugi
897 3561 1196 3621 hominem‚’
1216 3562 1401 3627 inquit,

330 3636 590 3702 ‘judices‚
632 3637 822 3687 videtis
864 3638 1091 3701 positum
1132 3640 1186 3687 in
1224 3646 1401 3688 vestra

325 3714 427 3763 fide
458 3729 522 3765 ac
560 3721 842 3779 potestate,
868 3721 1025 3779 atque
1060 3715 1135 3764 ita
1163 3720 1221 3764 ut
1262 3729 1400 3765 com·

327 3794 513 3842 missus
536 3792 608 3841 sit
629 3790 776 3851 fidei,
799 3792 1074 3856 permissus
1109 3790 1403 3855 potestati!

328 3868 676 3919 Nihilominus
710 3859 810 3917 ista
844 3866 969 3917 alibi
1006 3869 1309 3932 conjungit3
1347 3884 1399 3919 v.

328 3960 379 4010 g.
402 3961 501 4011 pro
529 3945 703 3994 Domo
726 3959 838 4008 sua,
860 3959 981 4008 cap.
1003 3949 1085 3996 13.
1121 3952 1136 3974 ‘
1154 3944 1401 3996 Omnium

328 4023 515 4072 civium
537 4022 677 4070 salus
701 4054 716 4071 .
735 4053 749 4070 .
764 4051 779 4067 .
804 4020 959 4077 bona,
977 4019 1223 4079 fortunae,
1239 4021 1404 4072 domi·

330 4100 464 4161 cilia,
480 4105 672 4148 vestrae
697 4097 989 4161 sapientiae,
1003 4097 1148 4156 fidei,
1172 4104 1403 4162 potesta-

332 4175 496 4238 tique,
533 4173 802 4223 commissa
838 4173 1145 4239 creditaque
1177 4189 1292 4223 esse
1324 4175 1402 4224 vi-

334 4249 562 4301 dentur.’
599 4247 916 4313 Suspicabar
939 4251 1177 4314 primum,
1204 4265 1269 4300 an
1290 4264 1404 4300 ver·

335 4326 453 4379 bum
485 4325 726 4379 commisit
757 4323 897 4380 forte
931 4327 1183 4394 scriptum
1207 4327 1277 4381 sit
1307 4341 1402 4394 pro

2399 396 2536 465 66?

1462 554 1720 620 perunum,-
1759 569 1876 605 cum
1914 562 1970 606 et
2001 555 2124 605 alibi
2158 554 2435 621 aliquando
2469 570 2534 608 ea

1468 632 1626 682 verba
1668 631 2071 682 confundantur.
2137 633 2224 682 Sic
2271 647 2396 682 vero
2432 632 2532 683 Te·

1469 717 1605 759 rent.
1628 710 1794 758 Andr.
1828 724 1867 761 1.
1888 715 1937 759 5.
1958 715 2042 759 61.
2074 710 2165 773 ait,
2195 712 2211 738 4
2231 710 2383 758 Bona
2417 724 2532 760 nos·

1466 794 1549 835 tra
1569 786 1682 836 hoec
1702 787 1796 835 tibi
1822 787 2089 850 permitto,
2107 786 2278 847 trado,
2297 786 2537 849 mandog’

1467 874 1646 910 verum
1691 876 1795 910 non
1839 875 2051 911 necesse
2102 868 2182 911 est
2228 869 2286 911 ut
2340 863 2533 926 aliquid

1466 947 1719 990 mutetur.
1775 939 1915 993 Quid
1940 940 2108 989 enim?
2140 940 2183 988 si
2210 940 2293 989 vel
2313 941 2534 990 maxime

1466 1016 1632 1081 dieas,
1654 1018 1727 1066 sic
1747 1015 2050 1080 significari,
2073 1017 2231 1066 etiam
2249 1017 2374 1080 Traj
2384 1029 2534 1066 anum

1465 1087 1590 1144 'fidei
1613 1105 1859 1146 novorum
1895 1094 2083 1143 civium
2111 1094 2236 1157 jura
2271 1093 2535 1156 cognatio·

1467 1185 1588 1221 num
1630 1172 1708 1222 ita
1750 1170 2084 1226 commisisse,
2132 1175 2190 1218 ut
2231 1169 2296 1218 iis
2341 1183 2441 1219 aon
2482 1169 2537 1219 in

1468 1247 1732 1311 damnum,
1770 1248 1863 1300 sed
1907 1246 2249 1309 commodum,
2289 1246 2538 1308 reipubli-

1467 1341 1566 1388 coe,
1591 1335 1884 1378 uterentur.
1948 1326 2219 1386 Ceterum,
2241 1325 2291 1371 in
2326 1325 2404 1372 his
2428 1323 2538 1372 Pli-

1466 1404 1543 1453 nii
1579 1403 1772 1461 verbia,
1806 1402 1973 1454 codex
1997 1402 2285 1451 Vaticanus
2308 1404 2456 1451 ³461.
2481 1407 2538 1451 et

1466 1467 1900 1544 Salisburgensis‚
1941 1494 2039 1543 pro
2087 1479 2246 1534 simul,
2289 1477 2539 1527 exhibent

1466 1558 1643 1617 seme15
1672 1572 1733 1606 ac
1759 1558 1809 1607 in
1834 1570 1951 1606 meo
1972 1555 2153 1608 codiee
2173 1553 2538 1605 desiderantur

1468 1634 1669 1683 voculoe
1689 1639 1737 1683 et
1756 1635 1960 1698 pariter.
2012 1633 2179 1683 Idem.

1534 1711 1735 1760 Priores
1771 1708 2035 1786 principes]
2077 1708 2293 1757 Sueten.
2329 1706 2380 1755 in
2416 1705 2538 1755 Tito

1467 1799 1517 1836 ο.
1538 1790 1588 1835 8.
1620 1787 1636 1815 4
1658 1788 1786 1838 Cum
1824 1801 1890 1836 ex
1926 1786 2169 1834 instituto
2191 1783 2408 1847 Tiberii,
2429 1796 2538 1832 ome

1468 1877 1563 1913 nes
1588 1865 1774 1914 dehinc
1796 1864 2058 1929 principes
2097 1860 2352 1911 beneficia
2389 1877 2419 1912 a
2451 1875 2541 1909 su·

1468 1931 1759 2004 perioribus
1783 1955 2033 1992 concessa
2068 1939 2414 2004 principibus,
2433 1949 2537 1990 uon

1469 2019 1626 2068 aliter
1650 2027 1760 2069 rata
1781 2018 2058 2073 haberent,
2084 2030 2236 2080 quiam
2269 2016 2311 2063 si
2352 2013 2538 2064 eadem

1469 2095 1650 2145 iisdem
1669 2103 1725 2146 et
1747 2096 1845 2158 ipsi
1870 2094 2167 2154 dedissent3
2191 2092 2384 2156 primus
2410 2105 2542 2155 prm-

1471 2173 1630 2223 terita
1654 2173 1826 2222 omnia
1859 2188 1962 2222 uno
1995 2170 2320 2221 confirmavit
2341 2169 2540 2232 edicto,

1467 2263 1567 2301 nec
1593 2265 1625 2300 a
1646 2265 1704 2301 se
1728 2250 1838 2315 peti
1864 2264 2047 2313 passus
2069 2247 2187 2298 est.’
2232 2247 2368 2311 Lips.

1538 2328 1724 2384 Quanti
1744 2326 1967 2392 spiritus]
2004 2325 2230 2375 Nomine
2264 2322 2467 2388 spiritus
2492 2323 2540 2373 si

1469 2407 1721 2455 translate
1745 2412 1966 2455 utuntur
1985 2411 2225 2454 auctores
2244 2416 2412 2452 aurete
2437 2402 2540 2451 La-

1469 2482 1712 2543 unitatis,
1735 2480 1787 2531 id
1809 2480 1922 2530 fere
1945 2481 1998 2529 in
2025 2480 2152 2529 vitio
2191 2485 2411 2543 ponunt,
2443 2487 2539 2540 pro

1470 2558 1769 2622 arrogantia
1791 2564 1848 2607 et
1876 2556 2031 2606 animi
2068 2556 2313 2604 elatione.
2373 2553 2539 2617 Cujus

1468 2635 1698 2686 notionis
1721 2634 1963 2698 exempla
1984 2630 2176 2682 afferre
2207 2632 2543 2695 supersedeo.

1472 2711 1558 2762 Ab
1581 2712 1693 2761 aliis
1718 2725 1864 2773 vero,
1884 2710 1960 2759 uti
1986 2715 2040 2757 et
2071 2723 2101 2757 a
2123 2706 2296 2757 Plinio
2333 2705 2433 2778 iioc
2467 2706 2543 2755 lo-

1471 2805 1557 2854 co,
1595 2790 1751 2839 etiam
1790 2788 1841 2836 in
1882 2786 2147 2854 meliorem
2188 2790 2390 2848 partem
2433 2783 2540 2832 lau-‘-

1471 2865 1696 2931 demque
1741 2863 2018 2928 accipitur,
2064 2874 2161 2925 pro
2202 2857 2542 2922 magnanimi-

1470 2951 1583 2994 tate
1607 2952 1661 2994 et
1683 2941 1906 3008 quadam
1933 2938 2089 2988 animi
2126 2936 2387 2987 celsitate.
2454 2934 2542 2984 Sic

1471 3020 1608 3070 Veii.
1645 3034 1687 3071 1.
1722 3023 1771 3068 3.
1802 3015 1999 3066 ‘divini
2040 3014 2253 3079 spiritus
2295 3009 2426 3061 viri’
2464 3010 2542 3060 di-

1473 3105 1667 3148 cuntur
1702 3095 1994 3158 AEschylus‚
2035 3090 2344 3155 Sophocles,
2386 3088 2542 3138 Euri·

1472 3174 1639 3238 pides.
1672 3174 1791 3222 val.
1811 3173 1958 3221 Max.
1982 3183 2068 3219 ιιι.
2089 3173 2141 3219 7.
2167 3176 2305 3219 extr.
2324 3171 2375 3217 7.
2407 3166 2423 3195 4
2442 3165 2543 3216 Ca·

1474 3251 1614 3317 pax,'
1646 3251 1833 3315 inquit,
1865 3247 2137 3314 ‘generosi
2176 3245 2390 3310 spiritus
2413 3243 2542 3293 illud

1475 3342 1680 3392 qnoque
1704 3327 1900 3377 dictum
1926 3325 2062 3389 regis
2084 3320 2287 3387 Cotys!
2355 3321 2426 3371 Et
2456 3333 2543 3371 lx.

1475 3411 1524 3456 1.
1559 3413 1668 3456 ext.
1702 3409 1753 3455 6.
1785 3404 1801 3433 ‘
1823 3404 2165 3467 Quapropter
2196 3397 2401 3448 deliciis
2438 3403 2543 3467 tam

1474 3497 1693 3533 enerves
1712 3481 1866 3531 animi
1886 3478 2129 3543 spiritum
2148 3474 2410 3524 exercitus
2427 3487 2545 3522 nos-

1477 3561 1548 3610 tri
1571 3558 1823 3609 sustinere
1846 3570 1949 3605 non
1975 3548 2292 3618 potuerunt-⁹
2325 3550 2545 3599 Petron.

1474 3649 1593 3701 cap.
1612 3638 1725 3685 118.
1756 3633 1773 3662 4
1796 3634 1985 3697 Neque
2010 3627 2306 3693 generosior
2325 3624 2544 3696 spiritus

1473 3715 1763 3762 vanitatem
1789 3706 1962 3760 amat!
2031 3705 2240 3755 Curtius
2263 3717 2314 3751 v.
2336 3707 2386 3752 8.
2405 3701 2544 3750 ‘Vos

1474 3790 1730 3843 obtestor,
1756 3794 1814 3835 ut
1843 3784 2120 3834 nobilitate
2147 3788 2324 3829 vestra
2351 3778 2546 3843 gentis·

1476 3880 1578 3931 que
1601 3866 1786 3928 dignos
1809 3863 2026 3927 spiritus
2047 3856 2301 3924 capiatis)
2355 3857 2543 3906 Florus

1477 3956 1532 3992 v.
1558 3946 1608 3991 6.
1640 3946 1654 3969 ‘
1674 3940 1722 3990 Ο
1758 3939 2071 4001 singularem
2108 3936 2331 3985 animum
2354 3946 2416 3982 ac
2440 3932 2547 3998 spi-

1475 4020 1635 4069 ritum
1659 4015 1840 4081 populi
1861 4013 2080 4064 Romani
2098 4011 2131 4062 !’
2167 4012 2414 4062 Schwarz.

1544 4096 1748 4160 Sparsus
1793 4098 1933 4157 utque
1986 4092 2169 4141 laceras
2221 4083 2547 4151 gentilitates]

1478 4172 1566 4222 De
1582 4180 1597 4203 ‘
1609 4170 1906 4236 gentilitate
1919 4167 2050 4230 ’jam
2066 4181 2223 4231 supra
2239 4164 2302 4213 ad
2316 4175 2548 4226 xxxva]

1476 4253 1529 4301 2.
1551 4247 1677 4299 dixi.
1746 4244 2085 4295 Gentilitates
2108 4244 2267 4307 igitur
2301 4255 2365 4292 ac
2398 4239 2547 4314 i'ami·

1475 4327 1564 4380 liae
1600 4327 1617 4357 4
1636 4337 1833 4393 sparsae
1853 4321 1868 4344 ³
1896 4329 1955 4375 et
1987 4322 2003 4351 ‘
2023 4318 2244 4373 lacerae'
2272 4323 2394 4370 suut
2415 4316 2549 4368 divi-
