3017 4942
444 376 594 445 '800

465 542 620 608 mert.
645 538 843 599 Psueg.
865 534 1013 586 Max.
1055 532 1191 596 Aug.
1220 531 1385 595 dicto,
1413 545 1460 582 c.
1483 534 1534 582 6.

465 622 482 647 ³
505 615 742 666 Vidimus
764 621 837 677 te,
858 614 1051 673 Caesar,
1071 610 1256 661 eodem
1290 611 1378 660 die
1404 610 1534 674 [quo

467 693 794 753 consulatum
843 688 1077 752 inieras,]
1118 702 1212 752 pro
1247 686 1535 750 republica,

468 778 526 821 et
551 779 667 820 vota
691 769 974 831 suscipere,
997 773 1053 817 et
1071 766 1314 816 convicta
1336 762 1534 813 dolere.

470 847 573 910 [ita
594 845 729 895 enim
768 844 904 892 liunc
933 845 1099 894 locum
1134 842 1254 890 alibi
1289 837 1535 890 emenda-

472 927 569 990 νῇ]
595 958 609 975 .
636 960 648 975 .
673 958 687 974 .
713 923 948 972 Vidimus
991 928 1064 981 te,
1110 920 1308 980 Ca’sar,
1353 917 1535 966 eodem

471 1002 574 1060 die,
623 1008 680 1051 et
721 1001 771 1049 in
821 999 1105 1049 clarissimo
1152 997 1295 1061 pacis
1337 995 1537 1054 habitu,

471 1079 685 1143 [nempe
708 1077 759 1126 iu
777 1083 899 1140 toga
917 1081 1198 1137 praetexta‚
1220 1073 1436 1137 aliisque
1459 1072 1536 1120 in·

471 1155 699 1219 signibus
720 1152 1066 1217 consulatus‚]
1093 1158 1149 1201 et
1175 1152 1226 1200 in
1254 1149 1538 1214 pulcherri-

468 1247 557 1282 mo
582 1233 792 1281 virtutis
807 1235 1007 1280 ornatu.
1030 1227 1254 1292 [scilicet
1273 1228 1323 1276 iu
1348 1234 1538 1276 ornatu

471 1309 1115 1370 virtutisbellicae,nempe
1131 1306 1181 1355 iu
1203 1303 1539 1369 paludamen-

471 1391 528 1439 to
564 1394 619 1438 et
657 1385 914 1450 tliorace.]
940 1419 954 1434 .
979 1420 992 1436 .
1017 1418 1032 1434 .
1067 1398 1222 1449 quam
1269 1380 1422 1431 facile
1461 1388 1536 1438 tu,

469 1462 771 1529 imperator,
804 1469 977 1526 togam
1018 1467 1323 1525 praetextam
1364 1465 1537 1508 sumto

468 1543 685 1592 thorace
709 1539 921 1590 mutasti
942 1556 958 1600 ;
992 1538 1209 1594 hastam,
1227 1536 1410 1597 ‘posito
1437 1535 1537 1584 sci·

470 1617 648 1682 pione,
670 1615 921 1678 rapuisti3
956 1628 988 1662 a
1011 1613 1258 1662 tribunali
1295 1617 1457 1660 temet
1481 1611 1535 1660 in

469 1707 731 1756 campum.
760 1707 791 1739 a
814 1690 981 1739 curuli
1002 1690 1052 1739 in
1077 1680 1288 1753 equum,
1307 1691 1538 1737 transtu·

470 1770 612 1822 listi?
680 1771 766 1818 De
802 1771 977 1818 colore
1018 1765 1370 1832 paludamenti
1405 1764 1539 1814 dicit

470 1849 589 1898 vai.
612 1849 759 1897 Max.
786 1861 826 1895 1.
849 1851 898 1896 6.
920 1850 1003 1895 11.
1038 1851 1052 1873 ‘
1075 1845 1153 1893 M.
1176 1843 1390 1892 Crassus
1415 1841 1536 1890 duc·

472 1931 622 1975 turus
640 1931 754 1972 erat
777 1938 807 1972 a
825 1921 1029 1972 Carrhis
1048 1919 1296 1971 adversus
1313 1916 1540 1966 Parthos

472 2000 795 2051 exercitum:
833 2001 879 2048 ei
921 1998 1116 2061 pullum
1163 1995 1412 2046 traditum
1454 1997 1539 2041 est

471 2078 929 2142 paludamentum3
964 2090 1080 2126 cum
1112 2075 1163 2123 iu
1188 2072 1423 2138 proelium
1448 2084 1540 2119 ex-

475 2154 718 2203 euntibus
746 2155 936 2214 album,
961 2158 1049 2203 aut
1075 2146 1540 2216 purpureum,dari

470 2229 700 2279 soleret!
724 2229 965 2278 Schmun-z.

541 2304 870 2367 Proetextam]
908 2305 1028 2355 Non
1065 2305 1203 2354 illam
1242 2316 1538 2367 puerorum,

474 2397 576 2447 qua
616 2381 678 2431 ad
707 2382 962 2432 decimum
987 2389 1229 2445 quartum
1254 2393 1415 2442 usque
1449 2392 1539 2426 an-

474 2474 597 2508 num
641 2458 953 2517 utebantur3
990 2455 1081 2504 sed
1119 2461 1428 2519 praetextam
1462 2461 1540 2504 to-

477 2550 614 2599 gam,
639 2548 753 2598 quae
786 2539 840 2583 et
875 2538 1164 2582 senatorum
1196 2539 1345 2592 erat3
1381 2532 1540 2580 iuter·

477 2626 577 2676 que
599 2610 860 2659 senatoria
892 2608 1375 2670 ornamentaipsam
1417 2621 1539 2656 enu-

472 2693 644 2737 merat
668 2686 781 2735 Cic.
803 2699 896 2747 pro
912 2682 1174 2732 Cluentio.
1211 2681 1346 2731 Vide
1362 2680 1542 2747 Bayfi-

475 2782 559 2817 um
586 2766 651 2815 de
676 2766 755 2815 Re
778 2764 930 2813 Vest.
953 2777 1000 2812 c.
1021 2766 1070 2811 9.
1107 2762 1324 2812 Putat-ol.

540 2844 715 2892 Terras
736 2838 937 2889 victoria
957 2836 1118 2902 sequi]
1139 2837 1185 2885 1.
1207 2851 1255 2886 e.
1280 2844 1446 2887 terras
1463 2837 1542 2899 ig·

474 2927 627 2968 notas
650 2918 789 2966 inter
821 2923 1100 2979 perpetuas
1126 2912 1371 2961 victorias
1396 2920 1542 2974 pete-

472 3011 530 3045 re
554 3003 609 3045 et
633 2993 790 3043 adire.
828 2992 1013 3053 Virgil.
1050 2989 1165 3040 AEn.
1186 3004 1237 3040 v.
1255 2993 1373 3039 629.
1399 2989 1415 3018 ⁴
1431 2989 1543 3039 Its·

474 3073 595 3120 liam
620 3069 880 3131 sequimur
895 3066 1203 3136 fugientem,
1222 3072 1277 3115 et
1291 3065 1545 3115 volvimur

476 3147 663 3199 undis!
729 3146 887 3197 Ovid.
929 3147 1071 3194 Fast.
1104 3158 1181 3194 tv.
1207 3149 1320 3194 109.
1365 3144 1545 3194 ‘Rura

478 3223 644 3286 sequi,
666 3220 956 3284 jaculisque
997 3218 1136 3268 feras
1171 3220 1376 3282 agitare
1413 3220 1544 3269 sole·

475 3295 604 3348 bst.’
668 3296 912 3358 Propert.
947 3308 1011 3343 n.
1043 3299 1125 3344 27.
1160 3294 1296 3344 ‘Seu
1321 3294 1543 3357 pedibus

477 3373 702 3424 Parthos
726 3371 1003 3434 sequimur,
1022 3385 1111 3419 seu
1144 3371 1311 3420 classe
1334 3371 1544 3420 Britan·

475 3447 604 3498 uos!
641 3447 754 3498 Cic.
780 3446 843 3495 ad
869 3444 1033 3494 Attic-
1069 3459 1127 3494 x.
1157 3450 1239 3497 18.
1274 3449 1290 3475 ‘
1311 3446 1545 3496 Formias

476 3540 612 3576 nunc
654 3522 948 3588 sequimur.'
1032 3524 1277 3572 Mamert.
1312 3525 1405 3572 cit.
1440 3523 1544 3573 Pa-

476 3618 595 3667 neg.
615 3617 662 3652 c.
678 3606 727 3651 9.
753 3598 901 3651 ‘Jam
923 3599 1112 3649 milites
1130 3600 1284 3649 vestri
1307 3600 1368 3648 ad
1394 3613 1545 3648 ocea-

477 3690 597 3728 num
644 3691 929 3742 pervenere
971 3677 1183 3727 victoris
1206 3691 1222 3737 ς
1242 3675 1256 3697 ’
1290 3676 1376 3725 ubi
1419 3691 1543 3725 vero

476 3755 688 3819 quidam
714 3755 922 3803 codices
955 3754 1087 3802 Mss.
1111 3767 1206 3816 pro
1230 3753 1433 3803 victoria
1453 3752 1543 3801 ha·

480 3831 608 3880 bent
632 3831 849 3880 victores.
871 3830 1131 3879 Schwarz.
1228 3888 1233 3895 ·

541 3906 642 3955 Sua
656 3907 709 3954 iu
726 3906 912 3970 patria]
935 3906 999 3954 In
1014 3903 1204 3953 finibus
1224 3905 1540 3955 Germaniae.

478 3981 738 4043 Intelligit
771 3981 955 4037 Ubios,
978 3981 1227 4040 Batavos,
1261 3988 1316 4031 et
1352 3981 1541 4030 limita-

475 4071 599 4106 neas
644 4071 733 4106 eas
773 4065 973 4120 gentes,
1007 4070 1122 4120 quae
1163 4057 1321 4105 sociae
1365 4058 1534 4120 potius

478 4144 631 4196 quam
646 4132 865 4182 subdite
883 4139 1051 4190 erant,
1067 4140 1154 4181 aut
1172 4132 1343 4183 dubiae
1368 4133 1540 4184 adhuc

478 4209 618 4260 fidei.
638 4206 774 4272 Lips.
1040 4198 1048 4207 ⁴
1309 4198 1313 4203 ⁴

543 4286 606 4334 In
627 4299 739 4343 rura
759 4284 868 4347 sua]
890 4285 1025 4335 Vide
1052 4286 1172 4337 Val.
1197 4286 1342 4336 Max.
1382 4300 1459 4337 tv.
1489 4291 1543 4338 4.

1166 387 1387 439 NOTAE
1433 380 1847 435 vAmoRtJM
1901 370 1979 431 IN

1612 534 1662 579 6.
1684 533 1734 579 6.
1758 528 1911 577 Ber-n.

1675 599 2055 664 Decorasoecies]
2077 598 2317 660 Librarii,
2340 597 2390 646 iu
2412 595 2681 651 codicibus

1611 680 1758 729 Vatt.
1781 681 1929 728 3461.
1957 681 2098 727 1475.
2120 684 2176 725 et
2201 679 2345 725 1776.
2365 674 2492 723 item
2510 675 2562 722 iu
2579 674 2681 722 Ve-

1610 760 1777 806 net-2.
1795 755 1846 803 in
1867 753 2354 817 Guelpherbytano,
2368 757 2422 800 et
2440 764 2577 806 meo,
2603 751 2679 797 in·

1609 840 1734 896 epte
1765 831 2085 894 scripserunt
2107 830 2187 879 De
2221 843 2313 891 quo
2333 827 2512 886 facies.
2580 826 2682 875 Ea·

1611 911 1730 959 dem
1757 908 1915 959 lectio
1937 907 2095 956 etiam
2119 905 2169 953 iu
2202 904 2385 954 codice.
2414 902 2676 953 Salisbur·

1613 985 1758 1050 gensi
1783 999 1814 1033 a
1837 984 2006 1048 prima
2028 996 2181 1030 manu
2197 981 2394 1043 scripta
2408 988 2527 1027 erat
2554 993 2568 1032 ;
2591 976 2676 1027 cui

1612 1061 1801 1112 deiude
1827 1061 1891 1109 ab
1927 1060 2026 1113 elia
2063 1072 2215 1106 mauu
2251 1057 2556 1123 appositum
2583 1058 2682 1109 est,

1610 1140 1628 1169 ‘
1649 1140 1718 1189 al.
1752 1139 1941 1188 Desara
1987 1133 2181 1195 socies-⁹
2261 1133 2326 1183 Iu
2368 1129 2682 1197 quibusdam

1612 1215 1875 1266 codicibus
1900 1215 1978 1262 hae
2003 1226 2176 1268 voces,
2194 1211 2381 1261 Decora
2388 1209 2555 1269 facies
2573 1221 2684 1256 con·

1609 1294 1748 1354 sulis,
1784 1293 1859 1342 ita
1894 1292 2354 1354 interpunguntur,
2395 1293 2455 1335 ut
2495 1294 2682 1334 nomeu

1610 1371 1813 1421 consulis
1836 1369 1902 1418 ad
1924 1364 2245 1416 antecedens
2270 1376 2477 1417 nomen,
2502 1360 2687 1422 facies,

1612 1445 1886 1497 referatur.
1952 1443 2118 1493 Immo
2156 1438 2506 1502 Cuspinianus
2555 1436 2682 1485 illud

1613 1539 1797 1575 nomen
1822 1520 2048 1580 consulis,
2068 1516 2295 1568 hocloco
2313 1515 2584 1574 omissum,
2602 1526 2684 1561 re-

1610 1602 1785 1667 posuit
1810 1606 1930 1651 ante
1964 1595 2268 1647 vocabulum
2288 1592 2501 1642 tribunal
2520 1607 2540 1648 ‚·
2563 1605 2683 1656 quas

1611 1680 1888 1734 collocatio
1911 1679 2039 1728 mire
2059 1677 2250 1739 placet.
2317 1671 2588 1727 Ceterum,
2609 1669 2688 1718 sic

1610 1760 1782 1810 Tacit.
1805 1758 1947 1807 Hist.
1963 1768 2025 1805 11.
2049 1757 2128 1803 89.
2150 1751 2234 1800 ubi
2253 1746 2502 1797 describit
2520 1747 2688 1795 iutro-

1613 1838 1742 1888 itum
1766 1833 1965 1885 Vitellii
2001 1832 2055 1880 in
2081 1829 2293 1878 urbem:
2331 1827 2349 1854 ⁶
2366 1827 2576 1874 Decora
2606 1819 2683 1870 fa-

1613 1914 1743 1975 cies,
1778 1917 1834 1962 et
1858 1924 1955 1960 nou
1980 1906 2193 1957 Vitellio
2217 1902 2458 1966 principe
2493 1898 2682 1963 dignus

1616 1989 1905 2041 exercitus!
1926 1985 1940 2009 '
1966 1985 2221 2035 Schwarz.

1679 2069 1802 2118 Post
1825 2061 2025 2126 soecula]
2048 2061 2153 2110 Vix
2185 2059 2236 2110 iu
2275 2055 2574 2121 principatu
2609 2053 2687 2103 vi-

1615 2159 1748 2196 sum.
1772 2142 1909 2206 Lips.

1682 2215 1934 2280 Tribuual]
1988 2216 2052 2266 In
2087 2227 2191 2279 quo
2231 2210 2413 2262 consul
2457 2207 2690 2270 sederet,

1615 2298 1854 2366 querelas
1879 2293 2219 2353 audiretsaut
2241 2301 2445 2353 preces.
2474 2287 2630 2334 Idem,

1686 2372 1900 2435 Cespite]
1941 2370 2110 2419 Plane
2153 2374 2250 2429 pro
2302 2377 2445 2413 more
2495 2362 2688 2424 prisco.

1618 2451 1736 2503 Nec
1760 2449 1896 2498 enim
1923 2462 1952 2496 e
1975 2444 2153 2508 lapide
2176 2447 2267 2492 aut
2289 2441 2433 2504 ligno
2470 2451 2688 2502 sugges·

1619 2535 1726 2577 tum
1769 2525 1908 2573 bunc
1943 2523 1995 2570 iu
2034 2519 2220 2571 castris
2258 2516 2559 2576 struebant,
2594 2512 2689 2565 sed

1617 2601 1829 2653 militari
1854 2609 1908 2649 et
1945 2597 2061 2664 rudi
2085 2608 2263 2659 opere,
2287 2607 2317 2642 e
2341 2600 2504 2643 terra.
2576 2591 2689 2641 No·

1617 2681 1722 2731 tavi
1747 2686 1800 2728 et
1823 2676 2020 2727 firmavi
2047 2676 2190 2736 satis,
2210 2672 2273 2721 ad
2294 2671 2470 2721 Taciti
2499 2667 2695 2719 Annal.

1618 2770 1659 2805 1.
1699 2753 1889 2809 verbis,
1923 2754 1938 2781 ‘
1959 2749 2121 2800 Simul
2148 2752 2405 2810 aggerunt
2439 2744 2690 2809 cespites,

1618 2824 2218 2881 construunt-tribunal?
2242 2824 2389 2873 Idem.

1691 2906 1854 2958 Vir-idi
1874 2903 2077 2968 cespite]
2097 2901 2292 2951 Statius
2315 2900 2367 2951 in
2393 2899 2524 2948 Silv.
2551 2898 2566 2925 ‘
2584 2896 2688 2947 Hic

1617 2991 1797 3035 suetus
1821 2981 1947 3030 dare
1971 2978 2092 3041 jura
2119 2990 2327 3040 parens,
2349 2976 2446 3024 boc
2480 2973 2689 3036 cespite

1619 3066 1812 3111 turmas
1835 3054 2055 3107 Adfari.’
2124 3055 2298 3104 Notat
2318 3058 2494 3102 autem
2522 3051 2689 3099 tribu·

1619 3143 1705 3192 nal
1749 3136 2140 3203 imperatorium
2185 3134 2238 3182 in
2292 3132 2502 3196 castris,
2547 3124 2691 3195 quod

1619 3223 1735 3268 erat
1758 3215 2086 3279 cespiticum.
2108 3212 2262 3261 Ber-u.

1705 3292 1922 3356 Cespite]
1967 3290 2087 3340 Nou
2132 3288 2270 3338 enim
2313 3299 2344 3334 e
2380 3283 2559 3348 lapide
2602 3278 2693 3333 aul:

1619 3371 1761 3435 ligno
1784 3372 2084 3432 suggestum
2105 3365 2243 3415 bunc
2262 3365 2314 3414 iu
2339 3362 2528 3412 castris
2554 3369 2694 3411 stru·

1626 3447 1805 3510 ebant,
1838 3443 1929 3494 sed
1953 3441 2161 3492 militari
2192 3447 2249 3490 et
2285 3440 2401 3488 rudi
2441 3453 2627 3501 opere,
2664 3450 2695 3487 e

1623 3531 1782 3579 terra,
1807 3527 1865 3570 ut
1888 3519 1962 3568 ait
1985 3517 2213 3580 Lipsius.
2283 3511 2697 3566 Annotarelicet

1619 3600 1719 3648 hoc
1741 3612 1806 3646 ex
1823 3595 2030 3657 Tacito,
2056 3592 2241 3642 Annal.
2257 3605 2296 3641 r.
2309 3595 2392 3641 18.
2408 3590 2494 3654 cuj
2504 3605 2562 3639 us
2580 3603 2694 3639 ver·

1621 3675 1688 3722 ba
1709 3673 1774 3721 de
1791 3670 2042 3720 militibus
2057 3670 2108 3717 iu
2127 3668 2395 3719 Pannonia
2411 3668 2696 3717 tumultum

1618 3748 1944 3813 agentibus:
1991 3745 2008 3773 ‘
2035 3744 2198 3794 Simul
2238 3749 2538 3806 congerunt
2583 3757 2695 3792 ces·

1620 3827 1776 3890 pites‚
1798 3828 2080 3874 exstruunt
2113 3821 2363 3882 tribunal,
2382 3834 2485 3884 quo
2527 3822 2696 3883 magis

1619 3901 1899 3965 conspicua
1942 3900 2092 3948 sedes
2145 3897 2323 3948 foret-⁹
2411 3898 2484 3947 Et
2520 3898 2698 3960 paullo

1617 3986 1757 4044 post,
1794 3977 1810 4006 ⁴
1829 3974 2203 4040 Aggerebatur
2216 3973 2378 4022 nihilo
2396 3973 2568 4022 minus
2586 3987 2700 4022 ces-

1618 4072 1731 4122 pes,
1760 4055 1978 4119 jamque
2002 4052 2209 4117 pectori
2247 4065 2413 4115 usque
2446 4050 2694 4101 accreve-

1616 4132 1737 4181 rat.'
1801 4133 1846 4180 E
1878 4130 2081 4194 cespite
2116 4128 2316 4191 pariter
2350 4126 2696 4190 imperatores

1615 4209 1806 4258 milites
1836 4218 1954 4256 suos
1995 4204 2418 4270 alloquebantur,
2443 4218 2550 4268 quo
2587 4217 2691 4252 ms·

1616 4287 1695 4350 gis
1726 4282 1992 4350 conspicui
2015 4288 2198 4333 esseut
2219 4280 2476 4340 omuibus,
2513 4287 2568 4330 et
2605 4294 2692 4330 su·
