3017 4942
802 422 868 471 c.
914 419 1158 473 rainu
1207 420 1541 473 suenum
1592 420 1870 475 ransc.
1947 405 2141 474 1.92.

371 565 505 617 vatis
558 564 1013 628 annumerabatur.
1080 566 1220 618 Plin.
1270 566 1443 631 Epist.

371 657 436 693 u.
457 647 509 693 1.
531 643 598 693 de
616 644 853 706 virginio
881 643 1021 694 Rufo
1040 660 1057 693 ε
1092 646 1109 673 ‘
1126 642 1443 694 Perfunctus

372 727 457 769 est
482 719 641 769 tertio
664 720 953 776 consulatu,
975 726 1034 770 ut
1057 733 1310 769 summum
1340 718 1441 769 fas·

369 795 555 859 tigium
581 795 770 860 privati
793 795 1014 845 hominis
1037 795 1301 859 impleret,
1324 809 1442 846 cum

373 871 625 936 principis
648 869 934 921 noluisset.'
988 869 1286 934 Aliquando
1306 870 1322 897 ‘
1338 870 1443 935 pri·

371 946 583 999 vatum'
615 948 896 1012 opponitur
934 947 1167 1012 publico,
1207 955 1263 997 et
1305 947 1443 1011 ‘pri-

369 1023 515 1074 vati'
557 1023 824 1086 dicuntur,
865 1025 953 1089 qui
995 1025 1107 1074 sine
1140 1024 1445 1089 magistratu

367 1106 526 1162 sunt;
560 1101 636 1150 uti
670 1100 768 1151 hoc
804 1101 937 1164 loco,
959 1100 1047 1150 ubi
1082 1100 1332 1164 Trajanus
1367 1101 1444 1151 di·

369 1177 511 1227 citur
541 1177 764 1227 noluisse
793 1177 1021 1227 Plinium
1051 1184 1111 1228 et
1137 1178 1445 1242 Cornutum,

368 1260 493 1316 post
526 1253 807 1303 maximum
844 1252 1071 1305 officium
1112 1254 1441 1320 praefecturae

371 1329 560 1387 aerarii,
592 1344 691 1379 esse
717 1329 935 1393 privatos
946 1346 968 1390 ,·
1001 1330 1125 1395 quia
1149 1333 1201 1380 in
1226 1330 1442 1395 prefec-

368 1411 493 1456 tura
516 1407 707 1468 aerarii,
726 1412 782 1456 et
803 1406 855 1455 in
876 1408 1172 1470 consulatu,
1203 1421 1307 1457 non
1329 1406 1442 1459 fue·

370 1482 476 1532 rint
513 1482 755 1546 privam,
792 1483 881 1533 sed
920 1482 1146 1547 publicas
1187 1498 1442 1548 personae.

369 1557 494 1609 Hoc
548 1558 700 1609 modo
756 1566 812 1609 et
867 1569 1136 1623 respectu,
1182 1564 1442 1626 consules,

368 1641 644 1700 praetores,
667 1634 928 1700 praefecu,
952 1636 1145 1700 aliique
1176 1638 1437 1701 magistra·

369 1719 473 1769 tus,
509 1726 611 1761 non
651 1712 790 1762 inter
826 1713 1051 1776 privatos
1081 1714 1438 1778 habebantur;

367 1789 525 1838 immo
547 1804 717 1853 neque
750 1790 987 1839 consules
1009 1788 1286 1855 designati.
1352 1789 1440 1838 Sic

366 1864 580 1916 Tacitus
631 1866 905 1930 aliquoties
942 1866 1175 1931 privatos
1220 1865 1442 1930 opponit

366 1943 799 2008 magistratibns3
849 1958 899 1993 v.
945 1960 993 2009 g.
1037 1945 1230 1996 Annal.
1275 1958 1351 1994 vr.
1392 1948 1443 1993 2.

366 2019 545 2071 ‘Quos
583 2020 740 2084 deligi
778 2022 968 2083 posse?
1013 2036 1290 2087 semperne
1328 2036 1440 2072 eos·

289 2097 302 2110 '
367 2098 505 2154 dem,
541 2112 607 2147 an
644 2098 866 2148 subinde
897 2099 1061 2149 alios?
1084 2107 1139 2150 et
1160 2101 1441 2150 honoribus

366 2168 689 2238 perfunctos,
716 2189 781 2224 an
808 2174 1068 2238 juvenes?
1097 2177 1351 2241 privatos,
1374 2191 1441 2226 an

367 2268 397 2303 e
432 2253 822 2314 magistratibus
840 2253 878 2302 θ’
931 2254 1080 2304 Idem
1118 2254 1306 2306 Annal.
1343 2270 1454 2307 xv..

366 2334 450 2380 21.
483 2333 498 2356 ⁸
517 2330 655 2379 Olim
678 2329 887 2394 quidem
912 2345 1014 2379 non
1045 2332 1200 2381 modo
1224 2338 1443 2397 praetor,

364 2413 456 2456 aut
476 2407 684 2468 consul;
719 2407 810 2455 sed
849 2408 1038 2470 privati
1073 2410 1230 2458 etiam
1263 2411 1439 2459 mitte-

337 2483 578 2546 ·bantur,
610 2484 699 2548 qui
744 2484 1037 2548 provincias
1077 2485 1341 2537 viserent!
1388 2486 1441 2536 1-

431 2636 661 2686 Privatos
680 2637 804 2702 esse]
829 2637 949 2688 Non
972 2638 1110 2703 quod
1128 2654 1186 2689 re
1206 2653 1332 2689 vera
1349 2638 1440 2689 de·

363 2714 557 2777 signati
582 2717 915 2777 magistratus
939 2718 1067 2777 sint,
1085 2716 1176 2765 sed
1192 2716 1440 2782 quodam·

365 2791 540 2854 modo,
586 2798 643 2841 et
685 2791 811 2856 quia
852 2790 1129 2856 dignitatis
1175 2806 1281 2843 suae
1325 2791 1439 2856 jam

364 2866 537 2915 securi
560 2874 614 2916 et
638 2868 790 2917 certi.
821 2868 964 2931 Lips-

431 2943 651 2992 Eundem
668 2942 723 2991 in
744 2942 945 3004 anum]
980 2943 1123 2993 Nihil
1149 2943 1318 3007 deest,
1341 2958 1441 2995 nec

362 3025 533 3069 muto.
600 3018 836 3068 Eundem
860 3018 914 3068 in
938 3033 1150 3076 annum,
1170 3035 1362 3086 nempe
1387 3021 1438 3071 in

364 3112 519 3163 quem
547 3104 692 3149 tuum
718 3098 1005 3150 contulisti.
1039 3100 1190 3150 Idem.

433 3177 652 3226 Eundem
704 3176 759 3226 in
811 3175 1012 3239 annum]
1041 3176 1296 3226 Mendum
1356 3182 1441 3226 est

362 3259 580 3315 aperte3
615 3266 732 3300 nam
776 3265 965 3314 urgere
1006 3251 1258 3314 Plinium,
1297 3252 1436 3317 qnod

363 3341 430 3377 eo
471 3341 604 3376 anno
646 3328 971 3377 consulatum
1018 3326 1284 3389 gessisset,
1336 3342 1438 3391 quo

361 3404 654 3455 ordinarius
672 3405 850 3455 consul
866 3404 1438 3469 Trajanus‚perspicue

361 3481 640 3545 sequentia
686 3479 898 3535 docent.
964 3482 1037 3530 Et
1081 3481 1274 3546 alioqui
1322 3481 1438 3546 jam

362 3557 588 3617 dixerat,
634 3557 650 3584 ‘
678 3555 814 3618 quod
850 3569 947 3605 nos
994 3570 1169 3605 rursus
1208 3557 1438 3620 collegas

363 3647 476 3683 esse
524 3629 769 3681 voluisti!
838 3630 1057 3689 Rursus,
1108 3631 1159 3679 id
1206 3639 1307 3688 est.
1353 3631 1436 3681 ‘in

361 3709 657 3763 consulatu,
678 3715 735 3757 ut
755 3708 807 3756 in
828 3715 1056 3770 praetura
1072 3707 1243 3757 aerarii
1263 3706 1440 3771 prins.'

363 3789 557 3851 Itaque
580 3793 713 3836 tuum
737 3791 832 3849 pr'o
860 3788 1056 3835 eundem
1090 3799 1438 3848 reposueram,

361 3865 498 3915 bene
520 3865 587 3915 ad
612 3871 838 3915 mentem
861 3871 918 3914 et
934 3865 1268 3914 sententiam.
1334 3864 1437 3913 Sed

362 3942 572 4006 plenius
609 3948 663 3992 et
701 3941 1046 4003 emendatius,
1075 3942 1278 4006 opinor,
1298 3942 1436 4005 apud

363 4018 690 4079 onuphrium
736 4031 907 4081 nuper
951 4017 1338 4069 Commentario
1384 4020 1436 4070 in

361 4110 403 4146 1.
438 4097 711 4145 Fastorum
733 4096 998 4157 scriptun
1025 4096 1221 4159 reperi,
1242 4097 1439 4145 eunden·

361 4172 417 4220 in
471 4185 648 4219 annum
700 4171 971 4219 consulatus
1028 4170 1105 4218 tui
1147 4172 1439 4221 consulatum

359 4252 576 4297 nostrum
596 4248 773 4296 contul.
818 4244 975 4296 Quod
999 4260 1205 4310 sequor.
1238 4247 1418 4297 Livim

431 4324 650 4377 Eundem
688 4323 743 4372 in
782 4321 982 4386 annum]
1034 4321 1097 4372 In
1121 4337 1224 4389 quo
1268 4331 1434 4391 tunm,

2415 407 2589 477 1079

1518 567 1730 618 tertium
1783 581 1991 632 nempe,
2034 566 2357 618 consulatum
2414 567 2589 631 geris;

1518 644 1658 708 quod
1682 644 1961 709 conjicitur
1992 658 2058 695 ex
2093 658 2176 709 eo,
2196 644 2318 712 quia
2343 644 2498 694 electi
2522 643 2590 693 ad

1520 719 1886 784 proefectnram
1931 736 1963 770 a
2005 720 2188 770 Nerva
2232 720 2453 770 eandem
2496 735 2593 784 per

1518 796 1788 847 biennium
1820 796 2033 848 circiter
2060 794 2436 859 obtinuerunt3
2473 809 2592 846 curn

1520 874 1658 924 enim
1683 874 1862 925 Nerva
1885 887 1986 924 uno
2021 879 2226 923 tantum
2260 886 2394 922 auno
2430 872 2593 938 impe-

1519 952 1735 1009 raverit,
1771 950 2028 1016 sequitur,
2052 955 2110 1000 ut
2134 949 2391 1000 secundus
2413 963 2593 999 eorum

1520 1026 1851 1091 praefecturae
1877 1041 2040 1077 annus
2072 1027 2126 1077 in
2157 1026 2442 1077 secundum
2464 1028 2594 1077 Tra·

1507 1103 1623 1168 jani
1644 1104 1848 1168 imperii
1873 1103 2135 1167 inciderit,
2157 1104 2210 1153 in
2233 1118 2387 1169 quem
2407 1104 2595 1154 incidit

1519 1188 1575 1230 et
1601 1181 1785 1230 tertius
1803 1180 2252 1243 ejus,consulatus.
2273 1185 2333 1231 nt
2356 1187 2503 1245 patet
2524 1195 2593 1251 ‘’a'‘

1519 1255 1711 1307 Fastis.
1744 1258 1968 1308 Patorol.

1585 1338 1807 1389 Eundem
1845 1338 1900 1387 in
1940 1351 2118 1387 aunum
2153 1337 2444 1386 consulatum
2483 1351 2593 1387 uos·

1518 1416 1650 1462 trum
1690 1412 1961 1475 contulisti]
2013 1413 2244 1476 Nempe,
2284 1412 2336 1461 in
2382 1426 2483 1476 quo
2533 1419 2591 1462 tu

1522 1504 1617 1552 per
1637 1496 1860 1555 qiiatuor
1890 1489 2089 1553 priores
2121 1501 2323 1538 menses
2351 1489 2592 1538 consula·

1519 1571 1629 1614 tum
1667 1564 1984 1615 ordinarium
2024 1562 2255 1628 gessisti.
2323 1563 2592 1613 Livineius

1520 1653 1617 1703 pro
1642 1655 1769 1690 voce
1793 1641 1992 1690 eundem
2027 1639 2381 1703 reponendum
2414 1639 2593 1689 existi-

1519 1718 1683 1767 mavit
1707 1722 1856 1766 tuum.
1916 1716 2221 1780 Quanquam
2245 1717 2358 1765 haec
2382 1724 2593 1765 senten-

1521 1793 1596 1842 tia
1627 1793 1784 1843 etiam
1823 1793 1924 1842 hoc
1962 1790 2116 1842 modo
2153 1791 2355 1854 expleri
2395 1797 2595 1855 posset,

1519 1871 1719 1919 eundem
1748 1870 1801 1918 in
1835 1883 2010 1918 annum
2045 1870 2338 1918 consulatum
2375 1874 2507 1918 tuum
2542 1875 2592 1918 et

1519 1951 1735 1995 nostrum
1767 1944 2030 1994 contulisti.
2096 1942 2283 2000 Immo,
2305 1943 2490 1993 melius
2513 1944 2592 1996 O·

1520 2021 1772 2085 nuplirius
1795 2020 2081 2070 Panvinius
2105 2021 2250 2070 Fast.
2274 2034 2317 2072 1.
2351 2035 2405 2084 p.
2426 2025 2476 2070 7.
2502 2019 2591 2085 qui

1518 2097 1689 2147 locum
1725 2096 1865 2145 hunc
1901 2095 2127 2145 fortasse
2159 2110 2225 2144 ex
2249 2095 2432 2146 codice
2468 2110 2594 2159 quo·

1518 2174 1637 2223 dam
1673 2181 1881 2224 vetusto
1916 2179 2061 2224 certe
2092 2181 2216 2238 apte
2255 2174 2594 2237 completum,

1518 2251 1814 2302 excitavit:
1850 2252 2012 2307 Quid?
2044 2254 2169 2314 quod
2191 2252 2386 2300 eundem
2416 2251 2472 2299 in
2504 2265 2595 2300 un-

1518 2343 1633 2377 num
1683 2329 1971 2378 consulatus·
2008 2329 2083 2377 tui
2135 2328 2430 2377 consulatum
2485 2340 2595 2374 nos-

1519 2409 1648 2454 trum
1686 2404 1948 2455 contulisti.
2008 2405 2129 2454 Non
2169 2403 2385 2467 indigna
2420 2403 2594 2452 Plinio

1520 2482 1643 2530 mihi
1696 2482 1802 2530 visa
1855 2486 1940 2530 est
1993 2479 2106 2529 haec
2161 2479 2322 2529 lectio
2351 2494 2369 2540 ς
2437 2492 2594 2542 quiam

1521 2563 1695 2606 tamen
1725 2554 1950 2607 necdum
1986 2554 2039 2603 in
2076 2561 2380 2605 contextum
2403 2553 2595 2602 oratio·

1517 2634 1600 2683 nis
1624 2634 1820 2697 recepi,
1844 2647 1961 2682 cum
1998 2633 2053 2681 in
2083 2632 2236 2682 nullis
2270 2629 2478 2695 scriptis
2502 2644 2593 2679 ex-

1520 2711 1758 2775 cusisque
1780 2707 2162 2772 libriealicujus
2189 2708 2456 2758 varietatis
2480 2720 2594 2756 ves-

1522 2788 1643 2850 tigia
1661 2784 2115 2850 deprehenderim.
2169 2784 2343 2832 Etiam
2365 2783 2591 2847 Lipsius,

1518 2862 1849 2918 Arntzenius,
1871 2861 2159 2920 Gesnerus,
2198 2858 2325 2908 nihil
2361 2858 2448 2909 hic
2479 2874 2592 2909 mu-

1518 2940 1735 2992 tandum
1756 2943 2091 2988 censuerunt.
2123 2934 2372 2986 Schwarz.

1586 3018 1699 3066 Non
1736 3014 1834 3065 alia
1872 3029 1959 3063 nos
1997 3012 2207 3078 pagina]
2241 3013 2595 3076 Ξυνεκδοχικῶε

1511 3090 1694 3156 pagina
1712 3091 1800 3141 liic
1826 3089 2047 3140 sumitur
2080 3103 2175 3153 pro
2205 3088 2438 3151 ‘fastis3'
2467 3091 2594 3154 quia

1517 3168 1726 3218 nomina
1796 3167 2064 3217 consulum
2118 3163 2482 3215 referebantur
2537 3166 2593 3214 in

1517 3245 1734 3308 paginas
1754 3241 2024 3292 fastorum.
2080 3241 2321 3291 Valerius
2346 3241 2492 3292 Max.
2510 3255 2592 3291 vt.

1515 3324 1565 3370 9.
1591 3324 1670 3370 14.
1719 3327 1736 3350 ⁴
1754 3318 1917 3383 Cujus
1942 3316 2101 3368 Marii
2124 3326 2330 3382 septem
2352 3318 2404 3367 in
2439 3316 2592 3369 fastis

1516 3397 1813 3447 consulatus
1852 3394 2136 3461 leguntur)
2202 3394 2343 3446 Hinc
2380 3395 2492 3445 Cic.
2522 3395 2591 3445 de

1516 3472 1767 3530 Domitio,
1793 3472 1877 3536 qui
1917 3471 2034 3521 fieri
2070 3472 2252 3521 consul
2280 3470 2513 3528 volebat,
2533 3477 2592 3521 et

1516 3565 1617 3599 non
1636 3555 1864 3614 poterat,
1883 3547 2048 3599 Attic.
2072 3560 2151 3598 ιν.
2175 3552 2227 3598 8.
2247 3554 2400 3597 vocat
2431 3553 2448 3577 ‘
2465 3561 2587 3597 con·

1515 3627 1682 3676 sulum
1728 3622 2046 3688 paginulas?
2098 3629 2115 3653 ‘
2154 3624 2229 3674 Ut
2273 3637 2377 3672 non
2410 3623 2588 3685 minus

1515 3702 1694 3766 longas
1711 3703 1822 3766 Jam
1849 3702 1904 3750 in
1933 3699 2292 3749 codicillorum
2318 3697 2472 3750 fastis
2506 3699 2590 3750 fu-

1517 3787 1749 3845 turorum
1772 3777 2039 3827 consulum
2078 3775 2352 3840 paginulas
2375 3774 2591 3841 habeat,

1515 3869 1666 3921 quain
1690 3852 1986 3904 factorum!
2052 3854 2123 3902 Et
2146 3852 2261 3903 Liv.
2284 3866 2367 3902 lx.
2400 3855 2479 3901 18.
2511 3851 2590 3900 in.

1515 3941 1667 3996 tegre
1724 3931 1957 3995 appellat
1990 3930 2240 3994 ‘paginas
2284 3927 2538 3979 fastorum
2558 3928 2615 3983 ε’,

1513 4015 1530 4039 ⁴
1546 4006 1806 4073 Paginas‚’
1838 4004 2027 4069 inquit,
2077 4012 2094 4036 ‘
2110 4005 2162 4053 in
2186 4004 2457 4054 annalibus
2482 4004 2590 4055 fas·

1518 4085 1681 4149 tisque
1704 4096 2011 4148 percurrere
2032 4080 2155 4130 licet
2173 4082 2459 4139 consulum,
2479 4081 2588 4134 dic-

1514 4167 1865 4225 tatorumque,
1880 4172 2098 4222 quorum
2123 4172 2218 4207 nec
2239 4157 2467 4221 virtutis,
2486 4173 2586 4209 nec

1512 4239 1756 4296 fortuuae,
1781 4238 1888 4287 ullo
1911 4235 1998 4285 die
2022 4236 2267 4300 populum
2292 4235 2585 4287 Romanum

1512 4313 1798 4384 poenituit!
1840 4316 2083 4381 Τροπικῶς
2100 4321 2272 4369 autem
2288 4318 2472 4380 pagina
2493 4317 2587 4369 ali-
