<?xml version="1.0" encoding="UTF-8"?>
<!DOCTYPE html PUBLIC "-//W3C//DTD XHTML 1.0 Transitional//EN"
    "http://www.w3.org/TR/xhtml1/DTD/xhtml1-transitional.dtd">
<html xmlns="http://www.w3.org/1999/xhtml" xml:lang="en" lang="en">
 <head>
  <title>
</title>
<meta http-equiv="Content-Type" content="text/html;charset=utf-8" />
  <meta name='ocr-system' content='tesseract 3.04.00' />
  <meta name='ocr-capabilities' content='ocr_page ocr_carea ocr_par ocr_line ocrx_word'/>
</head>
<body>
  <div class='ocr_page' id='page_1' title='image "./panegyriciveter01unkngoog_0667.png"; bbox 0 0 3017 4942; ppageno 0'>
   <div class='ocr_carea' id='block_1_1' title="bbox 822 352 2174 421">
    <p class='ocr_par' dir='ltr' id='par_1_1' title="bbox 822 352 2174 451">
     <span class='ocr_line' id='line_1_1' title="bbox 822 352 2174 421; baseline 0.001 -3"><span class='ocrx_word' id='word_1_1' title='bbox 822 369 893 418; x_wconf 84' lang='lat' dir='ltr'>c.</span> <span class='ocrx_word' id='word_1_2' title='bbox 939 365 1186 417; x_wconf 71' lang='lat' dir='ltr'>enum</span> <span class='ocrx_word' id='word_1_3' title='bbox 1236 363 1571 417; x_wconf 68' lang='lat' dir='ltr'>suenum</span> <span class='ocrx_word' id='word_1_4' title='bbox 1622 365 1897 418; x_wconf 60' lang='lat' dir='ltr'>ranno.</span> <span class='ocrx_word' id='word_1_5' title='bbox 1974 370 2023 418; x_wconf 84' lang='lat'>1.</span> <span class='ocrx_word' id='word_1_6' title='bbox 2065 352 2174 421; x_wconf 88' lang='grc'>86.</span> 
     </span>
    </p>
   </div>
   <div class='ocr_carea' id='block_1_2' title="bbox 381 512 1500 731">
    <p class='ocr_par' dir='ltr' id='par_1_2' title="bbox 381 512 1500 731">
     <span class='ocr_line' id='line_1_2' title="bbox 385 512 1448 579; baseline -0.001 -15"><span class='ocrx_word' id='word_1_7' title='bbox 385 513 551 564; x_wconf 74' lang='lat' dir='ltr'>mlta</span> <span class='ocrx_word' id='word_1_8' title='bbox 593 513 833 579; x_wconf 74' lang='lat' dir='ltr'>querenti</span> <span class='ocrx_word' id='word_1_9' title='bbox 872 512 1160 578; x_wconf 74' lang='lat' dir='ltr'>Amplexus</span> <span class='ocrx_word' id='word_1_10' title='bbox 1204 519 1259 564; x_wconf 86' lang='lat' dir='ltr'>et</span> <span class='ocrx_word' id='word_1_11' title='bbox 1295 527 1448 578; x_wconf 84' lang='lat' dir='ltr'>opem</span> 
     </span>
     <span class='ocr_line' id='line_1_3' title="bbox 386 588 1500 655; baseline -0.001 -14"><span class='ocrx_word' id='word_1_12' title='bbox 386 590 549 642; x_wconf 87' lang='lat' dir='ltr'>tulit.&#39;</span> <span class='ocrx_word' id='word_1_13' title='bbox 615 592 731 641; x_wconf 78' lang='lat' dir='ltr'>Liv.</span> <span class='ocrx_word' id='word_1_14' title='bbox 756 605 795 641; x_wconf 86' lang='grc' dir='ltr'>ι.</span> <span class='ocrx_word' id='word_1_15' title='bbox 818 595 900 642; x_wconf 76' lang='grc'>56.</span> <span class='ocrx_word' id='word_1_16' title='bbox 932 595 949 620; x_wconf 76' lang='lat'><em>‘</em></span> <span class='ocrx_word' id='word_1_17' title='bbox 973 590 1075 643; x_wconf 81' lang='lat' dir='ltr'>Qui</span> <span class='ocrx_word' id='word_1_18' title='bbox 1098 596 1319 640; x_wconf 81' lang='lat' dir='ltr'>vestrum</span> <span class='ocrx_word' id='word_1_19' title='bbox 1343 592 1448 655; x_wconf 85' lang='lat' dir='ltr'>pri·</span> <span class='ocrx_word' id='word_1_20' title='bbox 1489 588 1500 599; x_wconf 77' lang='grc'><strong>“</strong></span> 
     </span>
     <span class='ocr_line' id='line_1_4' title="bbox 381 666 1447 731; baseline 0.001 -16"><span class='ocrx_word' id='word_1_21' title='bbox 381 680 516 724; x_wconf 75' lang='lat' dir='ltr'>mus,</span> <span class='ocrx_word' id='word_1_22' title='bbox 551 667 842 731; x_wconf 82' lang='lat' dir='ltr'>ojuvenes,</span> <span class='ocrx_word' id='word_1_23' title='bbox 863 668 1099 717; x_wconf 83' lang='lat' dir='ltr'>osculum</span> <span class='ocrx_word' id='word_1_24' title='bbox 1133 666 1286 717; x_wconf 84' lang='lat' dir='ltr'>matri</span> <span class='ocrx_word' id='word_1_25' title='bbox 1312 667 1447 717; x_wconf 81' lang='lat' dir='ltr'>tule-</span> 
     </span>
    </p>
   </div>
   <div class='ocr_carea' id='block_1_3' title="bbox 356 743 1444 1811">
    <p class='ocr_par' dir='ltr' id='par_1_3' title="bbox 356 743 1444 1811">
     <span class='ocr_line' id='line_1_5' title="bbox 381 743 1444 809; baseline 0.003 -17"><span class='ocrx_word' id='word_1_26' title='bbox 381 743 486 794; x_wconf 73' lang='lat' dir='ltr'>rit-⁹</span> <span class='ocrx_word' id='word_1_27' title='bbox 525 744 797 796; x_wconf 77' lang='lat' dir='ltr'>Assentior</span> <span class='ocrx_word' id='word_1_28' title='bbox 818 751 993 796; x_wconf 81' lang='lat' dir='ltr'>tamen</span> <span class='ocrx_word' id='word_1_29' title='bbox 1016 743 1322 809; x_wconf 77' lang='lat' dir='ltr'>Arntzenlo,</span> <span class='ocrx_word' id='word_1_30' title='bbox 1338 751 1444 796; x_wconf 76' lang='lat' dir='ltr'>trs·</span> 
     </span>
     <span class='ocr_line' id='line_1_6' title="bbox 377 820 1443 887; baseline 0.003 -17"><span class='ocrx_word' id='word_1_31' title='bbox 377 820 551 885; x_wconf 79' lang='lat' dir='ltr'>denti,</span> <span class='ocrx_word' id='word_1_32' title='bbox 582 822 853 887; x_wconf 78' lang='lat' dir='ltr'>probabile</span> <span class='ocrx_word' id='word_1_33' title='bbox 877 836 1009 878; x_wconf 87' lang='lat' dir='ltr'>esse,</span> <span class='ocrx_word' id='word_1_34' title='bbox 1043 823 1085 871; x_wconf 89' lang='lat' dir='ltr'>si</span> <span class='ocrx_word' id='word_1_35' title='bbox 1108 822 1316 873; x_wconf 87' lang='lat' dir='ltr'>Plinius</span> <span class='ocrx_word' id='word_1_36' title='bbox 1342 838 1443 873; x_wconf 74' lang='lat' dir='ltr'>am-</span> 
     </span>
     <span class='ocr_line' id='line_1_7' title="bbox 371 898 1441 966; baseline 0.001 -18"><span class='ocrx_word' id='word_1_37' title='bbox 371 899 544 963; x_wconf 71' lang='lat' dir='ltr'>plexus</span> <span class='ocrx_word' id='word_1_38' title='bbox 566 900 619 948; x_wconf 93' lang='lat' dir='ltr'>in</span> <span class='ocrx_word' id='word_1_39' title='bbox 642 913 856 949; x_wconf 83' lang='lat' dir='ltr'>numero</span> <span class='ocrx_word' id='word_1_40' title='bbox 878 898 1224 950; x_wconf 82' lang='lat' dir='ltr'>multitudinis</span> <span class='ocrx_word' id='word_1_41' title='bbox 1256 914 1441 966; x_wconf 88' lang='lat' dir='ltr'>posue-</span> 
     </span>
     <span class='ocr_line' id='line_1_8' title="bbox 373 975 1440 1038; baseline 0.005 -16"><span class='ocrx_word' id='word_1_42' title='bbox 373 975 465 1031; x_wconf 78' lang='lat' dir='ltr'>rit,</span> <span class='ocrx_word' id='word_1_43' title='bbox 481 989 597 1025; x_wconf 86' lang='lat' dir='ltr'>euru</span> <span class='ocrx_word' id='word_1_44' title='bbox 613 976 770 1026; x_wconf 76' lang='lat' dir='ltr'>etism</span> <span class='ocrx_word' id='word_1_45' title='bbox 788 989 893 1026; x_wconf 90' lang='lat' dir='ltr'>non</span> <span class='ocrx_word' id='word_1_46' title='bbox 912 977 1143 1038; x_wconf 69' lang='lat' dir='ltr'>osculum,</span> <span class='ocrx_word' id='word_1_47' title='bbox 1156 976 1249 1027; x_wconf 84' lang='lat' dir='ltr'>sed</span> <span class='ocrx_word' id='word_1_48' title='bbox 1263 978 1440 1035; x_wconf 73' lang='lat' dir='ltr'>escula,</span> 
     </span>
     <span class='ocr_line' id='line_1_9' title="bbox 373 1050 1442 1119; baseline 0.007 -19"><span class='ocrx_word' id='word_1_49' title='bbox 373 1050 635 1102; x_wconf 84' lang='lat' dir='ltr'>dicturum</span> <span class='ocrx_word' id='word_1_50' title='bbox 655 1050 837 1104; x_wconf 84' lang='lat' dir='ltr'>fuisse.</span> <span class='ocrx_word' id='word_1_51' title='bbox 870 1053 1012 1104; x_wconf 86' lang='lat' dir='ltr'>Puto</span> <span class='ocrx_word' id='word_1_52' title='bbox 1038 1055 1213 1119; x_wconf 80' lang='lat' dir='ltr'>igitur,</span> <span class='ocrx_word' id='word_1_53' title='bbox 1234 1058 1442 1107; x_wconf 65' lang='lat' dir='ltr'>acutum</span> 
     </span>
     <span class='ocr_line' id='line_1_10' title="bbox 368 1129 1439 1196; baseline 0.007 -19"><span class='ocrx_word' id='word_1_54' title='bbox 368 1131 617 1192; x_wconf 68' lang='lat' dir='ltr'>caspie-rus</span> <span class='ocrx_word' id='word_1_55' title='bbox 654 1129 737 1180; x_wconf 88' lang='lat' dir='ltr'>bic</span> <span class='ocrx_word' id='word_1_56' title='bbox 758 1129 865 1180; x_wconf 84' lang='lat' dir='ltr'>dici</span> <span class='ocrx_word' id='word_1_57' title='bbox 896 1131 1119 1188; x_wconf 80' lang='lat' dir='ltr'>osculum,</span> <span class='ocrx_word' id='word_1_58' title='bbox 1146 1133 1282 1196; x_wconf 84' lang='lat' dir='ltr'>quod</span> <span class='ocrx_word' id='word_1_59' title='bbox 1324 1134 1439 1184; x_wconf 77' lang='lat' dir='ltr'>loeo</span> 
     </span>
     <span class='ocr_line' id='line_1_11' title="bbox 371 1208 1440 1275; baseline 0.007 -21"><span class='ocrx_word' id='word_1_60' title='bbox 371 1208 665 1272; x_wconf 77' lang='lat' dir='ltr'>amplexus,</span> <span class='ocrx_word' id='word_1_61' title='bbox 687 1221 780 1257; x_wconf 90' lang='lat' dir='ltr'>seu</span> <span class='ocrx_word' id='word_1_62' title='bbox 819 1208 1009 1273; x_wconf 90' lang='lat' dir='ltr'>potius,</span> <span class='ocrx_word' id='word_1_63' title='bbox 1033 1209 1170 1273; x_wconf 84' lang='lat' dir='ltr'>quod</span> <span class='ocrx_word' id='word_1_64' title='bbox 1193 1211 1440 1275; x_wconf 87' lang='lat' dir='ltr'>conjunc-</span> 
     </span>
     <span class='ocr_line' id='line_1_12' title="bbox 365 1283 1439 1352; baseline 0.007 -19"><span class='ocrx_word' id='word_1_65' title='bbox 365 1283 463 1333; x_wconf 86' lang='lat' dir='ltr'>tim</span> <span class='ocrx_word' id='word_1_66' title='bbox 488 1298 604 1335; x_wconf 87' lang='lat' dir='ltr'>cum</span> <span class='ocrx_word' id='word_1_67' title='bbox 630 1286 891 1350; x_wconf 76' lang='lat' dir='ltr'>amplexu,</span> <span class='ocrx_word' id='word_1_68' title='bbox 907 1284 1079 1336; x_wconf 79' lang='lat' dir='ltr'>datur.</span> <span class='ocrx_word' id='word_1_69' title='bbox 1112 1286 1299 1352; x_wconf 87' lang='lat' dir='ltr'>Neque</span> <span class='ocrx_word' id='word_1_70' title='bbox 1323 1303 1439 1340; x_wconf 75' lang='lat' dir='ltr'>raro</span> 
     </span>
     <span class='ocr_line' id='line_1_13' title="bbox 364 1359 1436 1426; baseline 0.007 -17"><span class='ocrx_word' id='word_1_71' title='bbox 364 1359 510 1410; x_wconf 83' lang='lat' dir='ltr'>inter</span> <span class='ocrx_word' id='word_1_72' title='bbox 546 1362 696 1426; x_wconf 72' lang='lat' dir='ltr'>signa</span> <span class='ocrx_word' id='word_1_73' title='bbox 735 1364 922 1413; x_wconf 84' lang='lat' dir='ltr'>amoris</span> <span class='ocrx_word' id='word_1_74' title='bbox 955 1370 1010 1413; x_wconf 88' lang='lat' dir='ltr'>et</span> <span class='ocrx_word' id='word_1_75' title='bbox 1045 1362 1301 1423; x_wconf 62' lang='lat' dir='ltr'>amicitiae,</span> <span class='ocrx_word' id='word_1_76' title='bbox 1335 1381 1436 1417; x_wconf 74' lang='lat' dir='ltr'>m-</span> 
     </span>
     <span class='ocr_line' id='line_1_14' title="bbox 356 1437 1434 1507; baseline 0.006 -22"><span class='ocrx_word' id='word_1_77' title='bbox 356 1437 1434 1507; x_wconf 71' lang='lat' dir='ltr'>plexusetosculacommemorautur‚quam-</span> 
     </span>
     <span class='ocr_line' id='line_1_15' title="bbox 365 1511 1432 1581; baseline 0.009 -21"><span class='ocrx_word' id='word_1_78' title='bbox 365 1511 442 1561; x_wconf 79' lang='lat' dir='ltr'>vis</span> <span class='ocrx_word' id='word_1_79' title='bbox 466 1513 713 1564; x_wconf 88' lang='lat' dir='ltr'>distincte</span> <span class='ocrx_word' id='word_1_80' title='bbox 735 1522 790 1564; x_wconf 90' lang='lat' dir='ltr'>et</span> <span class='ocrx_word' id='word_1_81' title='bbox 813 1530 1042 1566; x_wconf 85' lang='lat' dir='ltr'>seorsum</span> <span class='ocrx_word' id='word_1_82' title='bbox 1062 1515 1331 1581; x_wconf 82' lang='lat' dir='ltr'>designari</span> <span class='ocrx_word' id='word_1_83' title='bbox 1352 1534 1432 1569; x_wconf 85' lang='lat' dir='ltr'>so·</span> 
     </span>
     <span class='ocr_line' id='line_1_16' title="bbox 364 1587 1432 1655; baseline 0.009 -18"><span class='ocrx_word' id='word_1_84' title='bbox 364 1587 513 1639; x_wconf 76' lang='lat' dir='ltr'>leant</span> <span class='ocrx_word' id='word_1_85' title='bbox 527 1606 547 1650; x_wconf 84' lang='lat'>-;</span> <span class='ocrx_word' id='word_1_86' title='bbox 585 1606 635 1638; x_wconf 83' lang='lat' dir='ltr'>v.</span> <span class='ocrx_word' id='word_1_87' title='bbox 657 1606 710 1655; x_wconf 78' lang='lat' dir='ltr'>g.</span> <span class='ocrx_word' id='word_1_88' title='bbox 739 1591 899 1642; x_wconf 80' lang='lat' dir='ltr'>ovid.</span> <span class='ocrx_word' id='word_1_89' title='bbox 922 1592 1056 1642; x_wconf 88' lang='lat' dir='ltr'>Met.</span> <span class='ocrx_word' id='word_1_90' title='bbox 1080 1607 1163 1645; x_wconf 76' lang='lat' dir='ltr'>lx.</span> <span class='ocrx_word' id='word_1_91' title='bbox 1188 1599 1306 1645; x_wconf 75' lang='lat'>669.</span> <span class='ocrx_word' id='word_1_92' title='bbox 1324 1597 1339 1626; x_wconf 91' lang='lat'>‘</span> <span class='ocrx_word' id='word_1_93' title='bbox 1361 1598 1432 1648; x_wconf 87' lang='lat' dir='ltr'>Et</span> 
     </span>
     <span class='ocr_line' id='line_1_17' title="bbox 363 1666 1430 1739; baseline 0.009 -25"><span class='ocrx_word' id='word_1_94' title='bbox 363 1666 547 1739; x_wconf 77' lang='lat' dir='ltr'>damus</span> <span class='ocrx_word' id='word_1_95' title='bbox 569 1669 858 1733; x_wconf 81' lang='lat' dir='ltr'>amplexus,</span> <span class='ocrx_word' id='word_1_96' title='bbox 880 1677 935 1720; x_wconf 88' lang='lat' dir='ltr'>et</span> <span class='ocrx_word' id='word_1_97' title='bbox 959 1670 1226 1734; x_wconf 77' lang='lat' dir='ltr'>jungimus</span> <span class='ocrx_word' id='word_1_98' title='bbox 1250 1675 1430 1724; x_wconf 76' lang='lat' dir='ltr'>oscula</span> 
     </span>
     <span class='ocr_line' id='line_1_18' title="bbox 357 1742 1427 1811; baseline 0.007 -18"><span class='ocrx_word' id='word_1_99' title='bbox 357 1742 576 1794; x_wconf 61' lang='lat' dir='ltr'>coram)</span> <span class='ocrx_word' id='word_1_100' title='bbox 609 1746 825 1796; x_wconf 72' lang='lat' dir='ltr'>Sueton-</span> <span class='ocrx_word' id='word_1_101' title='bbox 844 1746 1055 1798; x_wconf 78' lang='lat' dir='ltr'>Othone</span> <span class='ocrx_word' id='word_1_102' title='bbox 1074 1762 1191 1811; x_wconf 81' lang='lat' dir='ltr'>cap.</span> <span class='ocrx_word' id='word_1_103' title='bbox 1207 1754 1290 1800; x_wconf 84' lang='lat'>10.</span> <span class='ocrx_word' id='word_1_104' title='bbox 1310 1750 1326 1777; x_wconf 87' lang='lat'>‘</span> <span class='ocrx_word' id='word_1_105' title='bbox 1341 1749 1427 1801; x_wconf 88' lang='lat' dir='ltr'>Ab</span> 
     </span>
    </p>
   </div>
   <div class='ocr_carea' id='block_1_4' title="bbox 2418 356 2599 424">
    <p class='ocr_par' dir='ltr' id='par_1_4' title="bbox 2418 356 2599 424">
     <span class='ocr_line' id='line_1_19' title="bbox 2418 356 2599 424; baseline 0.017 -2"><span class='ocrx_word' id='word_1_106' title='bbox 2418 356 2599 424; x_wconf 62' lang='lat' dir='ltr'>low</span> 
     </span>
    </p>
   </div>
   <div class='ocr_carea' id='block_1_5' title="bbox 1498 513 2600 1809">
    <p class='ocr_par' dir='ltr' id='par_1_5' title="bbox 1591 513 2597 581">
     <span class='ocr_line' id='line_1_20' title="bbox 1591 513 2597 581; baseline 0.005 -17"><span class='ocrx_word' id='word_1_107' title='bbox 1591 513 1918 578; x_wconf 67' lang='lat' dir='ltr'>Preeamque</span> <span class='ocrx_word' id='word_1_108' title='bbox 1931 513 2108 578; x_wconf 78' lang='lat' dir='ltr'>maria]</span> <span class='ocrx_word' id='word_1_109' title='bbox 2131 516 2304 581; x_wconf 82' lang='lat' dir='ltr'>Forte,</span> <span class='ocrx_word' id='word_1_110' title='bbox 2319 524 2408 569; x_wconf 79' lang='lat' dir='ltr'>est.</span> <span class='ocrx_word' id='word_1_111' title='bbox 2426 517 2597 570; x_wconf 71' lang='lat' dir='ltr'>Livin-</span> 
     </span>
    </p>

    <p class='ocr_par' dir='ltr' id='par_1_6' title="bbox 1498 592 2600 1809">
     <span class='ocr_line' id='line_1_21' title="bbox 1592 592 2600 659; baseline 0.007 -18"><span class='ocrx_word' id='word_1_112' title='bbox 1592 592 1913 657; x_wconf 73' lang='lat' dir='ltr'>Precatusque</span> <span class='ocrx_word' id='word_1_113' title='bbox 1933 594 2111 659; x_wconf 75' lang='lat' dir='ltr'>maria]</span> <span class='ocrx_word' id='word_1_114' title='bbox 2150 594 2334 646; x_wconf 82' lang='lat' dir='ltr'>Codex</span> <span class='ocrx_word' id='word_1_115' title='bbox 2362 611 2509 647; x_wconf 87' lang='lat' dir='ltr'>meus</span> <span class='ocrx_word' id='word_1_116' title='bbox 2543 606 2600 648; x_wconf 91' lang='lat' dir='ltr'>et</span> 
     </span>
     <span class='ocr_line' id='line_1_22' title="bbox 1523 666 2595 736; baseline 0.006 -19"><span class='ocrx_word' id='word_1_117' title='bbox 1523 666 1940 733; x_wconf 81' lang='lat' dir='ltr'>Salisbnrgensis</span> <span class='ocrx_word' id='word_1_118' title='bbox 1955 669 2149 720; x_wconf 87' lang='lat' dir='ltr'>babent</span> <span class='ocrx_word' id='word_1_119' title='bbox 2175 678 2477 736; x_wconf 74' lang='lat' dir='ltr'>spectansque</span> <span class='ocrx_word' id='word_1_120' title='bbox 2495 688 2595 723; x_wconf 77' lang='lat' dir='ltr'>mu-</span> 
     </span>
     <span class='ocr_line' id='line_1_23' title="bbox 1520 744 2593 811; baseline 0.007 -17"><span class='ocrx_word' id='word_1_121' title='bbox 1520 744 1635 804; x_wconf 67' lang='grc' dir='ltr'>τίος</span> <span class='ocrx_word' id='word_1_122' title='bbox 1668 760 1959 811; x_wconf 85' lang='lat' dir='ltr'>quanquam</span> <span class='ocrx_word' id='word_1_123' title='bbox 1986 747 2089 799; x_wconf 70' lang='lat' dir='ltr'>alia</span> <span class='ocrx_word' id='word_1_124' title='bbox 2107 761 2288 799; x_wconf 77' lang='lat' dir='ltr'>manus</span> <span class='ocrx_word' id='word_1_125' title='bbox 2302 748 2456 799; x_wconf 86' lang='lat' dir='ltr'>etiam</span> <span class='ocrx_word' id='word_1_126' title='bbox 2482 751 2593 800; x_wconf 81' lang='lat' dir='ltr'>vul·</span> 
     </span>
     <span class='ocr_line' id='line_1_24' title="bbox 1520 822 2588 886; baseline 0.003 -14"><span class='ocrx_word' id='word_1_127' title='bbox 1520 829 1697 886; x_wconf 65' lang='lat' dir='ltr'>getam</span> <span class='ocrx_word' id='word_1_128' title='bbox 1742 822 2022 873; x_wconf 86' lang='lat' dir='ltr'>lectionem</span> <span class='ocrx_word' id='word_1_129' title='bbox 2056 823 2291 874; x_wconf 75' lang='lat' dir='ltr'>reddidit</span> <span class='ocrx_word' id='word_1_130' title='bbox 2327 824 2588 875; x_wconf 85' lang='lat' dir='ltr'>Salisbur-</span> 
     </span>
     <span class='ocr_line' id='line_1_25' title="bbox 1520 900 2582 966; baseline 0.007 -19"><span class='ocrx_word' id='word_1_131' title='bbox 1520 900 1687 961; x_wconf 82' lang='lat' dir='ltr'>gensi.</span> <span class='ocrx_word' id='word_1_132' title='bbox 1753 900 1887 950; x_wconf 83' lang='lat' dir='ltr'>Mihi</span> <span class='ocrx_word' id='word_1_133' title='bbox 1922 901 2050 953; x_wconf 85' lang='lat' dir='ltr'>mire</span> <span class='ocrx_word' id='word_1_134' title='bbox 2080 903 2258 964; x_wconf 80' lang='lat' dir='ltr'>placet</span> <span class='ocrx_word' id='word_1_135' title='bbox 2282 902 2431 965; x_wconf 84' lang='lat' dir='ltr'>illud,</span> <span class='ocrx_word' id='word_1_136' title='bbox 2452 918 2582 966; x_wconf 79' lang='lat' dir='ltr'>speo—</span> 
     </span>
     <span class='ocr_line' id='line_1_26' title="bbox 1517 976 2583 1047; baseline 0.004 -21"><span class='ocrx_word' id='word_1_137' title='bbox 1517 981 1645 1039; x_wconf 75' lang='lat' dir='ltr'>tans,</span> <span class='ocrx_word' id='word_1_138' title='bbox 1660 976 1752 1027; x_wconf 91' lang='lat' dir='ltr'>sed</span> <span class='ocrx_word' id='word_1_139' title='bbox 1772 978 1866 1047; x_wconf 76' lang='lat' dir='ltr'>ita,</span> <span class='ocrx_word' id='word_1_140' title='bbox 1883 984 1940 1029; x_wconf 89' lang='lat' dir='ltr'>ut</span> <span class='ocrx_word' id='word_1_141' title='bbox 1952 978 2112 1028; x_wconf 79' lang='lat' dir='ltr'><strong>nihilo</strong></span> <span class='ocrx_word' id='word_1_142' title='bbox 2135 981 2302 1029; x_wconf 83' lang='lat' dir='ltr'>minus</span> <span class='ocrx_word' id='word_1_143' title='bbox 2320 980 2583 1043; x_wconf 81' lang='lat' dir='ltr'>vulgatum</span> 
     </span>
     <span class='ocr_line' id='line_1_27' title="bbox 1518 1054 2582 1122; baseline 0.005 -19"><span class='ocrx_word' id='word_1_144' title='bbox 1518 1054 1853 1119; x_wconf 83' lang='lat' dir='ltr'>participium</span> <span class='ocrx_word' id='word_1_145' title='bbox 1866 1054 2011 1104; x_wconf 88' lang='lat' dir='ltr'>simul</span> <span class='ocrx_word' id='word_1_146' title='bbox 2030 1055 2494 1122; x_wconf 69' lang='lat' dir='ltr'>retineatur-,atque</span> <span class='ocrx_word' id='word_1_147' title='bbox 2505 1058 2582 1108; x_wconf 84' lang='lat' dir='ltr'>sic</span> 
     </span>
     <span class='ocr_line' id='line_1_28' title="bbox 1516 1130 2579 1185; baseline 0.005 -6"><span class='ocrx_word' id='word_1_148' title='bbox 1516 1130 1823 1181; x_wconf 72' lang='lat' dir='ltr'>ordinentur</span> <span class='ocrx_word' id='word_1_149' title='bbox 1858 1133 1967 1185; x_wconf 75' lang='lat' dir='ltr'>baec</span> <span class='ocrx_word' id='word_1_150' title='bbox 2008 1132 2192 1182; x_wconf 83' lang='lat' dir='ltr'>verba:</span> <span class='ocrx_word' id='word_1_151' title='bbox 2228 1136 2242 1161; x_wconf 79' lang='lat'><strong><em>⁴</em></strong></span> <span class='ocrx_word' id='word_1_152' title='bbox 2263 1133 2428 1183; x_wconf 88' lang='lat' dir='ltr'>Stetit</span> <span class='ocrx_word' id='word_1_153' title='bbox 2462 1135 2579 1184; x_wconf 60' lang='lat' dir='ltr'>Caz-</span> 
     </span>
     <span class='ocr_line' id='line_1_29' title="bbox 1514 1208 2580 1275; baseline 0.006 -20"><span class='ocrx_word' id='word_1_154' title='bbox 1514 1220 1602 1255; x_wconf 81' lang='lat' dir='ltr'>sar</span> <span class='ocrx_word' id='word_1_155' title='bbox 1626 1208 1677 1257; x_wconf 90' lang='lat' dir='ltr'>in</span> <span class='ocrx_word' id='word_1_156' title='bbox 1699 1209 1788 1258; x_wconf 82' lang='lat' dir='ltr'>illa</span> <span class='ocrx_word' id='word_1_157' title='bbox 1810 1209 2048 1259; x_wconf 82' lang='lat' dir='ltr'>amicitiae</span> <span class='ocrx_word' id='word_1_158' title='bbox 2071 1210 2297 1275; x_wconf 80' lang='lat' dir='ltr'>specula,</span> <span class='ocrx_word' id='word_1_159' title='bbox 2315 1217 2580 1275; x_wconf 83' lang='lat' dir='ltr'>spectans,</span> 
     </span>
     <span class='ocr_line' id='line_1_30' title="bbox 1516 1287 2578 1352; baseline 0.007 -20"><span class='ocrx_word' id='word_1_160' title='bbox 1516 1290 1860 1351; x_wconf 74' lang='lat' dir='ltr'>precatusque</span> <span class='ocrx_word' id='word_1_161' title='bbox 1884 1287 2084 1349; x_wconf 81' lang='lat' dir='ltr'>maria,’</span> <span class='ocrx_word' id='word_1_162' title='bbox 2113 1289 2212 1337; x_wconf 65' lang='lat' dir='ltr'>dcc.</span> <span class='ocrx_word' id='word_1_163' title='bbox 2279 1288 2578 1352; x_wconf 80' lang='lat' dir='ltr'>cujusmodi</span> 
     </span>
     <span class='ocr_line' id='line_1_31' title="bbox 1507 1360 2584 1428; baseline 0.005 -19"><span class='ocrx_word' id='word_1_164' title='bbox 1507 1360 1886 1411; x_wconf 73' lang='lat' dir='ltr'>emendationis</span> <span class='ocrx_word' id='word_1_165' title='bbox 1909 1362 2333 1428; x_wconf 80' lang='lat' dir='ltr'>exemplutn,quo</span> <span class='ocrx_word' id='word_1_166' title='bbox 2350 1362 2465 1413; x_wconf 68' lang='lat' dir='ltr'>dua</span> <span class='ocrx_word' id='word_1_167' title='bbox 2490 1364 2584 1415; x_wconf 85' lang='lat' dir='ltr'>ali-</span> 
     </span>
     <span class='ocr_line' id='line_1_32' title="bbox 1507 1438 2583 1505; baseline 0.003 -19"><span class='ocrx_word' id='word_1_168' title='bbox 1507 1439 1633 1503; x_wconf 77' lang='lat' dir='ltr'>oqui</span> <span class='ocrx_word' id='word_1_169' title='bbox 1659 1438 1881 1489; x_wconf 81' lang='lat' dir='ltr'>diversoe</span> <span class='ocrx_word' id='word_1_170' title='bbox 1909 1440 2160 1490; x_wconf 89' lang='lat' dir='ltr'>lectiones</span> <span class='ocrx_word' id='word_1_171' title='bbox 2185 1447 2308 1503; x_wconf 82' lang='lat' dir='ltr'>apte</span> <span class='ocrx_word' id='word_1_172' title='bbox 2330 1440 2583 1505; x_wconf 79' lang='lat' dir='ltr'>conjungi</span> 
     </span>
     <span class='ocr_line' id='line_1_33' title="bbox 1512 1515 2579 1581; baseline 0.004 -20"><span class='ocrx_word' id='word_1_173' title='bbox 1512 1519 1745 1577; x_wconf 84' lang='lat' dir='ltr'>possunt,</span> <span class='ocrx_word' id='word_1_174' title='bbox 1766 1528 1941 1578; x_wconf 80' lang='lat' dir='ltr'>supra,</span> <span class='ocrx_word' id='word_1_175' title='bbox 1966 1528 2108 1565; x_wconf 80' lang='lat' dir='ltr'><strong>xxx.</strong></span> <span class='ocrx_word' id='word_1_176' title='bbox 2129 1518 2177 1564; x_wconf 79' lang='lat'>8.</span> <span class='ocrx_word' id='word_1_177' title='bbox 2201 1515 2420 1581; x_wconf 77' lang='lat' dir='ltr'>praebui.</span> <span class='ocrx_word' id='word_1_178' title='bbox 2476 1516 2579 1566; x_wconf 82' lang='lat' dir='ltr'>Vei</span> 
     </span>
     <span class='ocr_line' id='line_1_34' title="bbox 1507 1587 2580 1642; baseline 0.004 -4"><span class='ocrx_word' id='word_1_179' title='bbox 1507 1587 1738 1641; x_wconf 83' lang='lat' dir='ltr'>fortasse</span> <span class='ocrx_word' id='word_1_180' title='bbox 1769 1591 1850 1642; x_wconf 83' lang='lat' dir='ltr'>sic</span> <span class='ocrx_word' id='word_1_181' title='bbox 1890 1591 2082 1642; x_wconf 89' lang='lat' dir='ltr'>rectius</span> <span class='ocrx_word' id='word_1_182' title='bbox 2112 1592 2230 1641; x_wconf 78' lang='lat' dir='ltr'>istae</span> <span class='ocrx_word' id='word_1_183' title='bbox 2267 1606 2418 1641; x_wconf 86' lang='lat' dir='ltr'>voces</span> <span class='ocrx_word' id='word_1_184' title='bbox 2453 1600 2580 1642; x_wconf 83' lang='lat' dir='ltr'>tunc</span> 
     </span>
     <span class='ocr_line' id='line_1_35' title="bbox 1506 1668 2577 1731; baseline 0.001 -15"><span class='ocrx_word' id='word_1_185' title='bbox 1506 1668 1822 1718; x_wconf 69' lang='lat' dir='ltr'>collocandae</span> <span class='ocrx_word' id='word_1_186' title='bbox 1879 1673 2074 1731; x_wconf 86' lang='lat' dir='ltr'>essent,</span> <span class='ocrx_word' id='word_1_187' title='bbox 2134 1671 2352 1731; x_wconf 74' lang='lat' dir='ltr'>spectans</span> <span class='ocrx_word' id='word_1_188' title='bbox 2406 1668 2577 1725; x_wconf 78' lang='lat' dir='ltr'>maria,</span> 
     </span>
     <span class='ocr_line' id='line_1_36' title="bbox 1498 1743 2575 1809; baseline -0.004 -13"><span class='ocrx_word' id='word_1_189' title='bbox 1498 1749 1812 1809; x_wconf 66' lang='lat' dir='ltr'>precatusque</span> <span class='ocrx_word' id='word_1_190' title='bbox 1852 1746 2066 1802; x_wconf 82' lang='lat' dir='ltr'>celerem,</span> <span class='ocrx_word' id='word_1_191' title='bbox 2108 1745 2192 1807; x_wconf 59' lang='lat' dir='ltr'>&amp;a</span> <span class='ocrx_word' id='word_1_192' title='bbox 2262 1743 2445 1809; x_wconf 81' lang='lat' dir='ltr'>Neque</span> <span class='ocrx_word' id='word_1_193' title='bbox 2480 1757 2575 1792; x_wconf 91' lang='lat' dir='ltr'>nos</span> 
     </span>
    </p>
   </div>
   <div class='ocr_carea' id='block_1_6' title="bbox 343 1820 2573 2581">
    <p class='ocr_par' dir='ltr' id='par_1_7' title="bbox 343 1820 2573 2581">
     <span class='ocr_line' id='line_1_37' title="bbox 357 1820 2569 1888; baseline -0 -17"><span class='ocrx_word' id='word_1_194' title='bbox 357 1823 607 1888; x_wconf 79' lang='lat' dir='ltr'>amplexu</span> <span class='ocrx_word' id='word_1_195' title='bbox 622 1829 679 1874; x_wconf 90' lang='lat' dir='ltr'>et</span> <span class='ocrx_word' id='word_1_196' title='bbox 694 1825 870 1874; x_wconf 88' lang='lat' dir='ltr'>osculo</span> <span class='ocrx_word' id='word_1_197' title='bbox 891 1839 984 1875; x_wconf 90' lang='lat' dir='ltr'>suo</span> <span class='ocrx_word' id='word_1_198' title='bbox 1000 1824 1195 1876; x_wconf 81' lang='lat' dir='ltr'>dimisit</span> <span class='ocrx_word' id='word_1_199' title='bbox 1213 1827 1428 1877; x_wconf 55' lang='lat' dir='ltr'>omnes)</span> <span class='ocrx_word' id='word_1_200' title='bbox 1502 1830 1756 1885; x_wconf 83' lang='lat' dir='ltr'>moretur,</span> <span class='ocrx_word' id='word_1_201' title='bbox 1800 1823 1938 1888; x_wconf 86' lang='lat' dir='ltr'>quod</span> <span class='ocrx_word' id='word_1_202' title='bbox 1974 1822 2052 1872; x_wconf 87' lang='lat' dir='ltr'>sic</span> <span class='ocrx_word' id='word_1_203' title='bbox 2090 1820 2284 1871; x_wconf 75' lang='lat' dir='ltr'>diversi</span> <span class='ocrx_word' id='word_1_204' title='bbox 2320 1822 2569 1885; x_wconf 87' lang='lat' dir='ltr'>temporis</span> 
     </span>
     <span class='ocr_line' id='line_1_38' title="bbox 359 1899 2570 1968; baseline 0.001 -20"><span class='ocrx_word' id='word_1_205' title='bbox 359 1899 497 1949; x_wconf 77' lang='lat' dir='ltr'>&#39;Vide</span> <span class='ocrx_word' id='word_1_206' title='bbox 525 1915 702 1966; x_wconf 73' lang='lat' dir='ltr'>supra,</span> <span class='ocrx_word' id='word_1_207' title='bbox 726 1900 793 1950; x_wconf 76' lang='lat' dir='ltr'>ad</span> <span class='ocrx_word' id='word_1_208' title='bbox 827 1917 947 1966; x_wconf 75' lang='lat' dir='ltr'>pag.</span> <span class='ocrx_word' id='word_1_209' title='bbox 970 1906 1087 1953; x_wconf 73' lang='lat'>53⁰.</span> <span class='ocrx_word' id='word_1_210' title='bbox 1177 1904 1425 1968; x_wconf 69' lang='lat' dir='ltr'>Inprimis</span> <span class='ocrx_word' id='word_1_211' title='bbox 1503 1900 1806 1967; x_wconf 79' lang='lat' dir='ltr'>participia,</span> <span class='ocrx_word' id='word_1_212' title='bbox 1837 1907 2053 1965; x_wconf 73' lang='lat' dir='ltr'>spectum</span> <span class='ocrx_word' id='word_1_213' title='bbox 2084 1905 2412 1963; x_wconf 75' lang='lat' dir='ltr'>precatusque,</span> <span class='ocrx_word' id='word_1_214' title='bbox 2447 1914 2570 1950; x_wconf 87' lang='lat' dir='ltr'>con-</span> 
     </span>
     <span class='ocr_line' id='line_1_39' title="bbox 355 1976 2569 2043; baseline 0.003 -19"><span class='ocrx_word' id='word_1_215' title='bbox 355 1989 412 2024; x_wconf 91' lang='lat' dir='ltr'>se</span> <span class='ocrx_word' id='word_1_216' title='bbox 435 1976 659 2028; x_wconf 78' lang='lat' dir='ltr'>invicem</span> <span class='ocrx_word' id='word_1_217' title='bbox 685 1979 1139 2043; x_wconf 76' lang='lat' dir='ltr'>amplectebantur</span> <span class='ocrx_word' id='word_1_218' title='bbox 1157 1988 1210 2030; x_wconf 84' lang='lat' dir='ltr'>et</span> <span class='ocrx_word' id='word_1_219' title='bbox 1226 1982 1425 2031; x_wconf 75' lang='lat' dir='ltr'>oscula·</span> <span class='ocrx_word' id='word_1_220' title='bbox 1491 1976 1802 2041; x_wconf 70' lang='lat' dir='ltr'>jungantur.</span> <span class='ocrx_word' id='word_1_221' title='bbox 1873 1977 2001 2029; x_wconf 84' lang='lat' dir='ltr'>Non&#39;</span> <span class='ocrx_word' id='word_1_222' title='bbox 2030 1977 2255 2026; x_wconf 84' lang='lat' dir='ltr'>insolens</span> <span class='ocrx_word' id='word_1_223' title='bbox 2278 1982 2376 2035; x_wconf 84' lang='lat' dir='ltr'>est,</span> <span class='ocrx_word' id='word_1_224' title='bbox 2400 1992 2464 2027; x_wconf 80' lang='lat' dir='ltr'>ea</span> <span class='ocrx_word' id='word_1_225' title='bbox 2493 1978 2569 2030; x_wconf 75' lang='lat' dir='ltr'>ita</span> 
     </span>
     <span class='ocr_line' id='line_1_40' title="bbox 353 2051 2570 2120; baseline 0.003 -18"><span class='ocrx_word' id='word_1_226' title='bbox 353 2051 551 2103; x_wconf 80' lang='lat' dir='ltr'>bantur</span> <span class='ocrx_word' id='word_1_227' title='bbox 572 2063 823 2120; x_wconf 86' lang='lat' dir='ltr'>amantes,</span> <span class='ocrx_word' id='word_1_228' title='bbox 841 2061 897 2106; x_wconf 91' lang='lat' dir='ltr'>et</span> <span class='ocrx_word' id='word_1_229' title='bbox 929 2056 1103 2119; x_wconf 76' lang='lat' dir='ltr'>amici,</span> <span class='ocrx_word' id='word_1_230' title='bbox 1140 2057 1184 2107; x_wconf 88' lang='lat' dir='ltr'>si</span> <span class='ocrx_word' id='word_1_231' title='bbox 1222 2056 1421 2108; x_wconf 84' lang='lat' dir='ltr'>disces-</span> <span class='ocrx_word' id='word_1_232' title='bbox 1498 2056 1768 2120; x_wconf 80' lang='lat' dir='ltr'>conjungi.</span> <span class='ocrx_word' id='word_1_233' title='bbox 1802 2056 2005 2106; x_wconf 89' lang='lat' dir='ltr'>Plinius</span> <span class='ocrx_word' id='word_1_234' title='bbox 2017 2055 2358 2119; x_wconf 78' lang='lat' dir='ltr'>Major,xxr.</span> <span class='ocrx_word' id='word_1_235' title='bbox 2374 2059 2424 2104; x_wconf 82' lang='lat'>9.</span> <span class='ocrx_word' id='word_1_236' title='bbox 2445 2056 2570 2109; x_wconf 49' lang='lat' dir='ltr'>‘ln-</span> 
     </span>
     <span class='ocr_line' id='line_1_41' title="bbox 351 2129 2569 2200; baseline 0.003 -22"><span class='ocrx_word' id='word_1_237' title='bbox 351 2129 483 2187; x_wconf 85' lang='lat' dir='ltr'>suri,</span> <span class='ocrx_word' id='word_1_238' title='bbox 520 2145 844 2197; x_wconf 80' lang='lat' dir='ltr'>peregreque</span> <span class='ocrx_word' id='word_1_239' title='bbox 884 2131 1094 2195; x_wconf 83' lang='lat' dir='ltr'>abituri,</span> <span class='ocrx_word' id='word_1_240' title='bbox 1125 2134 1240 2183; x_wconf 75' lang='lat' dir='ltr'>vale</span> <span class='ocrx_word' id='word_1_241' title='bbox 1274 2134 1420 2184; x_wconf 79' lang='lat' dir='ltr'>dice.</span> <span class='ocrx_word' id='word_1_242' title='bbox 1497 2129 1566 2180; x_wconf 88' lang='lat' dir='ltr'>de</span> <span class='ocrx_word' id='word_1_243' title='bbox 1589 2131 1837 2184; x_wconf 82' lang='lat' dir='ltr'>eductum</span> <span class='ocrx_word' id='word_1_244' title='bbox 1858 2147 1887 2181; x_wconf 94' lang='lat' dir='ltr'>e</span> <span class='ocrx_word' id='word_1_245' title='bbox 1915 2132 2157 2183; x_wconf 84' lang='lat' dir='ltr'>custodia</span> <span class='ocrx_word' id='word_1_246' title='bbox 2187 2132 2368 2183; x_wconf 85' lang='lat' dir='ltr'>bibere</span> <span class='ocrx_word' id='word_1_247' title='bbox 2387 2133 2569 2200; x_wconf 86' lang='lat' dir='ltr'>jussit,</span> 
     </span>
     <span class='ocr_line' id='line_1_42' title="bbox 353 2207 2573 2275; baseline 0.001 -18"><span class='ocrx_word' id='word_1_248' title='bbox 353 2215 496 2269; x_wconf 83' lang='lat' dir='ltr'>rent,</span> <span class='ocrx_word' id='word_1_249' title='bbox 518 2216 675 2272; x_wconf 72' lang='lat' dir='ltr'>atquc</span> <span class='ocrx_word' id='word_1_250' title='bbox 701 2209 811 2270; x_wconf 82' lang='lat' dir='ltr'>ubi,</span> <span class='ocrx_word' id='word_1_251' title='bbox 829 2209 877 2258; x_wconf 82' lang='lat' dir='ltr'>si</span> <span class='ocrx_word' id='word_1_252' title='bbox 897 2209 1217 2274; x_wconf 73' lang='lat' dir='ltr'>navigaturis</span> <span class='ocrx_word' id='word_1_253' title='bbox 1237 2212 1421 2275; x_wconf 79' lang='lat' dir='ltr'>guber·</span> <span class='ocrx_word' id='word_1_254' title='bbox 1495 2207 1634 2257; x_wconf 83' lang='lat' dir='ltr'>illico</span> <span class='ocrx_word' id='word_1_255' title='bbox 1648 2207 2039 2273; x_wconf 82' lang='lat' dir='ltr'>exspirantem.’</span> <span class='ocrx_word' id='word_1_256' title='bbox 2061 2209 2210 2273; x_wconf 72' lang='lat' dir='ltr'>Virg.</span> <span class='ocrx_word' id='word_1_257' title='bbox 2229 2209 2346 2260; x_wconf 86' lang='lat' dir='ltr'>AEn.</span> <span class='ocrx_word' id='word_1_258' title='bbox 2360 2222 2440 2260; x_wconf 79' lang='lat' dir='ltr'>lx.</span> <span class='ocrx_word' id='word_1_259' title='bbox 2454 2214 2573 2263; x_wconf 73' lang='lat'>62⁴.</span> 
     </span>
     <span class='ocr_line' id='line_1_43' title="bbox 347 2283 2572 2350; baseline 0.002 -18"><span class='ocrx_word' id='word_1_260' title='bbox 347 2291 501 2333; x_wconf 78' lang='lat' dir='ltr'>nator</span> <span class='ocrx_word' id='word_1_261' title='bbox 520 2285 722 2348; x_wconf 79' lang='lat' dir='ltr'>signum</span> <span class='ocrx_word' id='word_1_262' title='bbox 747 2284 924 2348; x_wconf 81' lang='lat' dir='ltr'>debat,</span> <span class='ocrx_word' id='word_1_263' title='bbox 936 2287 1043 2349; x_wconf 88' lang='lat' dir='ltr'>jam</span> <span class='ocrx_word' id='word_1_264' title='bbox 1068 2285 1417 2337; x_wconf 83' lang='lat' dir='ltr'>distraheren-</span> <span class='ocrx_word' id='word_1_265' title='bbox 1491 2283 1508 2312; x_wconf 90' lang='lat'>‘</span> <span class='ocrx_word' id='word_1_266' title='bbox 1522 2285 1852 2350; x_wconf 82' lang='lat' dir='ltr'>Diversaque</span> <span class='ocrx_word' id='word_1_267' title='bbox 1869 2286 2082 2336; x_wconf 82' lang='lat' dir='ltr'>brachia</span> <span class='ocrx_word' id='word_1_268' title='bbox 2096 2285 2290 2336; x_wconf 87' lang='lat' dir='ltr'>ducens</span> <span class='ocrx_word' id='word_1_269' title='bbox 2303 2286 2572 2343; x_wconf 82' lang='lat' dir='ltr'>Constitit.</span> 
     </span>
     <span class='ocr_line' id='line_1_44' title="bbox 348 2362 2568 2427; baseline 0.002 -18"><span class='ocrx_word' id='word_1_270' title='bbox 348 2366 454 2418; x_wconf 87' lang='lat' dir='ltr'>tur,</span> <span class='ocrx_word' id='word_1_271' title='bbox 501 2370 1013 2427; x_wconf 72' lang='lat' dir='ltr'>¹separarenturque.</span> <span class='ocrx_word' id='word_1_272' title='bbox 1101 2364 1307 2413; x_wconf 85' lang='lat' dir='ltr'>Statius</span> <span class='ocrx_word' id='word_1_273' title='bbox 1363 2365 1416 2415; x_wconf 87' lang='lat' dir='ltr'>in</span> <span class='ocrx_word' id='word_1_274' title='bbox 1494 2362 1823 2414; x_wconf 80' lang='lat' dir='ltr'>anteJovem</span> <span class='ocrx_word' id='word_1_275' title='bbox 1848 2363 2070 2426; x_wconf 81' lang='lat' dir='ltr'>supplex</span> <span class='ocrx_word' id='word_1_276' title='bbox 2096 2377 2193 2425; x_wconf 89' lang='lat' dir='ltr'>per</span> <span class='ocrx_word' id='word_1_277' title='bbox 2228 2369 2351 2411; x_wconf 87' lang='lat' dir='ltr'>vota</span> <span class='ocrx_word' id='word_1_278' title='bbox 2386 2376 2568 2426; x_wconf 85' lang='lat' dir='ltr'>preca-</span> 
     </span>
     <span class='ocr_line' id='line_1_45' title="bbox 348 2435 2572 2504; baseline 0.002 -19"><span class='ocrx_word' id='word_1_279' title='bbox 348 2435 709 2503; x_wconf 86' lang='lat' dir='ltr'>Propemtico‚</span> <span class='ocrx_word' id='word_1_280' title='bbox 734 2439 859 2488; x_wconf 79' lang='lat' dir='ltr'>Silv.</span> <span class='ocrx_word' id='word_1_281' title='bbox 881 2452 970 2490; x_wconf 86' lang='grc' dir='ltr'><strong>ιιι.</strong></span> <span class='ocrx_word' id='word_1_282' title='bbox 987 2443 1134 2490; x_wconf 74' lang='grc'><strong>2.54.</strong></span> <span class='ocrx_word' id='word_1_283' title='bbox 1155 2440 1414 2504; x_wconf 74' lang='lat' dir='ltr'>‘Jamque</span> <span class='ocrx_word' id='word_1_284' title='bbox 1494 2436 1617 2486; x_wconf 86' lang='lat' dir='ltr'>tus.’</span> <span class='ocrx_word' id='word_1_285' title='bbox 1685 2437 1846 2489; x_wconf 82' lang='lat' dir='ltr'>Ovid.</span> <span class='ocrx_word' id='word_1_286' title='bbox 1879 2439 2016 2489; x_wconf 68' lang='lat' dir='ltr'>Met-</span> <span class='ocrx_word' id='word_1_287' title='bbox 2051 2452 2107 2488; x_wconf 85' lang='lat' dir='ltr'>v.</span> <span class='ocrx_word' id='word_1_288' title='bbox 2139 2442 2221 2487; x_wconf 78' lang='grc'>31.</span> <span class='ocrx_word' id='word_1_289' title='bbox 2257 2439 2572 2503; x_wconf 83' lang='lat' dir='ltr'>‘Spectans‚</span> 
     </span>
     <span class='ocr_line' id='line_1_46' title="bbox 343 2512 2569 2581; baseline 0.003 -20"><span class='ocrx_word' id='word_1_290' title='bbox 343 2519 513 2563; x_wconf 85' lang='lat' dir='ltr'>ratem</span> <span class='ocrx_word' id='word_1_291' title='bbox 538 2514 690 2563; x_wconf 76' lang='lat' dir='ltr'>terris</span> <span class='ocrx_word' id='word_1_292' title='bbox 724 2515 920 2579; x_wconf 83' lang='lat' dir='ltr'>divisit,</span> <span class='ocrx_word' id='word_1_293' title='bbox 942 2515 1067 2565; x_wconf 87' lang='lat' dir='ltr'>fune</span> <span class='ocrx_word' id='word_1_294' title='bbox 1092 2517 1282 2579; x_wconf 80' lang='lat' dir='ltr'>soluto,</span> <span class='ocrx_word' id='word_1_295' title='bbox 1304 2519 1414 2568; x_wconf 79' lang='lat' dir='ltr'>Na·</span> <span class='ocrx_word' id='word_1_296' title='bbox 1493 2546 1508 2563; x_wconf 88' lang='lat'><strong>.</strong></span> <span class='ocrx_word' id='word_1_297' title='bbox 1536 2547 1550 2561; x_wconf 88' lang='lat'>.</span> <span class='ocrx_word' id='word_1_298' title='bbox 1578 2547 1593 2564; x_wconf 84' lang='lat'><strong>.</strong></span> <span class='ocrx_word' id='word_1_299' title='bbox 1616 2515 2010 2578; x_wconf 80' lang='lat' dir='ltr'>cunctatusque</span> <span class='ocrx_word' id='word_1_300' title='bbox 2035 2512 2216 2562; x_wconf 69' lang='lat' dir='ltr'>brevi:</span> <span class='ocrx_word' id='word_1_301' title='bbox 2283 2515 2569 2581; x_wconf 85' lang='lat' dir='ltr'>Participi-</span> 
     </span>
    </p>
   </div>
   <div class='ocr_carea' id='block_1_7' title="bbox 335 2588 1415 2960">
    <p class='ocr_par' dir='ltr' id='par_1_8' title="bbox 335 2588 1415 2960">
     <span class='ocr_line' id='line_1_47' title="bbox 343 2588 1414 2659; baseline 0.007 -22"><span class='ocrx_word' id='word_1_302' title='bbox 343 2588 472 2646; x_wconf 77' lang='lat' dir='ltr'>vita,</span> <span class='ocrx_word' id='word_1_303' title='bbox 495 2595 552 2640; x_wconf 89' lang='lat' dir='ltr'>et</span> <span class='ocrx_word' id='word_1_304' title='bbox 582 2596 857 2653; x_wconf 76' lang='lat' dir='ltr'>angustum</span> <span class='ocrx_word' id='word_1_305' title='bbox 892 2591 1091 2655; x_wconf 83' lang='lat' dir='ltr'>dejecit</span> <span class='ocrx_word' id='word_1_306' title='bbox 1126 2593 1179 2641; x_wconf 89' lang='lat' dir='ltr'>in</span> <span class='ocrx_word' id='word_1_307' title='bbox 1203 2607 1414 2659; x_wconf 75' lang='lat' dir='ltr'>aequore</span> 
     </span>
     <span class='ocr_line' id='line_1_48' title="bbox 341 2667 1412 2735; baseline 0.008 -22"><span class='ocrx_word' id='word_1_308' title='bbox 341 2671 594 2729; x_wconf 76' lang='lat' dir='ltr'>pontem3</span> <span class='ocrx_word' id='word_1_309' title='bbox 644 2667 822 2717; x_wconf 63' lang='lat' dir='ltr'>Saevus</span> <span class='ocrx_word' id='word_1_310' title='bbox 869 2667 955 2717; x_wconf 86' lang='lat' dir='ltr'>ubi</span> <span class='ocrx_word' id='word_1_311' title='bbox 992 2683 1021 2717; x_wconf 85' lang='lat' dir='ltr'>e</span> <span class='ocrx_word' id='word_1_312' title='bbox 1057 2670 1223 2733; x_wconf 90' lang='lat' dir='ltr'>puppi</span> <span class='ocrx_word' id='word_1_313' title='bbox 1255 2671 1412 2735; x_wconf 82' lang='lat' dir='ltr'>longo</span> 
     </span>
     <span class='ocr_line' id='line_1_49' title="bbox 337 2739 1412 2810; baseline 0.006 -19"><span class='ocrx_word' id='word_1_314' title='bbox 337 2739 571 2792; x_wconf 80' lang='lat' dir='ltr'>clamore</span> <span class='ocrx_word' id='word_1_315' title='bbox 594 2745 843 2807; x_wconf 80' lang='lat' dir='ltr'>magister</span> <span class='ocrx_word' id='word_1_316' title='bbox 868 2744 1100 2809; x_wconf 81' lang='lat' dir='ltr'>Dissipat</span> <span class='ocrx_word' id='word_1_317' title='bbox 1123 2746 1412 2810; x_wconf 80' lang='lat' dir='ltr'>amplexus,</span> 
     </span>
     <span class='ocr_line' id='line_1_50' title="bbox 335 2819 1408 2883; baseline 0.007 -17"><span class='ocrx_word' id='word_1_318' title='bbox 335 2825 503 2883; x_wconf 65' lang='lat' dir='ltr'>utque</span> <span class='ocrx_word' id='word_1_319' title='bbox 524 2820 705 2870; x_wconf 72' lang='lat' dir='ltr'>oscula</span> <span class='ocrx_word' id='word_1_320' title='bbox 739 2819 847 2869; x_wconf 85' lang='lat' dir='ltr'>tida</span> <span class='ocrx_word' id='word_1_321' title='bbox 882 2821 1111 2879; x_wconf 78' lang='lat' dir='ltr'>revellit,</span> <span class='ocrx_word' id='word_1_322' title='bbox 1146 2822 1264 2872; x_wconf 86' lang='lat' dir='ltr'>Nec</span> <span class='ocrx_word' id='word_1_323' title='bbox 1298 2824 1408 2874; x_wconf 87' lang='lat' dir='ltr'>lou-</span> 
     </span>
     <span class='ocr_line' id='line_1_51' title="bbox 339 2896 1415 2960; baseline 0.002 -14"><span class='ocrx_word' id='word_1_324' title='bbox 339 2911 463 2960; x_wconf 78' lang='lat' dir='ltr'>gum</span> <span class='ocrx_word' id='word_1_325' title='bbox 508 2911 634 2947; x_wconf 82' lang='lat' dir='ltr'>cara</span> <span class='ocrx_word' id='word_1_326' title='bbox 676 2896 805 2947; x_wconf 83' lang='lat' dir='ltr'>licet</span> <span class='ocrx_word' id='word_1_327' title='bbox 849 2898 898 2946; x_wconf 88' lang='lat' dir='ltr'>in</span> <span class='ocrx_word' id='word_1_328' title='bbox 939 2898 1151 2948; x_wconf 80' lang='lat' dir='ltr'>cervice</span> <span class='ocrx_word' id='word_1_329' title='bbox 1186 2899 1415 2950; x_wconf 75' lang='lat' dir='ltr'>morari-⁹</span> 
     </span>
    </p>
   </div>
   <div class='ocr_carea' id='block_1_8' title="bbox 1484 2591 2567 2959">
    <p class='ocr_par' dir='ltr' id='par_1_9' title="bbox 1484 2591 2567 2959">
     <span class='ocr_line' id='line_1_52' title="bbox 1491 2591 2567 2658; baseline 0.003 -18"><span class='ocrx_word' id='word_1_330' title='bbox 1491 2605 1576 2640; x_wconf 87' lang='lat' dir='ltr'>um</span> <span class='ocrx_word' id='word_1_331' title='bbox 1602 2606 1724 2641; x_wconf 83' lang='lat' dir='ltr'>vero</span> <span class='ocrx_word' id='word_1_332' title='bbox 1746 2591 1873 2642; x_wconf 86' lang='lat' dir='ltr'>illud</span> <span class='ocrx_word' id='word_1_333' title='bbox 1887 2597 2107 2655; x_wconf 75' lang='lat' dir='ltr'>spectans</span> <span class='ocrx_word' id='word_1_334' title='bbox 2123 2591 2335 2655; x_wconf 87' lang='lat' dir='ltr'>respicit</span> <span class='ocrx_word' id='word_1_335' title='bbox 2348 2606 2567 2658; x_wconf 84' lang='lat' dir='ltr'>morem,</span> 
     </span>
     <span class='ocr_line' id='line_1_53' title="bbox 1485 2658 2561 2733; baseline 0.002 -16"><span class='ocrx_word' id='word_1_336' title='bbox 1485 2682 1592 2733; x_wconf 86' lang='lat' dir='ltr'>quo</span> <span class='ocrx_word' id='word_1_337' title='bbox 1613 2658 1771 2719; x_wconf 81' lang='lat' dir='ltr'>amici</span> <span class='ocrx_word' id='word_1_338' title='bbox 1790 2668 2139 2725; x_wconf 85' lang='lat' dir='ltr'>discedentes,</span> <span class='ocrx_word' id='word_1_339' title='bbox 2165 2676 2221 2717; x_wconf 90' lang='lat' dir='ltr'>et</span> <span class='ocrx_word' id='word_1_340' title='bbox 2245 2669 2360 2718; x_wconf 82' lang='lat' dir='ltr'>vale</span> <span class='ocrx_word' id='word_1_341' title='bbox 2383 2669 2561 2719; x_wconf 84' lang='lat' dir='ltr'>dicen-</span> 
     </span>
     <span class='ocr_line' id='line_1_54' title="bbox 1489 2743 2561 2810; baseline -0.001 -15"><span class='ocrx_word' id='word_1_342' title='bbox 1489 2753 1587 2807; x_wconf 83' lang='lat' dir='ltr'>tes,</span> <span class='ocrx_word' id='word_1_343' title='bbox 1602 2745 1830 2796; x_wconf 86' lang='lat' dir='ltr'>invicem</span> <span class='ocrx_word' id='word_1_344' title='bbox 1848 2760 1923 2801; x_wconf 86' lang='lat' dir='ltr'>se,</span> <span class='ocrx_word' id='word_1_345' title='bbox 1948 2759 2102 2810; x_wconf 87' lang='lat' dir='ltr'>quam</span> <span class='ocrx_word' id='word_1_346' title='bbox 2126 2743 2429 2809; x_wconf 75' lang='lat' dir='ltr'>longissime</span> <span class='ocrx_word' id='word_1_347' title='bbox 2445 2744 2561 2796; x_wconf 84' lang='lat' dir='ltr'>fieri</span> 
     </span>
     <span class='ocr_line' id='line_1_55' title="bbox 1488 2820 2557 2887; baseline 0 -15"><span class='ocrx_word' id='word_1_348' title='bbox 1488 2830 1683 2885; x_wconf 87' lang='lat' dir='ltr'>potest,</span> <span class='ocrx_word' id='word_1_349' title='bbox 1705 2828 1966 2887; x_wconf 83' lang='lat' dir='ltr'>spectant·</span> <span class='ocrx_word' id='word_1_350' title='bbox 2033 2820 2173 2871; x_wconf 83' lang='lat' dir='ltr'>Hinc</span> <span class='ocrx_word' id='word_1_351' title='bbox 2197 2820 2356 2870; x_wconf 85' lang='lat' dir='ltr'>Silius</span> <span class='ocrx_word' id='word_1_352' title='bbox 2374 2821 2499 2871; x_wconf 86' lang='lat' dir='ltr'>Ital.</span> <span class='ocrx_word' id='word_1_353' title='bbox 2524 2824 2557 2874; x_wconf 86' lang='grc' dir='ltr'>Ι.</span> 
     </span>
     <span class='ocr_line' id='line_1_56' title="bbox 1484 2897 2558 2959; baseline 0.003 -12"><span class='ocrx_word' id='word_1_354' title='bbox 1484 2912 1534 2947; x_wconf 71' lang='grc' dir='ltr'>ο.</span> <span class='ocrx_word' id='word_1_355' title='bbox 1574 2906 1588 2929; x_wconf 81' lang='lat'>⁸</span> <span class='ocrx_word' id='word_1_356' title='bbox 1609 2898 1831 2949; x_wconf 80' lang='lat' dir='ltr'>Haereut</span> <span class='ocrx_word' id='word_1_357' title='bbox 1870 2897 2053 2948; x_wconf 84' lang='lat' dir='ltr'>intenti</span> <span class='ocrx_word' id='word_1_358' title='bbox 2094 2897 2287 2959; x_wconf 82' lang='lat' dir='ltr'>vultus,</span> <span class='ocrx_word' id='word_1_359' title='bbox 2309 2905 2364 2946; x_wconf 88' lang='lat' dir='ltr'>et</span> <span class='ocrx_word' id='word_1_360' title='bbox 2401 2898 2558 2951; x_wconf 78' lang='lat' dir='ltr'>litora</span> 
     </span>
    </p>
   </div>
   <div class='ocr_carea' id='block_1_9' title="bbox 323 2973 2554 3503">
    <p class='ocr_par' dir='ltr' id='par_1_10' title="bbox 323 2973 2554 3503">
     <span class='ocr_line' id='line_1_57' title="bbox 331 2973 2553 3038; baseline 0.001 -16"><span class='ocrx_word' id='word_1_361' title='bbox 331 2974 483 3029; x_wconf 79' lang='lat' dir='ltr'>Quos</span> <span class='ocrx_word' id='word_1_362' title='bbox 505 2988 687 3024; x_wconf 80' lang='lat' dir='ltr'>versus</span> <span class='ocrx_word' id='word_1_363' title='bbox 708 2973 838 3026; x_wconf 80' lang='lat' dir='ltr'>falso</span> <span class='ocrx_word' id='word_1_364' title='bbox 862 2975 1049 3026; x_wconf 77' lang='lat' dir='ltr'>tribuit</span> <span class='ocrx_word' id='word_1_365' title='bbox 1073 2976 1267 3027; x_wconf 81' lang='lat' dir='ltr'>Ovidio</span> <span class='ocrx_word' id='word_1_366' title='bbox 1292 2978 1406 3028; x_wconf 80' lang='lat' dir='ltr'>Pri·</span> <span class='ocrx_word' id='word_1_367' title='bbox 1482 2983 1714 3033; x_wconf 81' lang='lat' dir='ltr'>servant,</span> <span class='ocrx_word' id='word_1_368' title='bbox 1739 2978 1925 3026; x_wconf 90' lang='lat' dir='ltr'>Donec</span> <span class='ocrx_word' id='word_1_369' title='bbox 1950 2975 2049 3024; x_wconf 85' lang='lat' dir='ltr'>iter</span> <span class='ocrx_word' id='word_1_370' title='bbox 2077 2973 2329 3038; x_wconf 79' lang='lat' dir='ltr'>liquidum</span> <span class='ocrx_word' id='word_1_371' title='bbox 2355 2975 2553 3025; x_wconf 86' lang='lat' dir='ltr'>volucri</span> 
     </span>
     <span class='ocr_line' id='line_1_58' title="bbox 334 3050 2554 3118; baseline 0.001 -18"><span class='ocrx_word' id='word_1_372' title='bbox 334 3064 474 3100; x_wconf 83' lang='lat' dir='ltr'>caeus</span> <span class='ocrx_word' id='word_1_373' title='bbox 517 3051 571 3101; x_wconf 81' lang='lat' dir='ltr'>iu</span> <span class='ocrx_word' id='word_1_374' title='bbox 613 3052 904 3102; x_wconf 83' lang='lat' dir='ltr'>comment.</span> <span class='ocrx_word' id='word_1_375' title='bbox 944 3052 1009 3100; x_wconf 84' lang='lat' dir='ltr'>ad</span> <span class='ocrx_word' id='word_1_376' title='bbox 1053 3050 1177 3103; x_wconf 87' lang='lat' dir='ltr'>Act.</span> <span class='ocrx_word' id='word_1_377' title='bbox 1218 3054 1404 3118; x_wconf 79' lang='lat' dir='ltr'>Apost.</span> <span class='ocrx_word' id='word_1_378' title='bbox 1481 3052 1722 3115; x_wconf 74' lang='lat' dir='ltr'>rapiente</span> <span class='ocrx_word' id='word_1_379' title='bbox 1744 3051 1941 3114; x_wconf 77' lang='lat' dir='ltr'>carina,</span> <span class='ocrx_word' id='word_1_380' title='bbox 1964 3050 2258 3101; x_wconf 83' lang='lat' dir='ltr'>consumsit</span> <span class='ocrx_word' id='word_1_381' title='bbox 2277 3050 2411 3100; x_wconf 83' lang='lat' dir='ltr'>visus</span> <span class='ocrx_word' id='word_1_382' title='bbox 2428 3065 2554 3114; x_wconf 86' lang='lat' dir='ltr'>pon·</span> 
     </span>
     <span class='ocr_line' id='line_1_59' title="bbox 335 3126 2550 3194; baseline 0 -18"><span class='ocrx_word' id='word_1_383' title='bbox 335 3140 464 3176; x_wconf 58' lang='grc' dir='ltr'>ιιι.</span> <span class='ocrx_word' id='word_1_384' title='bbox 486 3131 535 3178; x_wconf 90' lang='lat'>1.</span> <span class='ocrx_word' id='word_1_385' title='bbox 600 3127 687 3178; x_wconf 85' lang='lat' dir='ltr'>Sic</span> <span class='ocrx_word' id='word_1_386' title='bbox 725 3135 779 3178; x_wconf 91' lang='lat' dir='ltr'>et</span> <span class='ocrx_word' id='word_1_387' title='bbox 802 3128 944 3178; x_wconf 84' lang='lat' dir='ltr'>cauit</span> <span class='ocrx_word' id='word_1_388' title='bbox 966 3128 1124 3178; x_wconf 87' lang='lat' dir='ltr'>Silius</span> <span class='ocrx_word' id='word_1_389' title='bbox 1155 3129 1274 3181; x_wconf 88' lang='lat' dir='ltr'>Ital.</span> <span class='ocrx_word' id='word_1_390' title='bbox 1316 3146 1412 3182; x_wconf 75' lang='grc' dir='ltr'><strong>ιιι.</strong></span> <span class='ocrx_word' id='word_1_391' title='bbox 1478 3135 1582 3188; x_wconf 87' lang='lat' dir='ltr'>tus,</span> <span class='ocrx_word' id='word_1_392' title='bbox 1595 3131 1849 3194; x_wconf 88' lang='lat' dir='ltr'>tellusque</span> <span class='ocrx_word' id='word_1_393' title='bbox 1867 3126 2113 3181; x_wconf 56' lang='lat' dir='ltr'>recessit)</span> <span class='ocrx_word' id='word_1_394' title='bbox 2138 3127 2550 3179; x_wconf 60' lang='lat' dir='ltr'>Stat-Thebais.</span> 
     </span>
     <span class='ocr_line' id='line_1_60' title="bbox 333 3202 2546 3269; baseline 0.002 -18"><span class='ocrx_word' id='word_1_395' title='bbox 333 3206 448 3252; x_wconf 76' lang='lat'>153.</span> <span class='ocrx_word' id='word_1_396' title='bbox 473 3202 559 3253; x_wconf 89' lang='lat' dir='ltr'>ubi</span> <span class='ocrx_word' id='word_1_397' title='bbox 584 3211 779 3267; x_wconf 77' lang='lat' dir='ltr'>narrat,</span> <span class='ocrx_word' id='word_1_398' title='bbox 818 3203 1249 3269; x_wconf 84' lang='lat' dir='ltr'>quemadmodum</span> <span class='ocrx_word' id='word_1_399' title='bbox 1272 3223 1404 3258; x_wconf 78' lang='lat' dir='ltr'>uxor</span> <span class='ocrx_word' id='word_1_400' title='bbox 1475 3209 1560 3256; x_wconf 76' lang='lat'>28.</span> <span class='ocrx_word' id='word_1_401' title='bbox 1583 3208 1597 3236; x_wconf 82' lang='lat'><em>⁶</em></span> <span class='ocrx_word' id='word_1_402' title='bbox 1618 3207 1838 3256; x_wconf 85' lang='lat' dir='ltr'>Certant</span> <span class='ocrx_word' id='word_1_403' title='bbox 1863 3205 2131 3255; x_wconf 82' lang='lat' dir='ltr'>innectere</span> <span class='ocrx_word' id='word_1_404' title='bbox 2146 3204 2282 3255; x_wconf 80' lang='lat' dir='ltr'>collo</span> <span class='ocrx_word' id='word_1_405' title='bbox 2303 3204 2546 3267; x_wconf 83' lang='lat' dir='ltr'>Brachia,</span> 
     </span>
     <span class='ocr_line' id='line_1_61' title="bbox 330 3280 2546 3346; baseline 0.001 -16"><span class='ocrx_word' id='word_1_406' title='bbox 330 3280 639 3335; x_wconf 84' lang='lat' dir='ltr'>Hannibalis</span> <span class='ocrx_word' id='word_1_407' title='bbox 686 3282 995 3346; x_wconf 79' lang='lat' dir='ltr'>navigaturo</span> <span class='ocrx_word' id='word_1_408' title='bbox 1039 3284 1225 3333; x_wconf 83' lang='lat' dir='ltr'>marito</span> <span class='ocrx_word' id='word_1_409' title='bbox 1280 3286 1398 3335; x_wconf 82' lang='lat' dir='ltr'>vale</span> <span class='ocrx_word' id='word_1_410' title='bbox 1475 3289 1848 3346; x_wconf 81' lang='lat' dir='ltr'>manantesque</span> <span class='ocrx_word' id='word_1_411' title='bbox 1870 3281 2068 3337; x_wconf 84' lang='lat' dir='ltr'>oculos,</span> <span class='ocrx_word' id='word_1_412' title='bbox 2092 3281 2212 3332; x_wconf 83' lang='lat' dir='ltr'>hinc</span> <span class='ocrx_word' id='word_1_413' title='bbox 2236 3283 2415 3335; x_wconf 86' lang='lat' dir='ltr'>oscula</span> <span class='ocrx_word' id='word_1_414' title='bbox 2438 3288 2546 3332; x_wconf 86' lang='lat' dir='ltr'>tur·</span> 
     </span>
     <span class='ocr_line' id='line_1_62' title="bbox 323 3357 2544 3422; baseline 0 -15"><span class='ocrx_word' id='word_1_415' title='bbox 323 3357 558 3409; x_wconf 80' lang='lat' dir='ltr'>dixerit:</span> <span class='ocrx_word' id='word_1_416' title='bbox 610 3359 626 3386; x_wconf 69' lang='grc'><strong><em>*</em></strong></span> <span class='ocrx_word' id='word_1_417' title='bbox 646 3357 883 3409; x_wconf 85' lang='lat' dir='ltr'>Confisus</span> <span class='ocrx_word' id='word_1_418' title='bbox 928 3360 1114 3422; x_wconf 82' lang='lat' dir='ltr'>pelago</span> <span class='ocrx_word' id='word_1_419' title='bbox 1155 3360 1297 3410; x_wconf 75' lang='lat' dir='ltr'>celse</span> <span class='ocrx_word' id='word_1_420' title='bbox 1330 3360 1397 3412; x_wconf 89' lang='lat' dir='ltr'>de</span> <span class='ocrx_word' id='word_1_421' title='bbox 1474 3359 1634 3422; x_wconf 73' lang='lat' dir='ltr'>bant3</span> <span class='ocrx_word' id='word_1_422' title='bbox 1671 3358 1810 3410; x_wconf 85' lang='lat' dir='ltr'>Hinc</span> <span class='ocrx_word' id='word_1_423' title='bbox 1832 3358 2187 3422; x_wconf 74' lang='lat' dir='ltr'>magnicaligo</span> <span class='ocrx_word' id='word_1_424' title='bbox 2202 3359 2394 3420; x_wconf 79' lang='lat' dir='ltr'>maris3</span> <span class='ocrx_word' id='word_1_425' title='bbox 2428 3365 2544 3408; x_wconf 87' lang='lat' dir='ltr'>tan-</span> 
     </span>
     <span class='ocr_line' id='line_1_63' title="bbox 326 3435 2539 3503; baseline 0 -20"><span class='ocrx_word' id='word_1_426' title='bbox 326 3448 507 3499; x_wconf 88' lang='lat' dir='ltr'>puppe</span> <span class='ocrx_word' id='word_1_427' title='bbox 524 3435 768 3498; x_wconf 83' lang='lat' dir='ltr'>magister</span> <span class='ocrx_word' id='word_1_428' title='bbox 785 3435 1135 3485; x_wconf 79' lang='lat' dir='ltr'>Cunctantem</span> <span class='ocrx_word' id='word_1_429' title='bbox 1155 3437 1284 3495; x_wconf 84' lang='lat' dir='ltr'>ciet,</span> <span class='ocrx_word' id='word_1_430' title='bbox 1308 3437 1395 3488; x_wconf 82' lang='lat' dir='ltr'>ab·</span> <span class='ocrx_word' id='word_1_431' title='bbox 1470 3436 1695 3503; x_wconf 88' lang='lat' dir='ltr'>demque</span> <span class='ocrx_word' id='word_1_432' title='bbox 1721 3436 1890 3489; x_wconf 83' lang='lat' dir='ltr'>relicti</span> <span class='ocrx_word' id='word_1_433' title='bbox 1918 3437 2069 3486; x_wconf 77' lang='lat' dir='ltr'>Stant</span> <span class='ocrx_word' id='word_1_434' title='bbox 2095 3436 2145 3485; x_wconf 89' lang='lat' dir='ltr'>in</span> <span class='ocrx_word' id='word_1_435' title='bbox 2171 3451 2298 3498; x_wconf 87' lang='lat' dir='ltr'>rupe</span> <span class='ocrx_word' id='word_1_436' title='bbox 2323 3442 2496 3486; x_wconf 84' lang='lat' dir='ltr'>tamen</span> <span class='ocrx_word' id='word_1_437' title='bbox 2518 3453 2539 3499; x_wconf 63' lang='grc' dir='ltr'><strong>ς</strong></span> 
     </span>
    </p>
   </div>
   <div class='ocr_carea' id='block_1_10' title="bbox 307 3510 1389 4359">
    <p class='ocr_par' dir='ltr' id='par_1_11' title="bbox 321 3510 1169 3576">
     <span class='ocr_line' id='line_1_64' title="bbox 321 3510 1169 3576; baseline 0.001 -14"><span class='ocrx_word' id='word_1_438' title='bbox 321 3512 513 3576; x_wconf 66' lang='lat' dir='ltr'>cipitur</span> <span class='ocrx_word' id='word_1_439' title='bbox 534 3513 737 3562; x_wconf 83' lang='lat' dir='ltr'>divulsa</span> <span class='ocrx_word' id='word_1_440' title='bbox 761 3510 985 3562; x_wconf 86' lang='lat' dir='ltr'>marito.’</span> <span class='ocrx_word' id='word_1_441' title='bbox 1022 3513 1169 3563; x_wconf 82' lang='lat' dir='ltr'>Idem.</span> 
     </span>
    </p>

    <p class='ocr_par' dir='ltr' id='par_1_12' title="bbox 311 3588 1389 4114">
     <span class='ocr_line' id='line_1_65' title="bbox 392 3588 1389 3652; baseline 0.004 -15"><span class='ocrx_word' id='word_1_442' title='bbox 392 3589 457 3638; x_wconf 78' lang='lat' dir='ltr'>In</span> <span class='ocrx_word' id='word_1_443' title='bbox 478 3589 564 3638; x_wconf 78' lang='lat' dir='ltr'>illa</span> <span class='ocrx_word' id='word_1_444' title='bbox 582 3588 813 3639; x_wconf 65' lang='lat' dir='ltr'>amicitioe</span> <span class='ocrx_word' id='word_1_445' title='bbox 834 3588 1048 3652; x_wconf 74' lang='lat' dir='ltr'>specula]</span> <span class='ocrx_word' id='word_1_446' title='bbox 1078 3589 1389 3641; x_wconf 79' lang='lat' dir='ltr'>Catanaeus=</span> 
     </span>
     <span class='ocr_line' id='line_1_66' title="bbox 324 3665 1389 3732; baseline 0.001 -16"><span class='ocrx_word' id='word_1_447' title='bbox 324 3666 392 3716; x_wconf 86' lang='lat' dir='ltr'>In</span> <span class='ocrx_word' id='word_1_448' title='bbox 448 3666 751 3730; x_wconf 82' lang='lat' dir='ltr'>propatulo,</span> <span class='ocrx_word' id='word_1_449' title='bbox 803 3665 1009 3715; x_wconf 82' lang='lat' dir='ltr'>cunctis</span> <span class='ocrx_word' id='word_1_450' title='bbox 1050 3665 1389 3732; x_wconf 86' lang='lat' dir='ltr'>intuentibus,</span> 
     </span>
     <span class='ocr_line' id='line_1_67' title="bbox 321 3742 1385 3805; baseline 0.003 -13"><span class='ocrx_word' id='word_1_451' title='bbox 321 3743 504 3793; x_wconf 77' lang='lat' dir='ltr'>Caesar</span> <span class='ocrx_word' id='word_1_452' title='bbox 527 3744 804 3803; x_wconf 65' lang='lat' dir='ltr'>maximnm</span> <span class='ocrx_word' id='word_1_453' title='bbox 828 3742 1069 3793; x_wconf 66' lang='lat' dir='ltr'>amicitiae</span> <span class='ocrx_word' id='word_1_454' title='bbox 1084 3744 1284 3805; x_wconf 72' lang='lat' dir='ltr'>signum</span> <span class='ocrx_word' id='word_1_455' title='bbox 1308 3760 1385 3795; x_wconf 84' lang='lat' dir='ltr'>os-</span> 
     </span>
     <span class='ocr_line' id='line_1_68' title="bbox 321 3821 1384 3873; baseline 0.002 -2"><span class='ocrx_word' id='word_1_456' title='bbox 321 3821 517 3872; x_wconf 86' lang='lat' dir='ltr'>tendit.</span> <span class='ocrx_word' id='word_1_457' title='bbox 581 3823 802 3872; x_wconf 81' lang='lat' dir='ltr'>Thomas</span> <span class='ocrx_word' id='word_1_458' title='bbox 826 3822 1003 3871; x_wconf 79' lang='lat' dir='ltr'>Cevs:</span> <span class='ocrx_word' id='word_1_459' title='bbox 1040 3821 1104 3870; x_wconf 87' lang='lat' dir='ltr'>In</span> <span class='ocrx_word' id='word_1_460' title='bbox 1131 3822 1243 3872; x_wconf 85' lang='lat' dir='ltr'>loeo</span> <span class='ocrx_word' id='word_1_461' title='bbox 1266 3823 1384 3873; x_wconf 88' lang='lat' dir='ltr'>lito-</span> 
     </span>
     <span class='ocr_line' id='line_1_69' title="bbox 318 3897 1383 3953; baseline 0.004 -8"><span class='ocrx_word' id='word_1_462' title='bbox 318 3897 391 3946; x_wconf 87' lang='lat' dir='ltr'>ris</span> <span class='ocrx_word' id='word_1_463' title='bbox 437 3897 800 3953; x_wconf 86' lang='lat' dir='ltr'>eminentiore,</span> <span class='ocrx_word' id='word_1_464' title='bbox 854 3897 999 3946; x_wconf 84' lang='lat' dir='ltr'>velut</span> <span class='ocrx_word' id='word_1_465' title='bbox 1044 3897 1093 3946; x_wconf 88' lang='lat' dir='ltr'>in</span> <span class='ocrx_word' id='word_1_466' title='bbox 1140 3898 1383 3949; x_wconf 61' lang='lat' dir='ltr'>amicitias</span> 
     </span>
     <span class='ocr_line' id='line_1_70' title="bbox 311 3972 1381 4037; baseline 0.004 -16"><span class='ocrx_word' id='word_1_467' title='bbox 311 3972 548 4037; x_wconf 72' lang='lat' dir='ltr'>fastigio,</span> <span class='ocrx_word' id='word_1_468' title='bbox 584 3987 889 4037; x_wconf 88' lang='lat' dir='ltr'>prosperum</span> <span class='ocrx_word' id='word_1_469' title='bbox 926 3973 1028 4022; x_wconf 84' lang='lat' dir='ltr'>iter</span> <span class='ocrx_word' id='word_1_470' title='bbox 1061 3988 1123 4023; x_wconf 87' lang='lat' dir='ltr'>ac</span> <span class='ocrx_word' id='word_1_471' title='bbox 1158 3975 1381 4026; x_wconf 85' lang='lat' dir='ltr'>reditum</span> 
     </span>
     <span class='ocr_line' id='line_1_71' title="bbox 317 4049 948 4114; baseline -0.002 -15"><span class='ocrx_word' id='word_1_472' title='bbox 317 4051 487 4099; x_wconf 83' lang='lat' dir='ltr'>amico</span> <span class='ocrx_word' id='word_1_473' title='bbox 512 4055 773 4114; x_wconf 82' lang='lat' dir='ltr'>precatus.</span> <span class='ocrx_word' id='word_1_474' title='bbox 797 4049 948 4098; x_wconf 81' lang='lat' dir='ltr'>Idem.</span> 
     </span>
    </p>

    <p class='ocr_par' dir='ltr' id='par_1_13' title="bbox 307 4122 1380 4359">
     <span class='ocr_line' id='line_1_72' title="bbox 378 4122 1380 4191; baseline 0.001 -12"><span class='ocrx_word' id='word_1_475' title='bbox 378 4122 627 4179; x_wconf 63' lang='lat' dir='ltr'>Amicitia</span> <span class='ocrx_word' id='word_1_476' title='bbox 644 4127 855 4191; x_wconf 74' lang='lat' dir='ltr'>specula]</span> <span class='ocrx_word' id='word_1_477' title='bbox 880 4124 942 4175; x_wconf 84' lang='lat' dir='ltr'>In</span> <span class='ocrx_word' id='word_1_478' title='bbox 966 4125 1122 4178; x_wconf 87' lang='lat' dir='ltr'>litore</span> <span class='ocrx_word' id='word_1_479' title='bbox 1150 4129 1380 4180; x_wconf 73' lang='lat' dir='ltr'>eminen-</span> 
     </span>
     <span class='ocr_line' id='line_1_73' title="bbox 309 4198 1379 4270; baseline 0.002 -15"><span class='ocrx_word' id='word_1_480' title='bbox 309 4204 471 4262; x_wconf 82' lang='lat' dir='ltr'>tiore,</span> <span class='ocrx_word' id='word_1_481' title='bbox 498 4203 636 4254; x_wconf 86' lang='lat' dir='ltr'>unde</span> <span class='ocrx_word' id='word_1_482' title='bbox 657 4198 874 4254; x_wconf 82' lang='lat' dir='ltr'>amicum</span> <span class='ocrx_word' id='word_1_483' title='bbox 898 4202 1103 4255; x_wconf 81' lang='lat' dir='ltr'>videret</span> <span class='ocrx_word' id='word_1_484' title='bbox 1127 4212 1181 4255; x_wconf 89' lang='lat' dir='ltr'>et</span> <span class='ocrx_word' id='word_1_485' title='bbox 1201 4220 1379 4270; x_wconf 86' lang='lat' dir='ltr'>prose-</span> 
     </span>
     <span class='ocr_line' id='line_1_74' title="bbox 307 4280 1039 4359; baseline -0.005 -26"><span class='ocrx_word' id='word_1_486' title='bbox 307 4288 566 4349; x_wconf 79' lang='lat' dir='ltr'>queretur</span> <span class='ocrx_word' id='word_1_487' title='bbox 585 4281 886 4332; x_wconf 76' lang='lat' dir='ltr'>sbeuntem.</span> <span class='ocrx_word' id='word_1_488' title='bbox 903 4280 1039 4359; x_wconf 74' lang='lat' dir='ltr'>Lips-</span> 
     </span>
    </p>
   </div>
   <div class='ocr_carea' id='block_1_11' title="bbox 1465 3513 2537 3656">
    <p class='ocr_par' dir='ltr' id='par_1_14' title="bbox 1465 3513 2537 3656">
     <span class='ocr_line' id='line_1_75' title="bbox 1465 3513 2537 3580; baseline -0.002 -16"><span class='ocrx_word' id='word_1_489' title='bbox 1465 3514 1726 3580; x_wconf 76' lang='lat' dir='ltr'>’fugientia</span> <span class='ocrx_word' id='word_1_490' title='bbox 1763 3513 1977 3566; x_wconf 83' lang='lat' dir='ltr'>carbasa</span> <span class='ocrx_word' id='word_1_491' title='bbox 2017 3514 2130 3563; x_wconf 84' lang='lat' dir='ltr'>visu</span> <span class='ocrx_word' id='word_1_492' title='bbox 2167 3513 2335 3562; x_wconf 86' lang='lat' dir='ltr'>Dulce</span> <span class='ocrx_word' id='word_1_493' title='bbox 2368 3514 2537 3577; x_wconf 86' lang='lat' dir='ltr'>sequi,</span> 
     </span>
     <span class='ocr_line' id='line_1_76' title="bbox 1468 3590 2535 3656; baseline -0.004 -14"><span class='ocrx_word' id='word_1_494' title='bbox 1468 3593 1771 3656; x_wconf 78' lang='lat' dir='ltr'>patriosque</span> <span class='ocrx_word' id='word_1_495' title='bbox 1788 3591 1965 3639; x_wconf 87' lang='lat' dir='ltr'>dolent</span> <span class='ocrx_word' id='word_1_496' title='bbox 1983 3590 2316 3639; x_wconf 86' lang='lat' dir='ltr'>crebrescere</span> <span class='ocrx_word' id='word_1_497' title='bbox 2334 3596 2535 3651; x_wconf 73' lang='lat' dir='ltr'>ventos3</span> 
     </span>
    </p>
   </div>
   <div class='ocr_carea' id='block_1_12' title="bbox 1461 3664 2531 3806">
    <p class='ocr_par' dir='ltr' id='par_1_15' title="bbox 1461 3664 2531 3806">
     <span class='ocr_line' id='line_1_77' title="bbox 1461 3664 2530 3729; baseline -0.004 -10"><span class='ocrx_word' id='word_1_498' title='bbox 1461 3668 1622 3718; x_wconf 85' lang='lat' dir='ltr'>Stant</span> <span class='ocrx_word' id='word_1_499' title='bbox 1663 3675 1854 3729; x_wconf 84' lang='lat' dir='ltr'>tamen,</span> <span class='ocrx_word' id='word_1_500' title='bbox 1885 3673 1941 3715; x_wconf 88' lang='lat' dir='ltr'>et</span> <span class='ocrx_word' id='word_1_501' title='bbox 1982 3672 2157 3715; x_wconf 85' lang='lat' dir='ltr'>notam</span> <span class='ocrx_word' id='word_1_502' title='bbox 2204 3665 2416 3728; x_wconf 88' lang='lat' dir='ltr'>puppim</span> <span class='ocrx_word' id='word_1_503' title='bbox 2462 3664 2530 3717; x_wconf 89' lang='lat' dir='ltr'>de</span> 
     </span>
     <span class='ocr_line' id='line_1_78' title="bbox 1463 3739 2531 3806; baseline -0.005 -11"><span class='ocrx_word' id='word_1_504' title='bbox 1463 3758 1593 3806; x_wconf 87' lang='lat' dir='ltr'>rupe</span> <span class='ocrx_word' id='word_1_505' title='bbox 1627 3740 1888 3797; x_wconf 58' lang='lat' dir='ltr'>salutant?</span> <span class='ocrx_word' id='word_1_506' title='bbox 1956 3739 2111 3790; x_wconf 88' lang='lat' dir='ltr'>Ovid.</span> <span class='ocrx_word' id='word_1_507' title='bbox 2137 3740 2270 3788; x_wconf 86' lang='lat' dir='ltr'>Met.</span> <span class='ocrx_word' id='word_1_508' title='bbox 2295 3752 2377 3788; x_wconf 71' lang='lat'>11.</span> <span class='ocrx_word' id='word_1_509' title='bbox 2412 3743 2531 3799; x_wconf 74' lang='lat'>468,</span> 
     </span>
    </p>
   </div>
   <div class='ocr_carea' id='block_1_13' title="bbox 1454 3815 2530 4349">
    <p class='ocr_par' dir='ltr' id='par_1_16' title="bbox 1454 3815 2530 4349">
     <span class='ocr_line' id='line_1_79' title="bbox 1458 3815 2530 3881; baseline -0.004 -11"><span class='ocrx_word' id='word_1_510' title='bbox 1458 3820 1607 3870; x_wconf 88' lang='lat' dir='ltr'>‘·Ubi</span> <span class='ocrx_word' id='word_1_511' title='bbox 1644 3829 1784 3870; x_wconf 85' lang='lat' dir='ltr'>terra</span> <span class='ocrx_word' id='word_1_512' title='bbox 1805 3817 2054 3880; x_wconf 82' lang='lat' dir='ltr'>Longius,</span> <span class='ocrx_word' id='word_1_513' title='bbox 2080 3825 2235 3881; x_wconf 86' lang='lat' dir='ltr'>atque</span> <span class='ocrx_word' id='word_1_514' title='bbox 2267 3815 2405 3866; x_wconf 89' lang='lat' dir='ltr'>oculi</span> <span class='ocrx_word' id='word_1_515' title='bbox 2439 3831 2530 3866; x_wconf 84' lang='lat' dir='ltr'>ne·</span> 
     </span>
     <span class='ocr_line' id='line_1_80' title="bbox 1458 3891 2528 3961; baseline -0.003 -16"><span class='ocrx_word' id='word_1_516' title='bbox 1458 3902 1654 3961; x_wconf 88' lang='lat' dir='ltr'>queunt</span> <span class='ocrx_word' id='word_1_517' title='bbox 1672 3907 1988 3958; x_wconf 80' lang='lat' dir='ltr'>cognoscere</span> <span class='ocrx_word' id='word_1_518' title='bbox 2011 3892 2202 3954; x_wconf 83' lang='lat' dir='ltr'>vultus,</span> <span class='ocrx_word' id='word_1_519' title='bbox 2229 3892 2362 3941; x_wconf 88' lang='lat' dir='ltr'>Dum</span> <span class='ocrx_word' id='word_1_520' title='bbox 2385 3891 2528 3949; x_wconf 79' lang='lat' dir='ltr'>licet.</span> 
     </span>
     <span class='ocr_line' id='line_1_81' title="bbox 1457 3969 2527 4039; baseline -0.002 -17"><span class='ocrx_word' id='word_1_521' title='bbox 1457 3973 1747 4039; x_wconf 66' lang='lat' dir='ltr'>insequitur</span> <span class='ocrx_word' id='word_1_522' title='bbox 1782 3970 2069 4034; x_wconf 83' lang='lat' dir='ltr'>fugientem</span> <span class='ocrx_word' id='word_1_523' title='bbox 2096 3970 2290 4018; x_wconf 87' lang='lat' dir='ltr'>lumine</span> <span class='ocrx_word' id='word_1_524' title='bbox 2328 3969 2527 4032; x_wconf 86' lang='lat' dir='ltr'>pinum.</span> 
     </span>
     <span class='ocr_line' id='line_1_82' title="bbox 1459 4046 2525 4116; baseline -0.007 -13"><span class='ocrx_word' id='word_1_525' title='bbox 1459 4051 1596 4102; x_wconf 79' lang='lat' dir='ltr'>Haec</span> <span class='ocrx_word' id='word_1_526' title='bbox 1617 4063 1819 4116; x_wconf 89' lang='lat' dir='ltr'>qnoque</span> <span class='ocrx_word' id='word_1_527' title='bbox 1843 4054 1903 4098; x_wconf 88' lang='lat' dir='ltr'>ut</span> <span class='ocrx_word' id='word_1_528' title='bbox 1925 4046 2061 4095; x_wconf 76' lang='lat' dir='ltr'>haud</span> <span class='ocrx_word' id='word_1_529' title='bbox 2086 4051 2317 4110; x_wconf 76' lang='lat' dir='ltr'>poterat,</span> <span class='ocrx_word' id='word_1_530' title='bbox 2350 4046 2525 4110; x_wconf 84' lang='lat' dir='ltr'>spatio</span> 
     </span>
     <span class='ocr_line' id='line_1_83' title="bbox 1455 4123 2526 4187; baseline -0.007 -8"><span class='ocrx_word' id='word_1_531' title='bbox 1455 4129 1713 4184; x_wconf 85' lang='lat' dir='ltr'>submota,</span> <span class='ocrx_word' id='word_1_532' title='bbox 1751 4125 1952 4185; x_wconf 74' lang='lat' dir='ltr'>videri3</span> <span class='ocrx_word' id='word_1_533' title='bbox 1989 4123 2124 4172; x_wconf 88' lang='lat' dir='ltr'>Vela</span> <span class='ocrx_word' id='word_1_534' title='bbox 2161 4129 2335 4171; x_wconf 88' lang='lat' dir='ltr'>tamen</span> <span class='ocrx_word' id='word_1_535' title='bbox 2373 4136 2526 4187; x_wconf 88' lang='lat' dir='ltr'>spec-</span> 
     </span>
     <span class='ocr_line' id='line_1_84' title="bbox 1454 4198 2525 4266; baseline -0.015 -8"><span class='ocrx_word' id='word_1_536' title='bbox 1454 4212 1554 4266; x_wconf 89' lang='lat' dir='ltr'>tat,</span> <span class='ocrx_word' id='word_1_537' title='bbox 1578 4218 1774 4255; x_wconf 86' lang='lat' dir='ltr'>summo</span> <span class='ocrx_word' id='word_1_538' title='bbox 1795 4199 2056 4251; x_wconf 81' lang='lat' dir='ltr'>fluitantia</span> <span class='ocrx_word' id='word_1_539' title='bbox 2089 4198 2259 4248; x_wconf 75' lang='lat' dir='ltr'>malo-⁹</span> <span class='ocrx_word' id='word_1_540' title='bbox 2324 4199 2525 4250; x_wconf 74' lang='lat' dir='ltr'>Utcun-</span> 
     </span>
     <span class='ocr_line' id='line_1_85' title="bbox 1454 4276 2522 4349; baseline -0.009 -14"><span class='ocrx_word' id='word_1_541' title='bbox 1454 4297 1556 4349; x_wconf 87' lang='lat' dir='ltr'>que</span> <span class='ocrx_word' id='word_1_542' title='bbox 1580 4296 1704 4334; x_wconf 78' lang='lat' dir='ltr'>vero</span> <span class='ocrx_word' id='word_1_543' title='bbox 1722 4286 1827 4345; x_wconf 78' lang='lat' dir='ltr'>est,</span> <span class='ocrx_word' id='word_1_544' title='bbox 1852 4276 2074 4328; x_wconf 85' lang='lat' dir='ltr'>nondum</span> <span class='ocrx_word' id='word_1_545' title='bbox 2093 4276 2259 4327; x_wconf 84' lang='lat' dir='ltr'>audeo</span> <span class='ocrx_word' id='word_1_546' title='bbox 2281 4276 2407 4327; x_wconf 77' lang='lat' dir='ltr'>illud</span> <span class='ocrx_word' id='word_1_547' title='bbox 2435 4289 2522 4325; x_wconf 84' lang='lat' dir='ltr'>vo·</span> 
     </span>
    </p>
   </div>
  </div>
 </body>
</html>
