3017 4942
833 403 899 450 c.
946 400 1190 451 rainu
1240 397 1577 451 saeuum
1627 398 1908 449 unna.
1979 395 2034 448 1.
2075 381 2142 446 4.

382 542 631 609 precibus
666 559 697 594 a
731 545 850 596 Deo
888 544 964 594 illi
999 544 1264 597 omia-tem
1290 543 1450 593 vitam

374 619 710 684 impetrarit-⁹
776 619 1088 684 credamne,
1110 621 1198 685 qui
1222 634 1338 670 eam
1364 633 1450 669 ve-

379 697 552 749 nalem
573 697 769 748 nabet?
791 697 947 748 Rern.

452 773 656 838 Aliquis
693 775 747 823 in
777 774 921 838 bello]
957 771 1043 823 Ab
1082 772 1281 838 Hoetu,
1317 774 1449 838 jam

381 852 538 903 olim:
594 851 749 900 Iliad.
784 857 847 900 N.
876 854 994 901 ⁷30.
1028 849 1198 912 Ἄλλῳ
1230 849 1321 912 μὲν
1354 850 1451 916 ’γὰρ

383 926 530 978 ἔδωκε
559 927 666 977 θεὸς
694 925 934 989 πολεμήϊα
965 924 1105 992 ἔργα,
1121 926 1290 990 Ἄλλῳ
1312 927 1352 976 δ’
1372 925 1448 991 ὅρ-

377 1005 595 1071 χησγὴν,
610 1003 755 1068 ἑτέρῳ
767 1003 949 1069 κίθαριν
966 1003 1045 1054 καὶ
1063 1004 1239 1064 ἀοιδήν·
1292 1004 1449 1055 Nam-

379 1097 469 1146 que
500 1082 592 1131 alii
623 1082 798 1132 bellare
839 1082 972 1130 Deus
1003 1084 1252 1142 concessit,
1286 1086 1341 1131 ot
1374 1081 1451 1131 itti

382 1159 595 1221 Sanan-e,
613 1163 759 1221 utque
778 1158 867 1207 alii
902 1157 1093 1208 cithara
1112 1164 1347 1220 cantuque
1366 1173 1448 1208 va-

377 1236 495 1285 lere.
552 1235 873 1286 Claudianus
896 1234 947 1283 in
971 1234 1236 1285 stiliconis
1260 1235 1448 1285 Laudi·

376 1310 495 1367 bns.
518 1325 558 1361 ι.
578 1314 663 1362 27.
685 1310 912 1360 hausisse
932 1308 1022 1374 (ut
1043 1308 1173 1374 alia)
1188 1310 1395 1360 videtur
1418 1325 1450 1361 a

377 1396 558 1438 nostro
583 1402 601 1439 z
652 1389 669 1415 ⁶
708 1385 1000 1452 Numquam
1044 1387 1246 1436 sincera
1291 1387 1449 1437 bono·

375 1477 491 1515 rum
532 1465 663 1515 Sors
703 1462 796 1512 ulli
831 1477 1075 1513 concessa
1111 1465 1252 1514 viro:
1295 1478 1448 1528 quem

375 1541 554 1590 vultus
580 1530 846 1599 honestat,
868 1538 1212 1589 Dedecorant
1247 1553 1449 1589 mores·
1431 1573 1450 1601 ,

375 1619 578 1668 animus
596 1632 748 1682 quem
769 1614 1030 1679 pulchrior
1050 1622 1221 1677 ornat,
1245 1616 1449 1680 Corpus

377 1694 661 1755 destituit,
685 1691 835 1743 bellis
853 1690 1102 1755 insignior
1118 1691 1336 1752 ilie,Sed
1359 1706 1449 1754 pa·

377 1784 491 1822 cem
514 1769 685 1821 foedat
722 1770 892 1830 vitiis,
877 1784 890 1797 ·
929 1768 1014 1818 hic
1052 1767 1266 1832 publica
1301 1767 1451 1832 felix,

376 1847 481 1897 Sed
507 1848 717 1913 privata
750 1846 948 1896 minus:
984 1845 1222 1942 partiiim
1244 1847 1450 1910 singula

377 1938 640 1990 quemque
669 1920 1005 1972 Nobilitant.'
1028 1921 1167 1986 Lips.

445 2001 507 2051 In
528 2001 711 2064 beIIoJ‘
729 2000 852 2050 Non
876 1999 1048 2048 omnia
1064 1997 1235 2047 eidem
1254 1997 1341 2047 Dii
1359 1996 1447 2048 de·

377 2079 536 2130 dere.
575 2078 785 2127 vincere
806 2075 905 2125 scis
925 2075 1212 2136 Hannibal,
1232 2075 1450 2125 victoria

376 2157 453 2204 uti
477 2153 682 2219 nescis,’
706 2154 977 2203 Maharbal
1003 2151 1140 2216 apud
1163 2153 1274 2201 Liv.
1298 2165 1448 2203 xxii.

375 2236 458 2282 51.
513 2231 656 2283 ‘Hic
688 2237 832 2281 satur
880 2231 944 2279 ad
981 2244 1182 2293 pacem,
1216 2230 1300 2279 hic
1334 2245 1448 2280 cas·

376 2308 642 2359 trensibus
676 2308 820 2358 utilis
856 2305 1048 2368 armis,'
1082 2307 1324 2371 Properi.
1358 2307 1450 2356 lib.

380 2400 599 2438 xxxin.
643 2387 777 2450 eleg.
817 2389 865 2435 9.
936 2385 1144 2434 Primus
1188 2382 1447 2434 Antonius

375 2478 510 2529 pace
535 2464 813 2528 pessimus,
829 2461 965 2511 bello
979 2475 1081 2511 non
1106 2460 1447 2525 spernendus.

374 2541 646 2592 Videatur
682 2539 922 2604 proverb.
944 2546 958 2568 ⁸
979 2538 1096 2589 Non
1125 2539 1297 2587 omnia
1331 2553 1445 2601 pos-

371 2633 550 2670 sumus
571 2617 787 2670 omnes.'
851 2619 1048 2668 Tamen
1069 2617 1134 2666 1³.
1156 2615 1334 2680 Scipio
1360 2616 1444 2666 AE·

371 2696 616 2746 milianns
650 2695 888 2745 omnibus
917 2694 1040 2744 belli
1061 2708 1122 2742 ac
1147 2699 1284 2756 togae
1308 2691 1445 2742 doti-

369 2766 471 2823 lins
516 2773 957 2823 eminentissimus
990 2770 1109 2820 suit.
1160 2769 1353 2820 Vellei.
1401 2783 1443 2821 ι.

373 2852 458 2901 12.
481 2854 531 2899 3.
593 2850 682 2899 Sic
704 2850 756 2899 in
775 2849 895 2900 Tito
916 2847 932 2876 ⁴
953 2854 1070 2897 erat
1102 2846 1342 2897 docilitas
1377 2846 1444 2897 ad

372 2941 556 2977 omnes
578 2926 691 2977 fere
727 2934 837 2977 tum
873 2924 1019 2986 belli,
1042 2932 1154 2975 tum
1182 2924 1326 2988 pacis
1360 2938 1443 2973 ar-

374 3000 497 3053 tes-⁹
531 3003 682 3053 Suet.
705 3003 815 3053 Tit.
831 3017 880 3053 c.
898 3005 950 3052 4.
964 3010 978 3031 ‘
998 3001 1075 3051 Ut
1088 3008 1262 3051 autem
1280 3003 1443 3051 satius

373 3087 477 3143 est,
512 3095 670 3130 unum
704 3078 898 3145 aliquid
935 3078 1212 3142 insigniter
1246 3077 1444 3143 facere,

372 3172 528 3223 qnam
565 3156 787 3222 plurima
823 3155 1188 3216 mediocriter5
1221 3155 1298 3204 ita
1331 3155 1444 3220 plu·

373 3236 506 3287 rima
531 3236 884 3297 mediocriter,
905 3236 947 3284 si
973 3247 1073 3284 non
1098 3234 1262 3300 possit
1285 3249 1443 3286 unum

374 3312 573 3376 aliquid
615 3310 928 3377 insigniter!
983 3312 1124 3362 Plin·
1157 3311 1325 3376 Epist.
1363 3325 1445 3365 lx.

373 3389 640 3443 sanent.

437 3467 636 3530 Aliquis
656 3466 709 3516 in
725 3463 981 3529 heuman]
1003 3463 1260 3528 Exempla
1289 3464 1444 3528 primi

373 3547 580 3610 generis
603 3557 718 3595 esse
744 3550 959 3606 possunt
998 3541 1227 3593 Annibal
1251 3551 1306 3592 et
1328 3543 1444 3593 Ma·

374 3624 505 3684 rius,
542 3621 627 3671 ille
651 3620 947 3684 Campauiae
974 3618 1178 3668 deliciis
1213 3617 1280 3667 ad
1316 3619 1444 3668 moi·

370 3700 624 3755 lissimum
646 3697 918 3758 -detortns,
951 3693 1173 3745 testibus
1199 3693 1366 3752 Livio,
1388 3702 1444 3746 et

369 3778 530 3830 Floro
565 3790 631 3827 11.
653 3780 704 3826 6.
737 3773 822 3824 bic
855 3772 1140 3824 secundnm
1176 3773 1446 3825 Patercul.

372 3866 436 3904 ιι.
458 3856 544 3903 23.
583 3851 802 3907 ‘inotio
837 3850 1036 3900 civibus
1072 3847 1441 3902 infestissimus

371 3929 665 3996 quietisque
692 3923 1208 3989 impatientissimus!
1242 3925 1438 3976 Secun-

370 4010 444 4067 di.
479 4008 559 4059 M.
593 4007 656 4056 T.
678 4005 893 4056 Cicero:
930 4011 1058 4054 nota
1091 4011 1176 4054 est
1201 4004 1437 4056 omnibus

370 4085 471 4136 viri
493 4083 806 4149 eloquentia,
831 4082 882 4130 in
909 4081 1046 4131 bello
1070 4087 1243 4132 antem
1261 4096 1438 4133 socorf

368 4163 477 4213 dia.
523 4159 780 4221 Tauno.
804 4157 858 4210 J.
881 4158 1077 4218 Caesar,
1096 4157 1160 4208 C.
1183 4158 1438 4221 Caligula.

373 4237 582 4299 Quarti,
601 4235 773 4285 Titus.

370 4331 548 4370 eorum
572 4315 681 4366 vita
711 4311 1008 4364 Suetonius.
1076 4311 1278 4376 Quinti,
1300 4311 1436 4362 Cali-

841 4233 1012 4282 Testis
1035 4232 1103 4282 de
1126 4233 1364 4296 singulis,
1381 4232 1453 4284 in·

2459 381 2594 447 455

1526 542 1647 606 gula
1671 541 1808 595 idem
1830 539 2139 599 fortasse.et
2160 538 2350 600 Galba,
2372 540 2460 605 qni
2483 544 2593 595 mc-

1523 620 1622 668 lior
1642 617 1696 668 in
1720 620 1828 670 vita
1859 619 2064 684 privata
2090 616 2212 675 fuit,
2235 633 2385 683 qnam
2411 618 2462 668 in
2497 619 2589 669 im·

1527 695 1703 760 perio;
1737 710 1834 745 nec
1871 708 1970 744 non
2004 703 2060 745 et
2083 693 2312 759 Lepidus
2335 695 2589 752 triumvir,

1525 771 1595 822 de
1616 786 1719 837 quo
1740 773 1950 823 Patere.
1971 773 2006 822 1.
2029 785 2089 823 ιι.
2113 787 2159 822 c.
2176 776 2259 823 80.
2314 773 2594 830 Postremi,

1524 848 1796 914 Augustus
1838 850 1892 899 in
1935 859 2115 915 nepte,
2156 849 2453 912 nepotibus,
2490 851 2593 901 ὅτε.

1527 930 1638 975 tota
1663 939 1795 988 pene
1820 922 2035 989 familia,
2058 923 2464 975 infelicissimus.
2498 925 2591 974 vi-

1525 1001 1592 1052 de
1616 1002 1831 1052 Sneton.
1852 1016 1900 1051 c.
1924 1007 2007 1052 65.
2034 1000 2253 1052 pacm-01.
2579 1038 2612 1087 Q

1593 1079 1754 1128 Obsol.
1774 1079 1826 1128 in
1845 1077 1983 1142 pace]
2006 1077 2229 1128 Videtur
2249 1078 2416 1131 locum
2453 1076 2593 1130 bunc

1525 1152 1696 1204 verbis
1721 1154 1848 1217 ipsis
1887 1153 2080 1203 imitari
2116 1153 2375 1203 studuisse
2406 1153 2591 1205 Claud.

1524 1230 1594 1281 de
1635 1230 1803 1282 Laud.
1845 1231 2016 1281 Stilic.
2060 1230 2155 1281 snb
2192 1230 2395 1281 initium
2433 1229 2526 1281 lib.
2548 1245 2592 1282 ι.

1527 1309 1720 1360 ‘Bellis
1746 1308 1996 1373 insignior
2025 1308 2134 1366 ille,
2157 1308 2260 1358 Sed
2289 1321 2469 1372 pacem
2495 1305 2592 1358 ἴω,

1525 1385 1618 1437 dat
1659 1385 1816 1441 vitiis,
1817 1384 1831 1406 ’
1862 1388 1961 1435 ὅτε.
2000 1399 2116 1449 quai
2151 1398 2328 1447 operoe
2362 1384 2591 1449 pretium

1526 1466 1628 1516 erit
1642 1480 1758 1517 cnm
1782 1466 1924 1515 bisce
1946 1465 2112 1514 nostri
2134 1463 2363 1514 auctoris
2385 1461 2592 1519 confer·

1527 1545 1780 1593 re.Iden1

1593 1619 1913 1685 Humilitate]
1940 1617 2044 1668 Hic
2067 1631 2165 1667 non
2200 1616 2353 1680 pauci
2377 1615 2592 1668 edidere

1526 1698 1861 1757 humanitem,-
1892 1696 1984 1746 sed
2009 1710 2222 1759 prorsus
2245 1694 2590 1759 incommode,

1528 1782 1584 1826 et
1604 1783 1785 1825 contra
1805 1773 2170 1823 anctoritatem
2188 1778 2424 1821 veterum
2447 1769 2589 1821 codi-

1526 1866 1660 1903 cum.
1728 1852 1917 1901 Veram
1942 1850 2103 1911 igitur
2125 1862 2302 1898 vocem
2326 1847 2447 1897 buic
2476 1847 2591 1897 loco

1528 1929 1924 1990 vindicavimus,
1947 1928 2259 1979 Excurs.1v.
2295 1925 2539 1975 Schmun-2.
2573 1962 2578 1971 .

1592 2006 1904 2061 Humilitate.
1948 2001 2185 2067 captavit]
2229 2001 2550 2052 Humanitate
2573 2016 2595 2059 ,-

1526 2080 1619 2133 sed
1643 2081 1915 2131 humilitate
1932 2081 2000 2130 V.
2022 2079 2083 2130 C.
2107 2078 2288 2143 probe.
2310 2077 2475 2129 Livia.

1594 2159 1759 2219 Domi,
1799 2157 2037 2222 perdidit]
2091 2158 2167 2208 Ut
2209 2156 2495 2221 Augustus,
2536 2156 2592 2205 in

1524 2236 1651 2296 filia,
1667 2245 1842 2302 nepte,
1858 2234 2160 2300 nepotibus,
2176 2242 2232 2286 et
2250 2243 2363 2286 tota
2377 2233 2593 2291 familia,

1525 2312 1732 2365 infelix.
1753 2315 1893 2377 Lips.

1590 2395 1756 2454 Domi,
1770 2390 2003 2457 perdidit]
2022 2391 2097 2442 Ut
2114 2391 2285 2441 valida
2303 2391 2370 2440 D.
2390 2388 2592 2455 Augus-

1523 2477 1579 2520 to
1616 2471 1669 2519 in
1694 2469 2065 2534 rempublicam
2088 2466 2317 2528 fortuna,
2339 2469 2411 2516 ita
2450 2467 2593 2516 domi

1522 2550 1849 2614 inprospera.
1879 2546 2055 2597 Tacit.
2091 2545 2228 2596 Anu.
2251 2546 2285 2596 l.
2311 2558 2397 2595 ιιι.
2419 2559 2467 2597 c.
2503 2548 2593 2594 24.

1523 2626 1677 2677 Bern-

1589 2702 1783 2758 Quanta
1804 2698 2076 2762 concordia]
2100 2697 2241 2748 [dem
2269 2695 2450 2747 Claud.
2473 2697 2592 2748 Stil.

1525 2790 1567 2827 r.
1598 2781 1681 2829 33.
1717 2778 2081 2842 ‘sparguntur
2107 2775 2158 2823 in
2196 2788 2395 2835 omnes,
2432 2773 2497 2823 In
2536 2782 2591 2824 te

1521 2855 1688 2905 mixta
1723 2852 1920 2904 fluunt.
1969 2859 2025 2901 et
2060 2865 2173 2916 qum
2208 2849 2375 2899 divisa
2409 2848 2588 2900 beatos

1521 2931 1792 2994 Efficinnt,
1813 2930 2037 2980 collecta
2069 2925 2252 2978 tenes-⁹
2318 2926 2503 2977 Victor
2523 2925 2591 2977 de

1520 3007 1632 3072 ipso
1645 3006 1900 3073 Trajano:
1924 3005 1941 3033 ⁶
1955 3006 2152 3055 Tantus
2167 3008 2280 3053 erat
2298 3004 2350 3052 in
2365 3017 2427 3051 eo
2446 3017 2592 3052 max..

1520 3084 1738 3136 imarum
1777 3097 1949 3134 rerum
1971 3079 2171 3145 modus,
2191 3088 2252 3131 nt
2283 3079 2429 3145 quasi
2459 3087 2590 3129 tem·

1520 3166 1822 3227 peramento
1844 3158 2068 3224 quodam
2086 3157 2307 3208 virtutes
2322 3155 2590 3211 miscuisse

1523 3234 1825 3289 videretur.'
1847 3236 1986 3299 Lips-

1589 3316 1784 3372 Quanta
1805 3308 2082 3374 concordia]
2121 3310 2315 3361 Auson.
2353 3308 2420 3361 de
2454 3309 2588 3361 Tra-

1511 3392 1642 3457 jano
1664 3410 1679 3441 ι
1737 3398 1753 3421 ⁰
1778 3389 2097 3455 Aggreditur
2148 3387 2381 3452 regimen
2437 3387 2590 3439 viridi

1520 3469 1772 3533 Trajanus
1808 3469 1860 3516 in
1897 3480 2034 3527 ενα,
2062 3465 2202 3515 Belli
2231 3464 2388 3514 lande
2426 3465 2587 3537 prior,

1521 3556 1703 3598 cetera
1727 3546 1871 3609 pacis
1894 3543 2127 3595 habens.’
2150 3543 2306 3593 Ber-u.
2569 3575 2576 3582 -

1590 3625 1808 3687 Contigit
1824 3621 1872 3687 l]
1898 3623 2151 3684 Contigit?
2182 3622 2257 3672 Ut
2280 3620 2344 3669 V.
2366 3621 2532 3671 Livia.
2567 3654 2574 3659 -

1584 3699 1868 3762 δεοεήιαεὶ]
1893 3699 2090 3750 Eadem
2113 3698 2227 3748 fere
2252 3698 2318 3749 de
2340 3698 2592 3760 Agricola
2613 3718 2622 3727 ’

1518 3778 1764 3829 Tacitus:
1809 3778 1826 3806 ‘
1849 3778 1900 3828 N
1906 3791 1968 3827 ec
1993 3776 2086 3838 illi,
2106 3774 2244 3840 quod
2269 3783 2350 3825 est
2387 3776 2587 3825 rarissi-

1519 3869 1676 3918 mum,
1698 3860 1790 3904 aut
1823 3851 2049 3903 facilitas
2084 3853 2470 3911 auctoritatem,
2493 3859 2587 3902 aut

1517 3931 1768 3981 severitas
1791 3943 2016 3979 amorem
2036 3926 2314 3978 diminuit.’
2329 3928 2553 3980 Patarol.

1585 4008 1728 4056 Nihil
1745 4005 2015 4070 severitati]
2033 4005 2221 4056 Cicero
2242 4004 2308 4056 ad
2322 4006 2580 4057 Brutum:

1514 4084 1531 4111 ‘
1548 4082 1687 4135 Quid
1710 4090 1815 4143 tam
1839 4081 2225 4147 distans,quam
2249 4097 2278 4132 a
2299 4082 2585 4134 severitate

1514 4157 1765 4209 comitas?
1796 4158 1906 4223 quis
1943 4166 2120 4210 tamen
2145 4173 2366 4223 unquam
2404 4167 2457 4209 te
2491 4162 2582 4208 ant

1514 4235 1751 4285 sanctior
1794 4241 1875 4285 est
1919 4234 2143 4298 habitus,
2180 4241 2271 4286 aut
2304 4233 2580 4285 dulciori„

1513 4310 1653 4376 Lips.
