3017 4942
733 451 799 499 c.
847 446 1094 497 remu
1142 441 1476 525 securint
1529 440 1807 498 unse.
1883 441 1931 489 1.
1974 422 2085 489 23.

311 592 580 657 niticetur,
600 590 728 642 istos
750 606 955 657 quoque
975 591 1234 641 neminem
1257 588 1380 638 sub·

313 671 561 734 movisse,
598 677 690 720 aut
729 670 984 734 pulsasse,
1022 666 1381 731 ferociterque

2385 422 2517 489 537

1452 586 1562 651 nio,
1595 585 1745 639 Jovis
1767 600 1894 650 opus
1915 575 2075 635 fuerit
2098 581 2311 646 adoptio
2342 581 2522 646 Traja-

1453 664 1527 721 ni‚
1566 676 1683 727 quoe
1727 662 1791 712 ad
1829 675 1969 711 aram
2008 660 2161 712 Jovis
2187 658 2350 708 facta.
2412 656 2530 707 Alii*

312 746 548 809 laesisse3
585 756 760 811 prout,
794 746 1100 797 Herodiano
1136 753 1290 801 teste,
1316 757 1382 793 11.
1442 739 1553 805 jam
1578 755 1695 790 eum
1719 737 1977 788 Beroaldo
1999 742 2053 786 et
2086 736 2252 788 Juuta
2287 734 2520 784 Nervam

315 829 398 874 14.
465 824 725 874 Pertinax
747 838 954 889 quoque
984 824 1268 888 imperator
1287 823 1382 870 mi·

314 901 494 951 litibus
539 902 800 964 edixerat,
852 915 916 950 ne
959 901 1044 952 cui
1082 914 1147 951 ex
1188 898 1383 963 populo

316 979 687 1028 contumeliam
727 977 984 1041 facerent,
1031 991 1165 1026 neve
1207 988 1384 1041 quem-

315 1069 473 1119 quam
497 1067 886 1118 progressorum
911 1056 1196 1119 pulsarent,
1231 1065 1388 1101 cunc-

314 1138 372 1180 ta
395 1131 627 1197 denique
661 1130 920 1183 referrent
951 1130 1016 1181 ad
1053 1129 1385 1182 modestiam.

315 1206 562 1259 Schmun-z.

385 1284 682 1349 Capitolium
718 1284 991 1350 ascendere]
1043 1283 1231 1333 Prisca
1275 1283 1384 1347 pie·

318 1367 432 1411 tate
469 1368 526 1412 et
556 1362 682 1424 ritu,
714 1363 833 1412 Diis
867 1362 918 1410 in
943 1361 1089 1411 abitu
1112 1367 1234 1410 vota
1255 1374 1383 1409 nun-

316 1451 535 1500 cupere,
557 1438 609 1487 in
632 1437 807 1488 reditu
831 1438 1049 1486 solvere.
1084 1436 1220 1499 Lips.

378 1514 568 1563 Eodem
602 1515 702 1563 loco
735 1513 1083 1576 salutaverant]
1114 1513 1383 1577 Gryphius

316 1596 372 1640 et
428 1590 710 1640 sichardus
748 1591 942 1640 habent
983 1591 1230 1654 eodemque
1272 1591 1386 1639 loco.

316 1668 421 1719 Sed
460 1669 593 1718 nulli
627 1669 715 1718 alii
750 1667 890 1731 libri,
911 1668 1020 1717 sive
1052 1666 1236 1732 scripti
1277 1667 1386 1716 sive

317 1746 584 1809 impressi,
604 1746 755 1795 istam
775 1744 1050 1809 copulandi
1075 1745 1384 1809 particulam

318 1830 646 1885 agnoscunt3
680 1836 832 1886 quam
868 1836 964 1871 nec
997 1822 1259 1871 sementia
1296 1835 1386 1871 ne·

319 1899 552 1948 cessario
575 1899 808 1963 requirit.
848 1899 1081 1948 Verbum
1104 1906 1278 1947 autem
1305 1913 1388 1948 se-

319 1990 482 2040 quens
506 1976 651 2026 varie
671 1973 864 2026 flexum
888 1976 1212 2026 observatur.
1244 1975 1384 2025 Solu·

319 2052 531 2102 iuverint
549 2051 720 2101 minus
745 2052 909 2116 probe
929 2052 1182 2115 scriptum
1219 2057 1302 2101 est
1335 2052 1388 2101 iu

319 2129 531 2178 Veneto
554 2141 771 2193 meoque
793 2128 1077 2190 codicibus,
1113 2136 1169 2178 et
1204 2128 1256 2177 in
1278 2127 1390 2177 edi-

323 2204 468 2255 tione
506 2204 769 2255 Siehardi.

321 2282 533 2330 omnino
563 2282 789 2344 liabent3
823 2283 913 2332 sed
935 2284 1260 2332 salutaverant
1297 2297 1390 2346 op·

323 2359 451 2408 time
466 2359 639 2408 codex
656 2358 1086 2424 salisburgensis,
1107 2360 1392 2422 Livineius,

322 2434 554 2500 Lipsius,
588 2435 870 2493 Gruterus,
905 2436 1247 2500 Parisienses,
1276 2437 1395 2486 alii·

321 2523 424 2577 que
448 2513 791 2563 recentiores.
855 2512 1028 2578 Hujus
1053 2520 1228 2562 autem
1252 2514 1390 2562 salu·

324 2590 541 2640 tationis
574 2590 688 2654 jam
722 2605 898 2655 supra,
937 2604 993 2640 v.
1028 2595 1079 2643 4.
1115 2589 1264 2641 facta
1308 2595 1392 2641 est

323 2666 556 2718 mentior
593 2666 815 2717 ‘Omnis
856 2667 1025 2731 turba,
1063 2682 1180 2733 quae
1233 2667 1392 2718 limen

220 2781 226 2788 .
326 2745 618 2809 insederat,
650 2744 714 2794 ad
757 2746 1045 2810 ingressum
1084 2753 1229 2795 tuum
1267 2744 1395 2795 fori·

325 2820 423 2871 bus
443 2822 682 2878 reclusis,
706 2822 796 2872 illa
819 2811 1048 2887 qu‘idem,
1070 2829 1128 2873 ut
1153 2830 1279 2873 tunc
1312 2838 1395 2873 ar·
1424 2873 1429 2878 ,

326 2898 638 2965 bitrabatur‚
676 2901 884 2963 Deum;
923 2908 1177 2958 ceterum,
1214 2909 1274 2951 ut
1304 2901 1394 2951 do-

328 2977 435 3027 cuit
456 2986 698 3034 eventus,
713 2983 766 3029 te
788 2978 1135 3028 consalutavit
1160 2978 1392 3043 Impera·

329 3054 533 3105 torem.’
601 3054 685 3107 ef.
703 3069 853 3106 xciv.
871 3060 922 3107 4.
956 3055 1205 3106 Schwart-

395 3135 562 3184 Deum
580 3135 734 3208 ipsum
767 3132 926 3197 tuum]
960 3134 1101 3184 Loco
1138 3132 1396 3198 pronomi-

330 3212 407 3262 nis
430 3217 586 3272 tasm,
607 3212 908 3262 adverbium
930 3217 1047 3268 tam,
1085 3226 1148 3263 ex
1185 3211 1395 3275 conjec-

329 3296 451 3338 tura
472 3289 526 3338 in
551 3288 784 3353 margine
809 3294 1081 3338 notaverat
1105 3287 1400 3349 Livineius3

329 3365 468 3415 idem
523 3355 840 3429 approbavit
890 3365 1303 3426 Rittersbusius3
1341 3374 1398 3416 et

329 3442 384 3491 in
426 3450 732 3492 contextum
791 3441 1102 3505 Panegyrici
1148 3455 1397 3506 recepere

332 3519 563 3584 Lipsius,
596 3520 979 3584 Berneggerus,
1001 3520 1166 3580 Ceva,
1184 3527 1239 3569 et
1262 3520 1403 3570 Ges«

331 3610 508 3646 uerus.
547 3596 638 3654 At,
653 3597 752 3647 alio
771 3597 977 3646 nomine
998 3596 1217 3654 adscito,
1231 3589 1401 3646 Beross

332 3675 485 3724 aldus
509 3682 565 3725 et
580 3674 744 3726 Junta
765 3673 1045 3730 ediderunt
1056 3673 1214 3723 Deum
1226 3672 1399 3737 ipsam,

327 3758 520 3816 patrem
542 3758 714 3811 tuum,-
747 3753 874 3801 satis
893 3750 1050 3808 bene,
1067 3750 1109 3800 si
1133 3752 1258 3800 satis
1284 3766 1399 3801 cer·

334 3834 390 3879 to
416 3835 654 3879 veterum
684 3827 930 3878 librorum
968 3826 1282 3877 auctoritate
1303 3825 1401 3876 nisi

335 3904 663 3955 viderentur.
728 3903 929 3954 Contra
950 3917 1075 3953 vero
1111 3918 1289 3954 omnes
1313 3919 1404 3954 co·

335 3981 497 4045 dices,
533 3989 609 4046 et,
651 3988 846 4045 praeter
880 3981 1187 4042 nominatos,
1224 3994 1402 4030 omnes

335 4058 459 4107 libri
505 4059 761 4122 impressi,
802 4056 997 4107 liabent
1046 4057 1210 4106 Deum
1250 4058 1405 4121 ipsum

338 4138 487 4184 tuum.
556 4135 662 4185 Sed
687 4140 743 4183 et
765 4147 934 4183 rursus
956 4135 1006 4181 iu
1033 4133 1263 4182 diversas
1289 4147 1404 4197 par-

337 4219 419 4262 tes
441 4213 697 4262 secedunt
733 4217 1185 4265 commentatores,
1200 4209 1406 4259 ·incerti

343 4291 454 4353 quis
485 4290 792 4353 designetur
838 4289 998 4338 Deus.
1067 4285 1297 4340 Quidam
1330 4286 1407 4335 in·

343 4368 585 4431 telligunt
625 4367 812 4417 Jovem
839 4363 1231 4428 Capitolinum;
1264 4363 1406 4427 quia,

344 4442 723 4515 interpretibus
748 4442 998 4493 Gatanaeo
1033 4444 1089 4491 et
1121 4438 1406 4495 ..tam-Bau-

837 2204 1177 2256 Sulutavermst
1211 2206 1300 2270 plu
1307 2219 1401 2255 res·

1455 825 1696 868 statuunt
1719 816 1969 876 indicari3
2004 819 2187 876 utpote
2222 825 2375 875 quem
2410 808 2521 859 Pli-

1456 895 1573 944 nius
1609 901 1896 958 propterea
1936 890 2130 941 dixerit
2169 889 2344 943 Deum,
2385 884 2520 950 quod

1455 972 1712 1036 Trajanus
1731 970 1964 1020 Nervam
1987 968 2097 1016 vita
2120 963 2421 1014 defunctum
2444 961 2521 1012 fe-

1458 1050 1594 1100 cerit
1636 1049 1840 1108 Deum;
1874 1045 2013 1095 unde
2052 1043 2254 1093 Plinius
2292 1038 2522 1105 Trajano

1457 1125 1673 1186 dixerit,
1706 1125 1867 1174 Deum
1903 1128 2067 1179 taam
2098 1117 2237 1169 baud
2274 1131 2422 1167 secus
2460 1131 2522 1166 ac

1457 1202 1612 1267 infra,
1654 1214 1817 1251 xcru.
1844 1203 1891 1251 1.
1918 1206 1973 1249 et
1993 1202 2043 1249 8.
2079 1201 2332 1247 vocantur
2363 1195 2379 1221 ‘
2398 1206 2524 1242 con-

1457 1281 1593 1330 sules
1631 1276 1744 1341 tui,'
1778 1278 1812 1328 i.
1836 1291 1885 1326 e.
1920 1275 2158 1327 consules
2197 1288 2230 1322 a
2268 1278 2321 1321 te
2360 1268 2526 1332 facti3

1456 1362 1616 1422 prout
1633 1356 1747 1404 haee
1768 1354 1899 1403 bene
1913 1350 2152 1415 exposuit
2169 1347 2488 1399 Arutzeuius
2507 1359 2534 1406 ς’

1460 1433 1547 1497 qui
1571 1447 1696 1482 vero
1723 1428 1863 1481 forte
1896 1425 2229 1493 praetermisit
2255 1431 2524 1478 annotare,

1448 1510 1561 1574 jum
1611 1521 1817 1574 quoque
1860 1504 2078 1567 margini
2125 1502 2243 1551 libri
2280 1498 2526 1549 Vossiani

1458 1586 1779 1648 adscriptum
1800 1597 1912 1633 esse
1929 1581 2087 1630 Deum
2099 1583 2253 1639 tuum,
2267 1576 2301 1625 i.
2316 1590 2361 1626 e.
2385 1574 2538 1624 Ner--

1461 1679 1599 1725 vam,
1620 1668 1806 1726 utpote
1827 1672 1979 1726 quem
2006 1658 2174 1707 Deum
2192 1652 2323 1703 fecit
2339 1651 2536 1715 Traja-

1458 1740 1596 1791 nus.’
1632 1740 1784 1790 Idem-

1527 1817 1691 1867 Deam
1709 1816 1863 1878 ipsam
1880 1812 2038 1876 nam]
2076 1811 2297 1873 Legitur
2318 1814 2373 1858 et
2395 1805 2528 1860 alias

1458 1895 1613 1958 ipsum
1631 1898 1764 1955 tunc,
1784 1891 1874 1940 sed
1895 1898 2089 1954 praeter
2115 1888 2293 1937 libros.
2356 1885 2528 1934 Vocat

1462 1979 1639 2022 autem
1662 1971 1822 2020 Deum
1858 1981 2027 2031 suum,
2053 1966 2240 2018 Jovem
2270 1959 2530 2026 Capitoli-

1463 2061 1605 2098 num.
1638 2047 1788 2096 Grut.
1941 2059 1946 2068 ‘
2278 2097 2282 2104 ,

1536 2125 1710 2189 Operis
1752 2122 1851 2187 ssi]
1902 2122 2097 2184 Supra,
2139 2130 2265 2167 vm.
2298 2117 2349 2163 2.
2379 2109 2528 2161 ‘Sibi

1463 2201 1553 2252 Dii
1573 2200 1784 2264 gloriam
1802 2199 1941 2247 illam
1963 2194 2322 2245 vindicarunt:
2345 2190 2527 2239 borum

1464 2295 1596 2345 opus
1639 2277 1761 2343 fuit,
1811 2278 1992 2328 borum
2036 2272 2171 2340 illud
2210 2266 2527 2335 imperium.'

1463 2360 1688 2409 Paturol.

1532 2436 1715 2484 Iisdem
1733 2428 1982 2495 vestigiis]
2015 2428 2134 2479 Non
2158 2430 2258 2487 est,
2278 2421 2411 2486 quod
2443 2421 2532 2470 bio

1465 2527 1585 2564 eum
1630 2511 1805 2575 Lipsio
1843 2518 2134 2574 queramus
2176 2502 2240 2549 de
2283 2504 2532 2561 suggestu

1466 2588 1709 2656 quodam,
1755 2587 1806 2636 in
1847 2598 1950 2650 quo
1996 2578 2297 2632 constiterit
2331 2576 2544 2638 Nerva,¹

1465 2680 1585 2719 cum
1610 2664 1883 2729 adoptavit
1905 2660 2222 2724 Trajanurn3
2257 2662 2313 2705 et
2334 2651 2538 2703 deinde

1465 2744 1749 2809 Trajanus,
1790 2755 1927 2796 eum,
1969 2737 2245 2799 imperium
2285 2730 2533 2794 adeptus,

1470 2832 1812 2884 reversusque
1856 2816 1910 2865 in
1951 2811 2154 2873 urbem,
2206 2814 2331 2856 vota
2374 2805 2533 2855 solvit

1467 2898 1608 2948 Diis.
1644 2891 1866 2957 Vestigii
1886 2888 2094 2955 propria
2117 2882 2425 2949 significatio
2451 2887 2534 2930 est

1471 2974 1640 3039 pedis,
1662 2972 1745 3021 vel
1781 2968 2014 3032 eorporis
2045 2961 2334 3027 impressio,
2356 2957 2413 3008 id
2432 2963 2548 3020 ests

1468 3052 1671 3116 signum
1707 3055 1762 3098 et
1792 3046 1956 3097 forma
1980 3041 2149 3106 pedis,
2172 3039 2253 3088 vel
2280 3033 2533 3100 corporis,

1470 3141 1587 3194 quae
1628 3125 1939 3191 relinquitur
1989 3121 2044 3169 in
2093 3120 2227 3173 loco,
2281 3114 2368 3165 ubi
2412 3127 2536 3177 gra-

1470 3207 1662 3263 dimur,
1706 3213 1796 3254 ειη
1841 3201 2142 3262 assidemus,
2195 3201 2288 3244 aut
2326 3206 2542 3243 accuru-r

1473 3280 1662 3330 bimus.
1741 3276 1947 3329 Deinde
1988 3288 2083 3337 pro
2127 3270 2384 3333 exemplo,
2432 3268 2536 3331 sig-

1473 3372 1562 3414 no,
1613 3355 1828 3417 indicio,
1872 3352 1999 3402 item
2057 3363 2155 3414 pro
2200 3346 2542 3402 monimento,

1474 3442 1532 3485 et
1597 3432 1854 3497 reliquiis,
1930 3426 2183 3479 translate
2251 3421 2542 3485 accipitur.

1473 3512 1602 3569 Hie,
1640 3513 1796 3575 prout
1834 3512 1979 3557 recte
2022 3500 2292 3552 annotavit
2334 3498 2542 3549 Gesne-

1474 3604 1579 3652 rns,
1614 3596 1670 3638 et
1692 3593 1813 3637 ante
1847 3597 1965 3634 eum
1991 3581 2286 3641 Catanaeus,
2319 3587 2540 3640 genera-

1475 3669 1573 3717 tim
1611 3664 1823 3729 ponitnr
1864 3659 1957 3726 pro
1990 3658 2122 3720 loco,
2145 3653 2233 3705 ubi
2269 3652 2384 3718 quis
2414 3648 2540 3711 fuit,

1476 3741 1684 3793 etiamsi
1711 3753 1815 3789 non
1837 3739 2133 3800 appareant
2167 3729 2277 3795 ejus
2318 3726 2546 3791 vestigia

1478 3817 1689 3883 proprie
1705 3816 1867 3866 dicta.
1931 3812 2052 3865 Quo
2067 3823 2218 3857 sensu
2242 3806 2382 3855 idem
2404 3805 2548 3854 Ptin.

1479 3895 1653 3959 Epist.
1689 3906 1769 3943 vt.
1805 3895 1855 3948 7.
1876 3888 2030 3949 dixit,
2063 3886 2254 3948 ‘Saepe
2291 3883 2446 3932 etiam
2482 3882 2537 3932 in

1477 3970 1703 4033 vestigio
1742 3982 1856 4017 meo
1890 3964 2096 4015 libellos
2119 3975 2259 4010 meos
2283 3957 2543 4009 colloces-²

1480 4050 1603 4099 Huc
1638 4045 1860 4096 fortasse
1897 4049 1952 4090 et
1975 4038 2100 4089 illud
2134 4039 2247 4088 Cic.
2286 4036 2354 4086 de
2388 4034 2545 4085 Orat·

1481 4138 1570 4176 ιιι.
1594 4129 1644 4174 2.
1676 4120 1860 4172 referri
1886 4124 2058 4181 potest
2081 4132 2095 4165 z
2128 4117 2146 4143 ⁶
2164 4115 2294 4164 Post
2314 4114 2427 4178 ejus
2461 4113 2542 4161 in·

1481 4204 1692 4256 teritum
1734 4198 2067 4250 veniebamus
2111 4195 2165 4244 in
2217 4194 2433 4248 curiam,
2481 4198 2544 4241 ut

1483 4282 1760 4345 vestigium
1804 4275 1933 4326 illud
1975 4276 2162 4338 ipsum,
2211 4272 2263 4321 in
2309 4283 2413 4333 quo
2450 4268 2580 4328 ille,

1480 4353 1809 4425 postremumv
1821 4351 2121 4409 institisset,
2142 4340 2546 4400 contueremur-r⁸

1481 4437 1738 4490 Schmun-e
1810 4455 1814 4459 ·
2537 4447 2544 4456 ·
