3017 4942
452 380 591 450 550

457 538 543 591 bia
567 538 692 592 ferri
717 539 954 593 solebant
985 540 1206 606 lectica3
1240 556 1338 594 nec
1360 542 1526 609 impe-

459 625 664 670 ratores
687 623 910 677 tantum,
934 619 1027 669 sed
1050 620 1243 685 privati
1266 620 1445 686 etiam,
1468 623 1526 671 et

459 694 690 747 feminae.
721 698 851 748 Erat
875 703 1050 747 autem
1071 697 1159 747 illa
1184 700 1525 763 gestatorium

463 775 745 840 quoddam,
767 774 820 824 in
838 788 941 840 quo
965 774 1116 825 strati
1139 781 1289 826 erant
1309 774 1526 840 pulvini,

462 857 526 902 nt
568 851 773 902 mollius
809 852 1078 916 jacerent3
1116 850 1528 918 ferebanturque

464 928 753 993 suppositis
791 929 1162 993 exemptilibus
1193 930 1457 982 asseribus
1494 937 1529 980 a

465 1006 654 1069 servis,
672 1005 826 1056 modo
850 1013 1090 1071 quatuor,
1107 1006 1259 1057 modo
1282 1021 1394 1071 sex,
1417 1005 1530 1057 mo‘·

466 1080 537 1132 do
559 1089 695 1133 octo.
726 1083 904 1135 Quare
927 1084 1121 1134 mentio
1143 1082 1205 1134 fit
1227 1089 1243 1114 ⁸
1266 1082 1529 1148 hexapho-

468 1158 516 1208 τί
539 1157 555 1180 ’
590 1159 727 1224 apud
761 1160 994 1211 Martial.
1032 1171 1100 1209 n.
1126 1164 1209 1210 81.
1240 1173 1323 1211 Π.
1355 1164 1438 1212 δι.
1475 1164 1534 1211 et

470 1234 489 1263 ⁸
513 1236 788 1299 omophori
815 1234 830 1258 '
876 1236 1013 1299 apud
1059 1237 1220 1287 eund.
1257 1249 1343 1289 ιι.
1387 1240 1436 1287 3.
1473 1242 1533 1288 et

468 1310 609 1377 apud
649 1311 762 1361 Cic.
794 1310 845 1361 in
882 1312 1038 1362 Verr.
1065 1326 1124 1363 x.
1160 1316 1211 1362 2.
1243 1315 1259 1343 ⁸
1283 1311 1441 1377 Nain,
1472 1317 1536 1364 ut

470 1401 584 1438 mos
598 1387 700 1438 fuit
716 1388 977 1455 Bithyniae
996 1391 1220 1454 regibus.
1233 1391 1424 1442 lectica
1447 1404 1534 1442 oc*

472 1466 692 1530 tophoro
726 1466 1026 1530 ferebatur-3
1071 1468 1123 1517 in
1161 1482 1261 1532 qua
1294 1468 1536 1533 pulvinus

472 1551 590 1594 erat
627 1543 940 1609 perlucidus,
969 1544 1237 1595 Melitensi
1260 1558 1377 1595 rosa
1397 1544 1535 1596 farc-

470 1625 573 1670 tus.
596 1652 611 1672 .
632 1654 647 1669 .
673 1651 690 1670 .
710 1621 797 1672 Sic
820 1619 1065 1671 confecto
1086 1621 1294 1678 itinere,
1316 1636 1434 1672 cum
1467 1622 1535 1672 ad

475 1695 684 1761 aliquod
706 1697 919 1762 opidum
950 1705 1185 1756 venerat,
1215 1699 1397 1751 eadem
1429 1699 1536 1751 lec·

471 1773 579 1823 tica
602 1788 764 1840 usque
789 1775 838 1824 in
860 1774 1153 1825 cubiculum
1168 1773 1543 1828 deferebatur?

471 1850 663 1900 Allusit
690 1853 755 1902 ad
781 1852 915 1901 hunc
937 1867 1130 1903 morem
1153 1853 1395 1906 Juvenal.
1425 1854 1539 1905 Sat.

472 1940 564 1976 ιιι.
605 1931 721 1978 239.
762 1926 976 1979 ‘Turba
1019 1929 1266 1993 cedente,
1317 1931 1540 1982 vehetur

476 2005 656 2062 Dives,
692 2010 748 2055 et
790 2005 989 2069 ingenti
1032 2016 1207 2060 curret
1248 2023 1406 2072 super
1446 2023 1542 2061 ora

473 2080 740 2131 Liburno?
784 2080 1010 2134 Consule
1034 2084 1177 2148 Lips.
1201 2083 1372 2136 Elect.
1393 2099 1433 2136 1.
1456 2090 1540 2137 19.

475 2162 531 2208 et
562 2156 819 2210 Sebeffer.
852 2160 920 2211 de
955 2161 1033 2211 Re
1065 2160 1250 2212 Vehic.
1269 2171 1334 2213 ιι.
1356 2168 1407 2213 6.
1439 2162 1543 2215 Pu·

481 2236 622 2285 turoi.

544 2312 752 2365 Humeri
770 2313 1088 2380 cervicesque]
1119 2313 1329 2381 Nempe
1360 2316 1414 2367 in
1439 2317 1544 2368 lec·

476 2389 615 2440 ticis.
681 2390 784 2440 Sed
809 2391 970 2455 quid?
1004 2405 1177 2442 nonne
1198 2393 1356 2457 vulgo
1388 2407 1466 2443 eas
1489 2394 1544 2444 in

475 2468 605 2517 usu?
658 2480 852 2531 nonne,
894 2482 998 2518 non
1032 2468 1206 2519 dicam
1250 2476 1546 2533 senatores,

477 2542 570 2594 sed
595 2544 819 2609 equites,
849 2553 906 2596 et
939 2560 1121 2596 omnes
1154 2546 1329 2610 paullo
1361 2547 1542 2597 bones-

477 2621 642 2673 tiores
684 2622 748 2674 iis
785 2621 960 2674 vecti?
1014 2624 1253 2687 Factum,
1294 2630 1351 2675 et
1387 2622 1543 2674 docui

477 2699 710 2750 Elector.
746 2700 835 2751 lib.
871 2713 910 2751 ι.
976 2700 1107 2753 Quas
1144 2700 1304 2763 igitur
1337 2702 1423 2753 bic
1457 2716 1544 2753 su.

478 2776 666 2842 perbis
691 2777 937 2842 culpata?
971 2777 1147 2834 Quod,
1172 2777 1260 2829 ubi
1283 2780 1546 2844 princeps,

479 2861 540 2904 et
580 2854 750 2918 major
802 2855 896 2906 illa
933 2870 1175 2921 persona,
1214 2856 1446 2923 itemque
1489 2858 1545 2908 in

484 2932 709 2996 publicis
732 2934 1074 2984 conventibus
1095 2936 1434 3000 autpompis,
1459 2935 1545 2985 alii

482 3007 806 3058 abstinerent
821 3023 851 3057 a
870 3008 1093 3066 lecticis,
1113 3017 1170 3060 et
1195 3005 1412 3074 pedibus
1434 3024 1548 3075 gra·

482 3084 756 3136 detentur-
822 3084 898 3135 At
931 3085 1027 3143 illi,
1058 3093 1117 3135 ut
1141 3087 1447 3144 eminerent,
1470 3102 1550 3137 as·

484 3159 783 3224 sumebant,
816 3168 877 3210 et
911 3159 1050 3225 quod
1085 3161 1170 3212 bic
1195 3162 1365 3221 addit,
1391 3171 1552 3227 supet·

488 3228 581 3286 ora
622 3243 683 3287 et
725 3239 901 3303 capita
953 3238 1170 3290 aliorum
1222 3238 1550 3293 ferebantur.

487 3309 628 3378 Lips.
1002 3323 1008 3338 ¹

555 3390 816 3455 Super'oro
845 3393 1033 3458 nostra]
1066 3393 1312 3447 Juvenal.
1330 3393 1447 3445 Sat.
1463 3405 1555 3445 ιιι.

489 3466 688 3519 ‘turba
729 3467 955 3520 cedente
998 3469 1217 3520 vehetur
1259 3472 1442 3529 Dives,
1490 3478 1552 3523 et

486 3545 694 3609 ingenti
736 3554 917 3596 curret
958 3560 1116 3611 snper
1156 3562 1251 3598 ora
1288 3547 1554 3600 Liburno)

486 3620 740 3674 Arbitror
762 3636 885 3672 vero
921 3622 1002 3673 liic
1038 3623 1271 3686 inprimis
1299 3624 1556 3676 Domitia-

488 3715 615 3751 num
635 3701 822 3764 notari,
841 3700 928 3766 qui
952 3700 1141 3751 laboris
1159 3701 1438 3766 impatiens
1459 3715 1556 3767 per

488 3777 672 3828 urbem
711 3777 931 3842 pedibus
956 3792 1058 3827 non
1099 3784 1297 3830 temere
1327 3780 1557 3832 ambula-

493 3855 591 3917 vit,
616 3854 899 3905 Suetonius
920 3867 1039 3918 cap.
1063 3857 1145 3904 19.
1182 3855 1350 3905 Heia.

561 3930 719 3993 Super
740 3945 826 3980 oro
845 3930 1034 3995 nostro]
1065 3930 1308 3983 Juvenal.
1326 3932 1446 3983 Sat.
1466 3944 1559 3982 ιιι.

500 4010 618 4059 239.
651 4008 669 4036 ‘
696 4007 846 4057 turba
867 4007 1094 4057 cedente
1130 4009 1350 4058 vehetur
1372 4008 1561 4069 Dives,

494 4088 555 4133 et
578 4083 777 4147 ingenti
801 4089 978 4133 curret
1001 4098 1162 4148 super
1184 4100 1271 4135 ora
1295 4083 1564 4136 Liburno:

501 4159 735 4210 Seneca:
770 4157 786 4184 ⁴
813 4156 958 4209 Quos
993 4173 1152 4223 supra
1187 4160 1365 4224 capita
1399 4161 1557 4212 bomi-

501 4250 623 4288 num
649 4235 835 4286 lectica
859 4233 1167 4298 suspendit.’
1196 4236 1333 4300 Lips-

572 4313 640 4367 Te
678 4305 899 4371 libertas]
936 4310 1073 4362 Haec
1112 4312 1300 4364 desunt
1344 4314 1398 4365 in
1438 4328 1561 4367 con·

1148 394 1372 447 No'rffi
1417 395 1832 449 vsntontm
1880 394 1965 449 m

1602 547 1753 593 textu
1776 542 2029 607 Livineii3
2062 541 2155 594 sed
2189 541 2244 594 in
2278 542 2510 609 margine
2532 535 2670 608 legi&

1603 627 1707 684 tur,
1728 620 1920 685 Pietas,
1954 626 2002 670 te
2020 620 2237 685 libertos,
2257 636 2397 686 super
2420 620 2494 671 V.·
2508 620 2571 672 C.
2593 619 2670 671 G.

1601 695 1766 747 Liuia·
1832 696 2069 760 Optime.
2102 697 2286 747 Μία.

1671 775 1739 826 Te
1756 773 1931 826 ciuium
1955 775 2130 839 pietas,
2162 780 2211 825 te
2241 772 2463 837 libertos]
2496 775 2672 825 Voca-

1603 851 1781 903 bulum
1824 852 2001 902 eioium
2035 852 2216 901 unicus
2255 852 2451 902 omittit
2496 850 2670 902 codex

1605 930 1874 991 Venetus3
1907 936 1964 980 et
1987 928 2208 980 fortasse
2227 942 2329 979 uon
2364 930 2515 986 male,
2535 929 2581 978 si
2613 933 2673 978 et

1606 1014 1881 1073 sequentes
1904 1006 2021 1058 duee
2044 1020 2218 1068 voees,
2239 1008 2521 1068 teubertus,
2544 1006 2673 1069 reji-

1604 1084 1826 1144 ciantur,
1870 1091 1931 1135 ut
1967 1097 2074 1134 non
2120 1092 2225 1134 tam
2266 1083 2672 1148 civium,.quam

1606 1159 1769 1224 ipsius
1833 1158 2067 1224 Trajani,
2120 1159 2287 1224 pietas
2349 1159 2673 1223 designetur.

1610 1235 1722 1286 Has
1765 1243 1939 1286 autem
1983 1237 2165 1300 utique
2203 1248 2306 1284 non
2343 1235 2674 1299 agnovero&

1608 1312 1741 1364 liber
1778 1312 2078 1376 Vossianus,
2121 1312 2463 1374 Puteolanus,
2506 1311 2678 1361 Bero-

1610 1390 1777 1448 aldus,
1800 1391 2097 1454 estensem,
2118 1389 2303 1445 Aldus,
2329 1389 2678 1452 Philomusns,

1611 1468 1910 1531 Rhenanus,
1944 1466 2081 1516 Βοὴ.
2110 1471 2167 1516 et
2199 1466 2366 1516 Henr.
2394 1464 2676 1530 Stephani,

1611 1545 1832 1609 Navius,
1855 1545 2136 1609 Livineius,
2157 1543 2272 1611 (qui
2304 1553 2501 1601 tamen,
2521 1555 2678 1609 aeque

1612 1636 1675 1673 ac
1714 1622 1880 1673 Henr.
1911 1622 2222 1686 Stephanus,
2242 1636 2332 1672 eas
2353 1622 2407 1672 in
2438 1621 2678 1683 margine

1612 1695 1930 1764 annotavit,)
1975 1698 2318 1748 Boxbornius·
2404 1696 2681 1759 Attamen,

1614 1784 1834 1842 propter
1865 1782 1944 1828 tot
1972 1776 2189 1826 aliorum
2219 1774 2488 1831 librorum,
2521 1783 2681 1824 manu

1614 1856 1859 1921 typisque
1870 1855 2271 1919 exscriptorum,
2289 1852 2677 1914 auctoritatem,

1615 1933 1842 1982 nondum
1876 1930 2087 1981 easdem
2126 1932 2240 1981 loco
2272 1944 2365 1980 suo
2398 1928 2679 1982 movendas

1616 2010 1932 2060 existimavi.
2030 2008 2220 2074 Neque
2288 2020 2414 2057 vero
2484 2006 2681 2071 primus

1618 2087 1920 2151 sichardus,
1960 2092 2020 2137 ut
2060 2083 2375 2136 Arntzenius
2429 2082 2679 2144 tradidit3

1615 2163 1709 2215 sed
1748 2170 1869 2215 ante
1905 2176 2024 2212 eum
2059 2161 2171 2225 jam
2212 2159 2586 2224 cuspinianus,
2619 2163 2681 2208 et

1618 2241 1903 2307 Grunnius,
1917 2241 2011 2290 lias
2028 2239 2169 2304 ipsas
2184 2250 2338 2289 voces
2353 2237 2683 2300 evulgarunt.

1616 2317 1863 2369 Schmun-z.
2517 2337 2526 2342 ·
2668 2341 2677 2354 ,

1685 2396 1841 2461 Super
1860 2396 1986 2462 ipsos
2004 2386 2265 2457 principes]
2291 2389 2491 2440 Unicus
2513 2388 2682 2439 codex

1619 2473 1924 2535 Vaticanus,
1946 2485 1998 2519 ιι.
2017 2475 2167 2521 3461.
2202 2468 2381 2531 babet,
2412 2479 2555 2531 super
2583 2479 2686 2516 ona·

1615 2563 1699 2602 nes
1719 2549 1990 2614 principa,-
2022 2546 2115 2597 sed
2137 2546 2261 2596 binc
2282 2545 2413 2595 nibil
2434 2551 2516 2594 est
2537 2544 2688 2595 inno·

1619 2625 1864 2678 vandum.
1896 2624 2052 2673 Idem.

1685 2703 1875 2753 Hamus
1906 2702 2002 2751 ista
2032 2695 2317 2761 mnam]
2349 2697 2582 2748 vexatus
2601 2696 2688 2749 bie

1619 2784 1776 2834 locus.
1826 2777 2161 2842 Antiquiores
2183 2788 2405 2841 quasque
2429 2774 2688 2826 editiones

1619 2858 1813 2910 babent
1846 2860 1894 2904 le
1926 2855 1989 2903 od
2020 2853 2180 2903 sidera
2214 2852 2342 2901 tollit
2377 2850 2585 2900 humus.-
2615 2849 2689 2902 ito

1621 2932 1889 2987 communio
1910 2935 1960 2981 et
1978 2928 2173 2989 confuso
2199 2926 2431 2992 principis
2460 2924 2691 2989 vestigio.

1623 3012 1688 3062 In
1729 3010 1913 3062 codice
1956 3005 2251 3069 Guelpbico
2305 3003 2564 3065 scriptum
2606 3008 2691 3054 est

1624 3089 1754 3138 tollit
1781 3088 1952 3136 aumas
1981 3085 2100 3146 ista,
2124 3080 2388 3131 commuta
2417 3084 2468 3130 et
2494 3078 2693 3140 confuse

1620 3163 1856 3230 principis
1874 3159 2097 3222 uestigio.
2156 3157 2465 3207 Parisiensis
2488 3161 2694 3212 contra,

1625 3246 1683 3291 et
1721 3241 1976 3293 Venetus,
2016 3239 2074 3285 et
2107 3232 2515 3295 salisburgensis
2548 3230 2693 3281 codi-

1625 3331 1715 3369 ces
1742 3315 1938 3365 babent
1970 3312 2095 3362 tollit
2121 3310 2292 3360 isumus
2325 3309 2399 3357 ite
2420 3307 2696 3372 eommunis,

1626 3401 1678 3447 et
1695 3394 1889 3455 confusa
1907 3385 2137 3455 principis
2158 3385 2385 3448 vestigia.
2436 3385 2511 3435 At
2533 3384 2585 3434 in
2608 3398 2695 3437 co.

1625 3470 1830 3522 dicibus
1867 3464 2162 3523 Vaticanis.
2198 3471 2357 3528 atque
2390 3461 2524 3512 libro
2560 3461 2696 3512 Vos-

1625 3548 1795 3610 siano,
1821 3544 2037 3608 legimus
2071 3540 2199 3591 iouia
2234 3541 2405 3590 humus
2431 3529 2531 3589 isto
2569 3552 2697 3587 eom·

1627 3624 1803 3685 munis,
1855 3626 1906 3671 et
1956 3618 2150 3679 confuse
2201 3615 2436 3679 principis
2473 3613 2699 3676 vestigia.

1632 3700 1775 3751 Dedi
1796 3699 1914 3749 bnic
1949 3703 2225 3760 postrema
2259 3692 2472 3744 lectioni
2508 3692 2697 3748 locum,

1631 3791 1750 3843 quae
1803 3776 1964 3825 etiam
2010 3770 2295 3823 Arntzeuio
2334 3784 2389 3819 se
2432 3768 2699 3832 probavit„

1631 3851 1863 3916 Alioqui,
1882 3847 2117 3916 quamvis
2152 3846 2380 3896 libenter
2409 3843 2697 3908 receperim

1633 3928 1908 3989 communis,
1930 3939 2031 3976 non
2050 3922 2258 3989 quidem
2273 3936 2338 3972 ex
2360 3921 2699 3977 divinatione,

1631 4005 1727 4057 sed
1750 4019 1815 4056 ex
1840 4000 2086 4064 suffragio
2120 3998 2359 4051 codicum
2387 3997 2520 4048 Mss·
2556 3998 2701 4048 Vati·

1635 4095 1901 4135 canorum,
1915 4077 2129 4139 Veneti,
2141 4074 2564 4138 salisburgensis,
2579 4073 2704 4132 mei.

1636 4166 1692 4209 et
1734 4157 1924 4208 veteris
1970 4152 2219 4214 Livineii3
2275 4148 2450 4202 fateor
2503 4160 2699 4215 tamen,

1631 4247 1721 4288 me
1765 4246 1907 4298 aegre
1945 4230 2217 4281 dimittere
2258 4228 2567 4293 particulam
2609 4231 2703 4284 ita,

1635 4325 1855 4378 eamque
1878 4321 1994 4362 cum
2021 4306 2322 4378 pronomine
2344 4304 2439 4357 isto
2471 4319 2701 4374 commu-
