3017 4942
510 358 685 426 1076

501 519 701 582 efflet,
722 516 892 568 minus
915 520 1264 582 congruenter
1283 514 1441 568 liabet
1453 529 1576 580 guu-

505 598 636 647 dest.
658 595 913 647 Schwart-

572 672 755 722 Itenms
773 672 880 736 suo]
906 671 1024 722 Non
1047 670 1186 735 quod
1208 672 1463 721 alteruter
1485 682 1576 719 an·

507 753 562 799 te
580 749 787 811 cousul;
815 747 906 800 sed
926 762 1144 799 acumen
1161 755 1266 812 est,
1282 748 1419 813 quod
1434 754 1577 798 uter·

504 838 610 890 que
632 825 684 874 in
699 826 919 889 collega·
933 825 1208 875 consulatu
1224 824 1465 875 videatur
1476 822 1576 875 sibi

504 901 706 951 consul.
769 899 962 966 Itaque
1004 900 1107 967 bis,
1139 908 1198 952 et
1234 899 1419 952 eodem
1443 906 1574 951 tem·
1650 928 1668 948 .
1689 932 1705 949 .
1728 931 1744 949 .

504 991 635 1041 pore
660 986 821 1042 atque
843 990 995 1027 anuo.
1016 977 1155 1042 Lips-

571 1051 691 1103 Niss'
710 1054 834 1116 qaod
852 1050 1036 1114 tenen]
1074 1050 1121 1102 1.
1142 1065 1192 1102 e.
1212 1058 1574 1108 veruntamen,

502 1129 603 1180 dxc.
635 1126 723 1179 Cf.
739 1127 804 1178 ad
831 1141 1047 1179 xxxxv.
1068 1133 1119 1179 6.
1142 1127 1389 1179 &limars-

570 1209 672 1267 Qut
706 1224 876 1260 rursus
910 1211 1123 1260 consules
1141 1206 1300 1275 flunt]
1336 1206 1384 1258 1.
1409 1221 1457 1259 e.
1481 1206 1570 1273 qui

497 1286 713 1351 iterum,
753 1288 867 1338 sive
901 1286 1206 1343 secundum,
1238 1284 1478 1336 consules
1511 1284 1570 1334 fi·

499 1370 617 1420 unt,
640 1364 721 1414 bis
742 1364 950 1428 quidem
987 1362 1288 1427 obligantur
1310 1370 1459 1412 tanto
1479 1363 1573 1411 ho·

495 1453 646 1503 nore,
682 1439 862 1506 bisque
903 1438 1160 1505 gaudendi
1198 1438 1570 1489 nanciscuntur

496 1517 854 1579 occasionem3
890 1531 937 1567 v.
957 1531 1007 1581 g·
1031 1515 1110 1566 uti
1134 1514 1406 1567 Cornelius
1450 1511 1568 1564 Pal·

495 1607 603 1657 ma,
623 1595 832 1645 volente
854 1593 1102 1657 TraJauo,
1136 1590 1204 1643 Α.
1241 1591 1303 1642 C.
1340 1594 1425 1641 99.
1464 1590 1570 1653 pri-

494 1682 635 1719 mum
657 1670 985 1721 consulatum
1010 1668 1211 1734 gessit3
1246 1668 1311 1718 Α.
1351 1667 1414 1717 C.
1450 1671 1567 1717 109.

491 1744 682 1795 iterum
714 1744 818 1795 fuit
855 1745 1062 1808 consu13
1096 1745 1182 1794 liic
1225 1741 1434 1808 quidem
1469 1742 1568 1805 bis,

493 1820 585 1870 sed
613 1820 935 1885 temporibus
974 1820 1213 1883 diversis,
1239 1819 1337 1870 hoc
1370 1819 1567 1869 honore

492 1903 549 1948 et
574 1897 828 1949 beneflcio
848 1899 949 1949 sibi
965 1899 1144 1950 delato
1162 1897 1427 1961 obligatus
1452 1903 1565 1947 ests

491 1972 617 2023 dum
642 1981 815 2026 autem
840 1976 1041 2026 Plinius
1064 1984 1120 2027 et
1143 1976 1424 2037 Cornutus,
1449 1981 1564 2024 tan·

491 2058 644 2115 quam
682 2052 1089 2117 conjunctissimi
1113 2059 1169 2104 et
1199 2053 1366 2103 intimi
1391 2051 1565 2108 amici,

492 2126 724 2177 simulet
753 2127 937 2178 eodem
962 2126 1199 2192 tempore
1237 2127 1561 2178 consulatum

491 2210 813 2265 aeceperunt
835 2209 892 2253 et
915 2209 1205 2267 gesserunt,
1225 2216 1328 2252 nou
1365 2202 1562 2267 simpli·

490 2289 625 2333 cem,
646 2278 738 2328 sed
764 2279 912 2343 quasi
935 2280 1195 2344 duplicem
1215 2279 1560 2336 consulatum,

488 2354 758 2418 accepisse
804 2362 860 2407 et
894 2358 1118 2420 gessisse
1157 2355 1255 2406 sibi
1280 2355 1375 2406 visi
1406 2361 1560 2416 suut3

487 2442 648 2479 unum
687 2444 877 2495 nempe
914 2438 1134 2496 uterque
1173 2445 1271 2495 pro
1303 2445 1397 2481 sua
1438 2443 1560 2494 per·

488 2516 635 2569 sona,
673 2507 895 2556 alterum
942 2507 994 2557 iu
1040 2520 1262 2571 persona
1306 2506 1459 2556 amici
1499 2512 1560 2556 et

489 2580 738 2646 collegoe3
795 2582 1036 2648 quoniam
1069 2582 1338 2647 honorem,
1381 2581 1471 2647 qui
1505 2596 1563 2631 a·

485 2658 621 2707 mico
668 2659 913 2721 contigit,
960 2659 1095 2708 alter
1138 2660 1283 2723 quasi
1331 2671 1426 2723 pro
1468 2658 1560 2707 bo-

486 2748 615 2784 nore
638 2735 741 2785 sibi
782 2736 960 2786 delato
982 2736 1198 2796 babuit3
1233 2734 1371 2785 baud
1406 2748 1561 2786 secus

486 2823 549 2859 ae
575 2811 774 2861 Plinius
796 2811 864 2862 de
877 2812 1105 2878 Trojano
1119 2826 1297 2876 supra,
1317 2823 1364 2862 ι..
1379 2814 1428 2863 ¹1.
1443 2810 1559 2861 dix·

483 2885 546 2942 it,
576 2887 594 2915 ‘
614 2887 760 2939 Nihil
788 2890 955 2951 magis
995 2896 1140 2938 tuum
1174 2886 1366 2950 credis,
1400 2901 1557 2951 quam

483 2961 621 3026 quod
640 2976 733 3026 per
748 2964 945 3014 amicos
959 2961 1159 3015 babes.’
1225 2963 1295 3012 Et
1314 2960 1475 3012 ovid.
1489 2961 1556 3012 de

482 3039 757 3089 consulatu
778 3040 929 3091 amici
964 3039 1065 3103 sui,
1091 3053 1159 3090 ex
1193 3038 1368 3089 Ponto
1389 3051 1473 3088 tv.
1505 3041 1558 3087 9.

485 3116 569 3163 1⁴.
588 3115 606 3143 ⁴
628 3116 743 3167 Nec
765 3116 935 3167 minus
958 3117 1045 3167 iile
1067 3129 1233 3178 meus,
1248 3129 1402 3180 quam
1418 3123 1556 3172 tuus,

484 3195 625 3240 osset
647 3189 848 3240 bouor.'
908 3193 975 3241 Iu
998 3192 1076 3241 his
1098 3189 1209 3240 fere
1229 3189 1379 3239 nimis
1400 3204 1552 3254 argu·

482 3268 628 3312 tatur
650 3265 853 3314 Plinius
873 3280 889 3327 ς
920 3264 1016 3315 sed
1040 3279 1221 3329 parum
1243 3264 1412 3327 abest,
1427 3266 1554 3330 quin

483 3339 674 3390 similes
698 3341 879 3391 Ovidii
906 3342 1140 3405 argutias
1159 3355 1266 3405 prm
1281 3343 1446 3392 oculis
1460 3342 1551 3393 ha·

483 3414 658 3466 buisse
680 3417 940 3469 videatur.
1008 3417 1230 3469 Ovidius
1246 3419 1405 3476 enim,
1438 3420 1553 3470 loco

482 3491 669 3554 citato,
709 3507 785 3545 vs.
824 3498 908 3545 ⁵9.
942 3508 1089 3560 seqq.
1127 3493 1215 3545 ubi
1255 3495 1553 3559 gratulatur

485 3569 727 3622 Groedlbo
760 3574 827 3623 de
848 3574 1120 3625 consulatu
1149 3574 1436 3637 assignato,
1474 3575 1550 3625 di·

481 3647 574 3705 cit,
589 3658 823 3700 mutuum
841 3651 1084 3713 gaudium
1106 3649 1324 3701 fratrum
1349 3649 1482 3709 fore,
1501 3652 1548 3702 si

482 3722 617 3773 alter
639 3725 790 3775 alteri
813 3726 864 3775 in
887 3727 1168 3777 consulatu
1188 3728 1256 3777 sit
1277 3741 1548 3778 successu·

481 3812 602 3848 rus:
662 3800 884 3852 ‘Altera
936 3802 1158 3867 laetitioe,
1203 3816 1305 3854 nec
1350 3804 1548 3854 cedens

483 3886 664 3924 caussa
695 3876 877 3939 priori,
909 3878 1193 3928 Successor
1211 3878 1344 3929 tanti
1380 3877 1551 3930 frater

478 3947 684 4000 lionoris
700 3952 818 4001 erit.
852 3952 985 4003 Nam
1001 3954 1096 4004 tibi
1109 3952 1313 4004 {initum
1330 3969 1550 4013 summo,

482 4021 749 4087 Gramine,
785 4028 1064 4080 Decembri
1100 4030 1388 4095 Imperium
1425 4031 1549 4084 Jani

480 4099 701 4163 suscipit
721 4101 812 4152 ille
847 4103 951 4156 die.
1016 4104 1255 4171 Quoeque
1278 4115 1356 4157 est
1380 4107 1432 4157 in
1457 4123 1547 4158 vo·

481 4170 561 4220 bis
588 4174 774 4236 pietas,
801 4178 1006 4229 alterna
1031 4179 1212 4231 feretis
1232 4181 1456 4249 Gaudia,
1488 4188 1547 4233 tu

478 4242 659 4297 fratris
693 4249 937 4310 Fascibus,
960 4255 1051 4305 ille
1072 4257 1193 4307 tuis.
1257 4258 1345 4308 Sic
1369 4264 1427 4309 tu
1466 4259 1547 4311 bis

558 4324 644 4373 sris
667 4329 880 4390 consul;
911 4329 989 4382 bis
1006 4334 1186 4384 consul
1215 4339 1272 4385 et
1292 4335 1418 4387 ille·
1401 4372 1418 4400 ,
1454 4335 1544 4387 Iu·

580 4530 628 4593 h
1367 4572 1383 4600 s

1204 370 1425 422 1501·AE
1472 368 1883 422 vammum
1941 371 2024 422 m

1649 528 1753 582 que
1774 515 1932 567 domo
1954 516 2108 568 binas
2137 514 2496 583 conspicietur
2519 512 2726 569 honor?

1652 593 1810 644 Haud
1856 593 2164 645 dissimilem
2207 595 2376 646 lusum
2431 609 2614 661 supra,
2656 594 2723 645 ad

1652 684 1706 735 p.
1738 672 1855 720 812.
1887 671 2136 722 annotavi
2168 684 2236 720 ex
2275 671 2545 728 Martiale,
2594 683 2724 721 vm.

1647 749 1734 797 66.
1771 744 1788 774 ‘
1806 744 2075 797 Gaudenti
2107 753 2347 811 superest
2367 746 2560 803 adhuc,
2582 745 2723 810 quod

1650 828 1822 888 optet,
1842 823 1991 873 Felix
2015 837 2267 889 purpura,
2300 824 2487 874 tertius
2520 823 2725 873 consul.

1765 899 1923 950 Silius
1955 898 2258 965 frequentes
2278 900 2490 950 Mavult
2525 898 2608 950 sic
2629 913 2723 949 nn·

1646 989 1852 1027 merare
1892 978 2197 1028 consulatus
2221 975 2258 1028 τ’
2305 976 2396 1026 ubi
2452 975 2723 1026 Martialis

1647 1052 1778 1104 Silio
1814 1053 1986 1118 poete
2024 1053 2235 1103 videtur
2269 1060 2377 1104 tres
2412 1051 2723 1103 adscribere

1645 1123 1980 1192 consulatum
2012 1143 2131 1181 cum
2153 1129 2198 1180 is
2222 1138 2398 1180 tamen
2422 1142 2585 1179 unum
2609 1134 2723 1178 tan·

1647 1205 1935 1270 tummodo,
1966 1221 2190 1272 eumque
2225 1207 2572 1270 ordinarium,
2610 1219 2724 1271 ges·

1644 1282 1800 1333 sisset
1818 1285 1913 1334 sub
1947 1282 2196 1347 Nerone3
2230 1285 2455 1335 alterum
2481 1296 2613 1333 vero
2635 1295 2720 1346 ge·

1645 1356 1797 1409 rebat
1817 1358 1933 1423 ejus
1964 1357 2104 1409 fliius
2135 1366 2263 1409 natu
2286 1360 2455 1424 major
2488 1358 2594 1409 snb
2617 1359 2723 1408 Do-

1643 1434 1894 1497 mitian03
1929 1437 2145 1487 tertium
2175 1436 2507 1486 consulatum
2535 1433 2737 1493 Marti·⁴

1645 1509 1741 1561 alis
1763 1517 1919 1577 optat
1950 1512 2063 1563 filio
2095 1520 2226 1563 natu
2265 1513 2488 1562 minori:
2524 1511 2624 1561 bos
2649 1518 2722 1560 ta·

1642 1601 1762 1637 meu
1796 1602 1979 1640 omnes
2016 1589 2329 1640 numerabat
2361 1588 2525 1639 Silius
2573 1593 2723 1651 pater

1645 1670 1893 1728 tanquam
1933 1680 2056 1716 suos
2095 1666 2430 1726 consulatus;
2475 1663 2609 1729 qnia
2641 1661 2723 1713 bic

1641 1753 1739 1805 per
1761 1740 1897 1791 filios
1919 1743 2159 1793 consules
2174 1742 2353 1792 consul
2371 1754 2590 1806 quoque
2611 1753 2723 1789 esse
2751 1774 2759 1785 ,

1641 1813 1744 1865 sibi
1787 1815 2088 1868 videbatur.
2174 1818 2425 1869 Ceterum
2484 1815 2722 1866 anisnad·

1641 1893 1958 1944 vertimusin
1974 1894 2243 1945 codicibus
2267 1893 2399 1944 Mss.
2424 1893 2612 1944 Vatic.
2633 1893 2724 1943 Sa·

1638 1967 1972 2033 lisburgensi,
1991 1970 2275 2035 Patavino,
2297 1974 2352 2020 et
2382 1980 2530 2029 neo,
2557 1969 2722 2032 scrip·

1639 2050 1749 2094 tum
1788 2058 1928 2108 esse,
1960 2044 2227 2109 occepimus
2255 2045 2418 2105 mul,
2449 2044 2606 2093 simia
2637 2058 2724 2105 ge-

1636 2120 1817 2182 rinum·
1853 2137 2004 2187 quam
2027 2124 2341 2188 scripturam
2372 2123 2540 2172 etiam
2585 2120 2725 2171 Livi-

1636 2198 1785 2247 neius
1800 2212 1865 2248 ex
1881 2205 2063 2249 vetere
2088 2198 2270 2250 codice
2284 2197 2599 2248 annotavit·
2582 2231 2600 2258 ,
2632 2194 2723 2246 ubi

1635 2287 1834 2334 omues,
1857 2277 1909 2326 ni
1933 2274 2106 2333 fallor,
2131 2274 2310 2325 excusi
2335 2286 2431 2338 pro
2451 2273 2724 2337 accepimns

1635 2348 1831 2401 habeut
1866 2351 2159 2417 accipisne&
2204 2365 2304 2401 nec
2351 2347 2479 2399 illud
2539 2356 2719 2400 tamen

1643 2431 1854 2491 prorsus
1877 2429 2142 2495 displicet.
2165 2429 2317 2480 Iden.
2736 2452 2743 2457 ·

1698 2503 1935 2569 Alter-que
1959 2506 2014 2554 ia
2032 2506 2188 2556 altero
2204 2504 2440 2569 consula]
2470 2501 2522 2554 1.
2551 2517 2604 2554 e.
2624 2516 2717 2553 nos

1634 2589 1817 2632 mutuo
1829 2584 2067 2633 consules
2078 2596 2281 2644 sumus3
2304 2595 2405 2644 ego
2420 2581 2474 2630 in
2493 2580 2613 2638 illo,
2628 2581 2716 2631 ille

1633 2658 1687 2708 in
1702 2671 1805 2708 me.
1838 2659 2103 2710 Numerus
2123 2657 2474 2709 multitudinis
2495 2659 2717 2708 conules

1632 2734 1860 2787 habetur
1884 2738 1938 2787 in
1961 2736 2145 2787 codice
2166 2737 2271 2787 Ms.
2308 2734 2631 2799 Parisiensi,
2661 2738 2715 2784 et

1633 2813 1688 2863 iu
1731 2812 1921 2878 Lipsii‚
1955 2812 2263 2876 Boxhoruii,
2304 2811 2549 2875 cellarii,
2590 2811 2713 2862 alio·

1631 2902 1852 2955 rumque
1875 2903 2181 2954 paucorum,
2199 2887 2348 2938 libris
2369 2887 2604 2936 excusis.
2644 2885 2714 2937 At

1631 2965 1706 3017 Η.
1747 2964 2066 3032 stephanus,
2120 2963 2330 3016 Elzevir
2373 2969 2432 3013 et
2489 2962 2714 3013 Rivinus

1631 3041 1869 3100 edidere,
1887 3056 1983 3105 per
2005 3040 2392 3105 compendium,
2406 3053 2501 3089 cos.
2538 3037 2606 3087 In
2629 3050 2714 3087 co·

1630 3117 1835 3169 dicibus
1855 3120 1992 3170 Mus.
2018 3117 2198 3169 Vatic.
2221 3113 2634 3178 salisburgensi,
2657 3118 2713 3162 et

1631 3191 1954 3256 Guelpherb.
2009 3192 2246 3258 itemque
2302 3191 2358 3240 in
2401 3187 2711 3243 Puteolani,

1630 3268 1884 3333 Catanaei,
1897 3268 2002 3319 Cus
2009 3268 2220 3334 piniani,
2233 3264 2495 3322 Rhenani,
2508 3272 2570 3316 et
2589 3263 2713 3314 Phi-

1627 3346 1821 3398 lomusi*
1836 3347 2009 3411 libris,
2031 3346 2228 3410 legitur
2246 3357 2374 3394 eoas.
2433 3342 2500 3391 Iu
2525 3339 2710 3392 codiee

1626 3422 1839 3473 Veneto
1863 3426 1913 3473 2.
1937 3428 1994 3472 et
2023 3421 2161 3472 libro
2182 3419 2460 3480 vossiano,
2483 3416 2709 3481 pariter-

1626 3496 1805 3563 quein
1831 3497 2103 3561 Beroaldi,
2139 3496 2283 3560 Aldi,
2321 3495 2389 3544 R.
2424 3493 2707 3557 Stephani,

1625 3576 1870 3638 Livineii‚
1885 3573 2132 3640 Gryphii,
2151 3570 2414 3631 sichardi,
2437 3577 2492 3618 et
2512 3566 2704 3619 Baunii

1621 3651 1771 3703 libris
1805 3651 1986 3710 editis,
2022 3663 2303 3715 expressus
2339 3655 2423 3697 est
2455 3660 2702 3696 numerus

1621 3728 1918 3792 singularis,
1952 3729 2134 3779 consul.
2210 3727 2443 3776 Veteres
2467 3721 2702 3779 Romani,

1623 3803 1666 3853 si
1689 3817 1961 3855 numerum
1983 3801 2334 3854 multitudinis
2366 3801 2585 3850 consules
2613 3813 2701 3848 ex-

1626 3880 1850 3945 primere
1894 3879 2132 3943 voluere,
2182 3878 2507 3941 scripserunt
2565 3877 2701 3925 Coss.

1623 3954 1876 4019 Ambigo,
1893 3961 2015 4006 uter
2035 3969 2284 4005 numerus
2308 3955 2393 4003 hic
2417 3952 2702 4003 admittens

1625 4030 1741 4095 dus,
1783 4033 1948 4084 comt
1983 4047 2049 4083 an
2087 4034 2340 4091 cousulen-
2385 4031 2699 4082 utrumlibet

1624 4108 1796 4158 locum
1840 4109 2039 4159 habere
2084 4122 2238 4172 posse
2275 4116 2438 4171 puto;
2488 4105 2694 4157 interim

1623 4198 1895 4236 numerum
1930 4184 2284 4236 multitudinis
2314 4183 2567 4235 libentius
2611 4185 2695 4233 ad-

1622 4260 1775 4328 misi,
1793 4262 1916 4328 quia
1953 4261 2143 4314 referri
2181 4269 2360 4328 potest
2382 4261 2451 4311 ad
2486 4266 2693 4311 antece·

1625 4337 1758 4391 dens
1800 4353 2089 4406 pronomen
2128 4354 2236 4391 nos·
2312 4339 2403 4391 Sic
2449 4338 2565 4390 Liv.
2601 4336 2689 4389 lib.
