3017 4942
519 412 657 504 9ιέ

521 611 636 648 rum
655 604 778 648 ante
795 596 1028 663 Dipsium
1043 598 1436 663 impressornm3
1459 614 1589 664 pras·

524 675 709 726 sertim
742 690 859 725 cum
895 675 1028 726 adeo
1054 690 1256 736 novum,
1273 690 1374 725 non
1394 676 1485 738 sit,
1508 686 1585 726 ta·

522 753 602 801 les
625 750 903 802 infinitivos
928 752 1069 816 poni,
1092 751 1183 803 ubi
1212 753 1410 802 nullum
1445 753 1587 803 aliud

525 829 855 892 praecesserit
888 827 1109 890 finitum,
1139 843 1171 878 a
1203 842 1303 892 quo
1342 828 1590 890 pendeat.

525 903 697 955 Quem
725 905 777 952 in
811 903 964 953 linem
1004 905 1222 954 remittit
1247 906 1495 955 lectorem
1522 904 1587 954 ad

527 979 774 1030 Perizon.
813 981 881 1031 ad
911 982 1174 1031 sanctium
1211 995 1294 1031 xv.
1316 989 1366 1030 6.
1411 982 1588 1031 Dona-

528 1063 636 1109 tum
661 1059 727 1109 ad
750 1061 960 1110 Terent.
984 1060 1117 1110 Eun.
1140 1074 1227 1110 m.
1250 1065 1299 1110 1.
1332 1064 1380 1109 1.
1422 1061 1588 1110 Scali-

527 1148 711 1200 gerum
745 1136 808 1185 ad
838 1137 1033 1187 Catull-
1067 1138 1215 1188 Com.
1251 1138 1442 1187 Beren.
1468 1152 1589 1201 pag.

526 1215 610 1262 86.
634 1219 688 1261 et
707 1226 836 1277 quos
858 1214 1092 1264 laudavit
1116 1215 1180 1263 ad
1208 1216 1408 1264 Victor.
1439 1215 1590 1278 Epit-

527 1301 578 1337 c.
598 1291 683 1338 41.
739 1289 1064 1353 Quamquam
1087 1289 1274 1353 fatear,
1292 1292 1391 1341 ista
1413 1305 1590 1341 exem·

529 1364 618 1428 pla
641 1366 813 1414 om'nia
833 1380 935 1415 non
951 1380 1017 1415 ex
1035 1381 1151 1417 asse
1171 1368 1449 1417 convenire
1471 1382 1588 1418 cum

525 1440 627 1490 hoc
664 1443 823 1493 Plinii
857 1444 1006 1507 loeo⁷3
1038 1444 1135 1493 nisi
1168 1445 1308 1509 quod
1341 1459 1438 1507 ego
1477 1446 1594 1511 ipse

523 1516 689 1579 hujus‘
702 1513 907 1580 generis
935 1521 1229 1583 exemplum
1263 1524 1511 1571 annotavi
1540 1522 1591 1571 in

525 1592 580 1643 in
602 1594 701 1644 hoc
724 1596 837 1658 ipso
859 1595 1124 1660 Panegyr.
1146 1596 1209 1645 ad
1233 1609 1289 1646 x.
1312 1602 1362 1647 6.
1386 1605 1402 1627 ‘
1417 1593 1594 1647 Debe-

526 1666 572 1720 ri
597 1671 796 1735 quippe
813 1674 1037 1722 maximo
1055 1673 1204 1736 operi
1220 1672 1352 1725 hanc
1377 1672 1591 1724 'venera-

526 1732 759 1817 tionemf‘
796 1751 897 1798 διο.
930 1758 1083 1813 quem
1118 1749 1288 1799 locum
1333 1749 1593 1801 recentio-

525 1834 613 1873 res
636 1824 973 1889 interpretes,
989 1824 1300 1876 Arntxenius
1319 1835 1374 1876 et
1393 1827 1594 1878 Gesne-

526 1915 638 1963 rus,
666 1903 786 1971 ‘inp
820 1903 1157 1953 annotatione
1187 1904 1592 1969 praeterierunt3

526 1977 654 2027 mihi
681 1992 803 2027 vero
826 1980 867 2028 is
903 1994 1006 2028 non
1043 1979 1210 2029 miuus
1235 1980 1424 2030 dubius
1449 1981 1592 2030 vide-

527 2058 632 2104 tur'.
666 2055 949 2117 Utcunque
968 2054 1106 2105 enim
1127 2061 1226 2112 est,
1243 2056 1355 2107 liaec
1376 2057 1595 2122 loquen-

529 2131 584 2179 di
609 2132 741 2180 ratio
764 2131 919 2180 nihilo
942 2131 1108 2182 minus
1143 2139 1199 2181 et
1237 2132 1368 2197 aliis,
1395 2144 1449 2184 et
1471 2126 1593 2185 mibi

527 2207 649 2271 ipsi,
684 2208 986 2257 insolentior
1012 2206 1304 2272 duriorque
1339 2217 1423 2259 est
1459 2211 1594 2268 visa,-

527 2298 683 2350 quam
710 2294 764 2334 ut
786 2285 962 2334 Plinio
981 2292 1123 2339 recte
1148 2284 1400 2336 vindicari
1419 2293 1596 2352 queatz

528 2360 664 2433 Haec
687 2361 845 2411 verba
869 2361 970 2410 alia
989 2375 1055 2410 ex
1074 2362 1222 2424 'parte
1239 2364 1468 2412 auctiora
1491 2360 1594 2413 non

529 2440 733 2489 'tantum
771 2439 930 2490 babet
969 2438 1135 2488 codex
1168 2438 1593 2505 Guelpherbyta·

527 2527 647 2580 nus,
671 2518 762 2567 sed
787 2517 947 2568 etiam
970 2517 1182 2567 edidere
1205 2517 1396 2581 Aldus,
1415 2518 1595 2569 Philo:

526 2606 722 2657 mineus,
739 2594 1048 2655 Cratander,
1063 2595 1126 2643 R.
1149 2599 1205 2643 et
1223 2595 1293 2644 H.
1319 2596 1596 2660 Stephani,

527 2664 816 2736 Gryphius,
842 2674 1141 2738 Ascensius,
1164 2675 1461 2739 SicbarduS‚
1483 2677 1594 2726 Na-

527 2749 657 2811 vius,
676 2750 956 2809 Livineius,
972 2751 1322 2813 Boshornius,
1343 2760 1399 2801 et
1421 2744 1594 2821 Cellass

525 2826 665 2889 rius3
697 2828 837 2892 apud
881 2842 1011 2894 quos
1059 2826 1173 2878 baec
1219 2829 1469 2892 legimus:
1522 2831 1595 2880 Et

526 2906 739 2969 alioquin
772 2907 899 2956 nihil
924 2907 1080 2970 magis
1098 2902 1317 2970 prodesse
1338 2908 1593 2958 candidato·

524 2984 588 3030 ud
609 2988 851 3045 sequentes
871 2983 1086 3040 honores,
1109 2998 1248 3046 quam
1275 2988 1493 3046 peractos
1509 2999 1592 3047 op-

525 3057 644 3108 time
674 3060 1009 3120 magistratus.
1066 3060 1396 3120 Magistratus
1414 3064 1592 3125 magis-

527 3137 679 3196 tratu,
721 3135 896 3183 honore
924 3135 1090 3191 honor,
1128 3137 1327 3197 petitur.
1392 3138 1496 3186 Sed
1538 3139 1591 3187 in

525 3208 606 3258 his
643 3209 810 3272 primo
846 3209 1134 3259 infinitivus
1164 3213 1382 3273 prodesse
1419 3210 1592 3264 adhuc

492 3288 495 3293 “
526 3299 830 3349 suspensus,
883 3291 939 3335 et
993 3287 1107 3336 'sine
1159 3285 1345 3345 fulcro,
1392 3298 1591 3341 manet.

523 3360 754 3425 Deinde,
775 3361 862 3410 illa
883 3362 1091 3425 quidem
1127 3363 1318 3425 triplex
1342 3364 1592 3429 repetitio

438 3446 445 3451 ’
525 3440 763 3490 vocabuli
817 3433 1134 3502 magistratus
1181 3441 1458 3493 admodum
1509 3450 1591 3495 est

523 3517 795 3576 naturalis,
817 3521 872 3565 et
895 3516 1216 3579 simplicitati
1238 3521 1589 3581 grammaticae

522 3589 678 3642 facile
711 3594 969 3657 congruit,
999 3607 1098 3644 nec
1126 3595 1403 3645 sententiae
1429 3597 1592 3646 Plinii

526 3665 876 3729 adversatus-3
921 3678 1026 3718 non
1070 3668 1198 3718 satis
1251 3675 1429 3720 tamen
1470 3685 1588 3722 cum

524 3740 874 3793 concinnitate
890 3743 1048 3792 Plinii
1066 3745 1345 3794 convenire
1361 3745 1591 3798 videtur.

523 3817 734 3868 Mavult
764 3819 856 3869 ille
900 3819 1094 3884 aliquid
1130 3821 1360 3870 latenter
1393 3823 1590 3887 signiti-

522 3906 662 3951 care,
694 3911 847 3959 quam
880 3897 1052 3946 omnia
1080 3897 1387 3961 simpliciter
1416 3902 1590 3964 expri-

522 3968 684 4019 me're.
718 3971 984 4023 Pendenti
1002 3980 1174 4023 autem
1200 3974 1458 4026 infinitivo
1474 3976 1591 4041 jam

521 4044 612 4094 alii
655 4046 854 4096 mederi
899 4053 1192 4105 tentarunt,
1243 4048 1367 4100 dum
1411 4066 1479 4100 ex
1525 4052 1589 4103 eo

521 4119 738 4169 verbum
762 4120 964 4172 finitum
986 4122 1294 4174 formarunt·
1337 4127 1426 4177 Sic
1453 4128 1589 4178 Rbe-

522 4208 706 4254 nanus,
733 4198 843 4260 jam
877 4206 1001 4248 ante
1041 4200 1296 4263 Dipsium,
1326 4216 1413 4252 an.
1440 4208 1590 4254 1620.

522 4270 662 4320 hunc
697 4271 864 4321 locum
898 4275 972 4324 ita
993 4277 1355 4327 concinnatum
1379 4280 1589 4342 evulga-

516 4336 614 4397 viia
641 4348 714 4398 Et
729 4342 939 4415 alioquim
948 4351 1075 4402 nibil
1088 4354 1245 4417 magis
1260 4357 1455 4420 prodest
1466 4364 1586 4408 aaa*

1170 454 1436 506 mora:
1483 436 1892 507 neronum
1946 454 2025 507 m
2091 456 2097 465 ·

1659 600 1825 652 didato
1844 604 1906 651 nd
1927 597 2171 665 &questos
2182 597 2393 659 honores,
2406 602 2545 667 qaam
2564 595 2722 666 puoh-⁸

1662 674 1739 726 tris
1780 678 1954 740 optime
1995 679 2325 741 magistratus.
2402 668 2724 740 Magistratus

1660 756 1967 817 magistratu,
1988 751 2163 806 Ιιοιιονὲ
2182 756 2346 818 honor,
2357 757 2557 819 petitur.
2594 757 2725 804 Ean·

1663 831 1782 880 dem
1798 833 2075 883 lectionem
2096 834 2421 896 repetierunt
2440 826 2724 881 Frobenins

1662 921 1745 959 au.
1779 912 1925 958 1662.
1991 909 2288 965 Plautinus,
2317 903 2372 957 et
2412 907 2528 957 aliae
2568 902 2726 970 Lipsii

1662 982 1940 1038 editiones,
1960 983 2134 1033 Panll.
2157 983 2474 1048 Stephanus,
2496 983 2725 1046 Berneg·

1664 1075 1776 1124 ger,
1821 1059 2078 1123 Hackius,
2118 1061 2278 1110 Ceva.
2367 1056 2475 1109 Sed
2522 1058 2728 1108 videtur

1662 1135 1777 1186 haec
1800 1151 1831 1185 e
1856 1139 1966 1187 sola
1986 1136 2286 1200 conjectura
2304 1134 2576 1199 profecta;
2611 1134 2729 1199 quia

1664 1212 1943 1262 Rhenanus
1962 1219 2169 1263 vetusto
2184 1213 2353 1263 caruit
2367 1212 2550 1262 codice
2568 1227 2585 1273 ς
2608 1211 2729 1261 alio·

1666 1289 1790 1353 quin
1818 1291 1945 1339 satis
1984 1290 2114 1339 lenis
2149 1288 2235 1339 est
2266 1289 2592 1350 emendatio,
2626 1290 2668 1339 ai
2699 1284 2730 1338 ὀ

1660 1367 1882 1428 prodesse
1900 1364 1989 1414 fiat
2006 1366 2240 1428 prodest„
2255 1372 2312 1416 et
2334 1380 2401 1416 ex
2425 1380 2554 1416 casu
2582 1378 2729 1430 quar-

1667 1444 1724 1491 to
1764 1449 1995 1506 peractos.
2040 1456 2189 1493 casus
2245 1443 2441 1507 primns
2494 1446 2733 1506 peractus.

1667 1518 1803 1569 Haec
1834 1519 2091 1583 posterior
2119 1520 2395 1580 correctio,
2432 1524 2578 1568 teste
2602 1519 2733 1568 Gru-

1668 1600 1802 1654 tero,
1828 1596 1940 1659 jani
1981 1596 2139 1646 etiam
2174 1596 2467 1660 Bongarsio
2500 1595 2651 1645 venit
2681 1596 2731 1644 in

1667 1680 1915 1728 mentem,
1937 1671 2226 1737 eademqne
2257 1672 2309 1721 in
2343 1671 2581 1736 margine
2614 1669 2733 1721 libri

1668 1748 1823 1812 primi
1858 1742 2085 1798 Gudiani
2124 1756 2414 1798 annotatur.
2477 1744 2735 1812 Superest

1668 1827 1967 1878 emendatio
1992 1829 2181 1893 Lipsii.
2237 1828 2361 1891 Hic,
2382 1828 2736 1877 exterminato

1669 1903 1916 1952 adverbio
1958 1904 2185 1968 alioquin,
2216 1904 2488 1954 substituit
2519 1904 2735 1953 verbum

1667 1978 1883 2043 liquebit,
1898 1994 1976 2036 ac,
2004 1988 2121 2043 post
2144 1980 2477 2043 participium
2498 1984 2738 2042 peractos,

1667 2056 1953 2105 orationem
1969 2056 2312 2123 interpungit.
2346 2057 2461 2120 Ego
2484 2058 2609 2120 lego
2627 2048 2737 2105 bae'e

1667 2132 1835 2196 Lipsii
1873 2132 2115 2196 vestigia,
2149 2133 2224 2181 ita
2255 2132 2486 2196 quidem,
2520 2140 2586 2181 ut
2617 2131 2740 2181 reti·

1668 2223 1821 2258 neam
1878 2209 2185 2274 particulam
2243 2210 2417 2259 Plinio
2464 2209 2736 2272 usitatam,

1666 2285 1896 2351 alioquin,
1931 2292 2152 2351 eamque
2183 2287 2235 2334 in
2264 2285 2504 2335 omnibus
2529 2285 2737 2335 omnino

1669 2353 1985 2427 Panegyrici
2007 2362 2159 2427 hujus
2183 2362 2572 2426 exemplaribus
2602 2372 2736 2426 prm-i

1668 2446 1908 2502 sentem3
1940 2440 2056 2489 ltuic
2087 2453 2210 2490 vero
2244 2439 2474 2502 adjungo
2515 2434 2730 2488 verbum

1667 2519 1837 2583 liquet,
1859 2520 2010 2583 cujus
2034 2518 2280 2568 indicium
2313 2517 2582 2582 'quoddam
2613 2515 2730 2566 mibi

1669 2595 1852 2645 videor
1882 2595 2115 2644 invenire
2155 2594 2209 2643 in
2244 2595 2359 2656 ip'sa
2382 2591 2729 2642 antecedente

1670 2672 1944 2735 particula,
1978 2672 2175 2736 alioqui.
2240 2671 2371 2721 Cum
2404 2669 2548 2719 enim
2584 2660 2638 2717 in
2670 2666 2728 2717 ea

1666 2748 1836 2798 literar
1867 2749 1967 2812 tiqu
1995 2749 2218 2811 lateant,
2238 2746 2479 2812 quaedam
2505 2759 2730 2808 pronun*

1668 2824 1835 2874 tiandi
1863 2825 2151 2875 similitudo
2184 2818 2237 2874 in
2270 2827 2494 2887 utraque
2516 2836 2650 2872 voce
2677 2821 2729 2870 li-

1670 2899 1844 2950 brario
1865 2901 2110 2951 oscitanti
2136 2899 2466 2949 occasionem
2492 2898 2624 2948 dare
2645 2902 2730 2963 po·

1667 2978 1790 3042 tuit,
1812 2985 1872 3027 ut
1896 2976 2110 3028 verbum
2142 2978 2290 3041 liquet
2314 2990 2527 3040 prorsus
2552 2976 2731 3025 omise-

1668 3054 1773 3116 rit3
1808 3069 1926 3119 quae
1951 3054 2249 3116 corruptela
2273 3052 2525 3115 deinceps
2547 3051 2602 3101 in
2627 3052 2734 3116 plu·

1668 3144 1728 3179 ra
1745 3132 2067 3194 exemplaria
2087 3129 2389 3179 dimanavit.
2436 3129 2594 3178 Nunc
2613 3128 2735 3178 vero

1667 3205 1796 3255 illud
1831 3206 2142 3269 postliminio
2177 3204 2560 3255 restituendum
2601 3218 2735 3266 esse,

1668 3282 1870 3346 putavi,
1892 3294 2061 3345 neque
2084 3279 2220 3331 forte
2246 3281 2410 3329 invito
2433 3280 2632 3342 Plinio,
2649 3280 2735 3346 qni

1663 3348 1859 3420 saepius
1900 3356 2000 3407 boc
2055 3356 2219 3406 verbo
2268 3370 2392 3405 usus
2437 3357 2735 3420 elegantem

1662 3431 1974 3495 πλαγιασμδν
2021 3432 2204 3482 intulit
2265 3432 2532 3499 orationi}
2587 3449 2640 3484 v.
2684 3447 2734 3496 κ.

1667 3511 1837 3577 Epist.
1860 3524 1913 3560 v.
1936 3512 2055 3559 IAE.
2091 3522 2148 3560 v.
2183 3512 2266 3557 12.
2292 3511 2340 3557 3.
2395 3508 2601 3572 Paneg.
2626 3521 2665 3558 1.
2687 3512 2737 3557 4⁶.

1665 3598 1745 3636 vl.
1783 3591 1833 3636 8.
1861 3588 1965 3634 &m
2030 3583 2294 3633 Gesnerus
2330 3584 2466 3633 banc
2503 3584 2734 3634 nostram

1664 3663 1945 3713 lectionem
1984 3661 2141 3709 etiam
2178 3659 2422 3719 admisit,
2456 3658 2558 3708 nisi
2598 3654 2736 3724 quod

1664 3741 1891 3803 censuit,
1915 3738 2073 3787 verbo
2105 3724 2276 3801 uquet,
2305 3737 2491 3786 eodem
2522 3736 2653 3801 jure
2676 3738 2735 3786 li-

1664 3832 1786 3868 cere
1821 3815 2139 3866 substituere
2167 3808 2324 3876 debe't,
2355 3814 2494 3878 quod
2523 3823 2736 3864 senten·

1666 3896 1753 3944 tiae
1789 3894 1955 3955 magis
1992 3892 2274 3942 convenire
2307 3889 2568 3941 videatur.
2595 3902 2601 3910 ·
2631 3890 2734 3942 Sed

1663 3984 1766 4018 non
1801 3968 1975 4024 video,
1996 3980 2096 4032 qua
2117 3973 2187 4016 'ex
2211 3980 2398 4016 caussa
2422 3967 2590 4031 magis
2612 3980 2736 4018 con·-

1663 4044 1840 4095 veniat
1860 4059 1877 4102 3
1900 4057 2016 4093 cum
2040 4050 2187 4092 certe
2209 4055 2310 4090 non
2336 4050 2602 4105 congruat
2619 4056 2734 4093 cum

1662 4120 2004 4184 sequentibus
2059 4117 2249 4178 verbis,
2300 4117 2405 4166 'nisi
2455 4132 2563 4181 pro
2607 4132 2733 4168 casu

1662 4203 1850 4262 quarto
1867 4199 2106 4260 peractos,
2130 4199 2421 4255 reponatur
2451 4207 2605 4242 casus
2631 4195 2733 4258 pri·

1663 4289 1775 4338 mus
1811 4272 2014 4337 peracti.
2066 4271 2216 4328 ,Quis
2249 4269 2389 4320 enim
2424 4268 2733 4331 dixerit,Et

1661 4350 1845 4417 alioqui
1861 4349 2001 4421 ‘¹9⁶²‘
2021 4349 2146 4401 nihil
2163 4348 2318 4411 magis
2334 4348 2561 4414 prodesse
2571 4347 2733 4400 coadi-
