<?xml version="1.0" encoding="UTF-8"?>
<!DOCTYPE html PUBLIC "-//W3C//DTD XHTML 1.0 Transitional//EN"
    "http://www.w3.org/TR/xhtml1/DTD/xhtml1-transitional.dtd">
<html xmlns="http://www.w3.org/1999/xhtml" xml:lang="en" lang="en">
 <head>
  <title>
</title>
<meta http-equiv="Content-Type" content="text/html;charset=utf-8" />
  <meta name='ocr-system' content='tesseract 3.04.00' />
  <meta name='ocr-capabilities' content='ocr_page ocr_carea ocr_par ocr_line ocrx_word'/>
</head>
<body>
  <div class='ocr_page' id='page_1' title='image "./panegyriciveter01unkngoog_0381.png"; bbox 0 0 3017 4942; ppageno 0'>
   <div class='ocr_carea' id='block_1_1' title="bbox 768 368 2123 434">
    <p class='ocr_par' dir='ltr' id='par_1_1' title="bbox 768 368 2123 434">
     <span class='ocr_line' id='line_1_1' title="bbox 768 368 2123 434; baseline -0.004 0"><span class='ocrx_word' id='word_1_1' title='bbox 768 384 832 434; x_wconf 80' lang='grc' dir='ltr'>ο.</span> <span class='ocrx_word' id='word_1_2' title='bbox 884 382 1137 433; x_wconf 67' lang='lat' dir='ltr'>enimi</span> <span class='ocrx_word' id='word_1_3' title='bbox 1189 380 1524 433; x_wconf 67' lang='lat' dir='ltr'>saeuum</span> <span class='ocrx_word' id='word_1_4' title='bbox 1581 383 1855 433; x_wconf 65' lang='lat' dir='ltr'>efflue.</span> <span class='ocrx_word' id='word_1_5' title='bbox 1931 368 2123 434; x_wconf 81' lang='lat'><strong>1.55.</strong></span> 
     </span>
    </p>
   </div>
   <div class='ocr_carea' id='block_1_2' title="bbox 309 524 1405 3043">
    <p class='ocr_par' dir='ltr' id='par_1_2' title="bbox 309 524 1405 3043">
     <span class='ocr_line' id='line_1_2' title="bbox 331 524 1403 594; baseline -0.001 -14"><span class='ocrx_word' id='word_1_6' title='bbox 331 529 605 594; x_wconf 81' lang='lat' dir='ltr'>telligatur</span> <span class='ocrx_word' id='word_1_7' title='bbox 625 524 828 581; x_wconf 81' lang='lat' dir='ltr'>&#39;minuta</span> <span class='ocrx_word' id='word_1_8' title='bbox 848 528 1062 582; x_wconf 81' lang='lat' dir='ltr'>honoris</span> <span class='ocrx_word' id='word_1_9' title='bbox 1083 542 1275 592; x_wconf 79' lang='lat' dir='ltr'>genera</span> <span class='ocrx_word' id='word_1_10' title='bbox 1298 542 1403 579; x_wconf 88' lang='lat' dir='ltr'>om·</span> 
     </span>
     <span class='ocr_line' id='line_1_3' title="bbox 332 607 1402 671; baseline -0.001 -15"><span class='ocrx_word' id='word_1_11' title='bbox 332 607 456 656; x_wconf 67' lang='lat' dir='ltr'>nino</span> <span class='ocrx_word' id='word_1_12' title='bbox 487 622 787 671; x_wconf 85' lang='lat' dir='ltr'>recusasse;</span> <span class='ocrx_word' id='word_1_13' title='bbox 835 622 952 658; x_wconf 88' lang='lat' dir='ltr'>cnm</span> <span class='ocrx_word' id='word_1_14' title='bbox 990 613 1160 656; x_wconf 87' lang='lat' dir='ltr'>tamen</span> <span class='ocrx_word' id='word_1_15' title='bbox 1196 614 1402 659; x_wconf 83' lang='lat' dir='ltr'>contra·</span> 
     </span>
     <span class='ocr_line' id='line_1_4' title="bbox 330 682 1404 749; baseline 0 -18"><span class='ocrx_word' id='word_1_16' title='bbox 330 682 463 733; x_wconf 88' lang='lat' dir='ltr'>rium</span> <span class='ocrx_word' id='word_1_17' title='bbox 510 699 576 733; x_wconf 84' lang='lat' dir='ltr'>ex</span> <span class='ocrx_word' id='word_1_18' title='bbox 631 683 968 749; x_wconf 73' lang='lat' dir='ltr'>sequentibus</span> <span class='ocrx_word' id='word_1_19' title='bbox 1014 682 1187 733; x_wconf 81' lang='lat' dir='ltr'>verbis</span> <span class='ocrx_word' id='word_1_20' title='bbox 1246 697 1404 748; x_wconf 86' lang='lat' dir='ltr'>appa·</span> 
     </span>
     <span class='ocr_line' id='line_1_5' title="bbox 330 761 1404 825; baseline 0 -15"><span class='ocrx_word' id='word_1_21' title='bbox 330 767 467 812; x_wconf 85' lang='lat' dir='ltr'>reat.</span> <span class='ocrx_word' id='word_1_22' title='bbox 534 761 656 824; x_wconf 78' lang='lat' dir='ltr'>Ego</span> <span class='ocrx_word' id='word_1_23' title='bbox 673 769 896 825; x_wconf 80' lang='lat' dir='ltr'>utraque</span> <span class='ocrx_word' id='word_1_24' title='bbox 931 774 1082 810; x_wconf 85' lang='lat' dir='ltr'>mann</span> <span class='ocrx_word' id='word_1_25' title='bbox 1118 761 1404 824; x_wconf 83' lang='lat' dir='ltr'>amplecte·</span> 
     </span>
     <span class='ocr_line' id='line_1_6' title="bbox 328 837 1405 905; baseline -0.003 -18"><span class='ocrx_word' id='word_1_26' title='bbox 328 851 416 887; x_wconf 82' lang='lat' dir='ltr'>rer</span> <span class='ocrx_word' id='word_1_27' title='bbox 449 838 729 905; x_wconf 79' lang='lat' dir='ltr'>lectionem</span> <span class='ocrx_word' id='word_1_28' title='bbox 763 837 817 886; x_wconf 88' lang='lat' dir='ltr'>in</span> <span class='ocrx_word' id='word_1_29' title='bbox 853 842 932 885; x_wconf 90' lang='lat' dir='ltr'>tot</span> <span class='ocrx_word' id='word_1_30' title='bbox 966 837 1238 888; x_wconf 74' lang='lat' dir='ltr'>codicibus</span> <span class='ocrx_word' id='word_1_31' title='bbox 1273 837 1405 886; x_wconf 84' lang='lat' dir='ltr'>Mss.</span> 
     </span>
     <span class='ocr_line' id='line_1_7' title="bbox 329 907 1400 979; baseline -0.003 -14"><span class='ocrx_word' id='word_1_32' title='bbox 329 914 503 965; x_wconf 78' lang='lat' dir='ltr'>adhuc</span> <span class='ocrx_word' id='word_1_33' title='bbox 527 907 766 979; x_wconf 50' lang='lat' dir='ltr'>obviam}</span> <span class='ocrx_word' id='word_1_34' title='bbox 800 918 893 967; x_wconf 75' lang='lat' dir='ltr'>seii</span> <span class='ocrx_word' id='word_1_35' title='bbox 931 923 1057 966; x_wconf 88' lang='lat' dir='ltr'>tunc</span> <span class='ocrx_word' id='word_1_36' title='bbox 1094 914 1400 979; x_wconf 81' lang='lat' dir='ltr'>particulam</span> 
     </span>
     <span class='ocr_line' id='line_1_8' title="bbox 328 992 1400 1058; baseline -0.002 -15"><span class='ocrx_word' id='word_1_37' title='bbox 328 995 576 1058; x_wconf 80' lang='lat' dir='ltr'>negandi,</span> <span class='ocrx_word' id='word_1_38' title='bbox 608 1010 721 1057; x_wconf 71' lang='lat' dir='ltr'>uon,</span> <span class='ocrx_word' id='word_1_39' title='bbox 751 995 886 1046; x_wconf 86' lang='lat' dir='ltr'>hunc</span> <span class='ocrx_word' id='word_1_40' title='bbox 925 995 979 1043; x_wconf 92' lang='lat' dir='ltr'>in</span> <span class='ocrx_word' id='word_1_41' title='bbox 1018 993 1243 1051; x_wconf 83' lang='lat' dir='ltr'>modum,</span> <span class='ocrx_word' id='word_1_42' title='bbox 1277 992 1400 1055; x_wconf 83' lang='lat' dir='ltr'>reji-</span> 
     </span>
     <span class='ocr_line' id='line_1_9' title="bbox 326 1069 1401 1135; baseline -0.002 -16"><span class='ocrx_word' id='word_1_43' title='bbox 326 1070 570 1121; x_wconf 75' lang='lat' dir='ltr'><strong>ciendam</strong></span> <span class='ocrx_word' id='word_1_44' title='bbox 613 1071 926 1135; x_wconf 82' lang='lat' dir='ltr'>judicarem,</span> <span class='ocrx_word' id='word_1_45' title='bbox 973 1071 1095 1127; x_wconf 71' lang='lat' dir='ltr'>Ques</span> <span class='ocrx_word' id='word_1_46' title='bbox 1148 1069 1401 1133; x_wconf 67' lang='lat' dir='ltr'>qualiaque</span> 
     </span>
     <span class='ocr_line' id='line_1_10' title="bbox 323 1145 1400 1209; baseline -0.003 -13"><span class='ocrx_word' id='word_1_47' title='bbox 323 1153 410 1197; x_wconf 75' lang='lat' dir='ltr'>out</span> <span class='ocrx_word' id='word_1_48' title='bbox 431 1149 726 1197; x_wconf 74' lang='lat' dir='ltr'>decernimus</span> <span class='ocrx_word' id='word_1_49' title='bbox 742 1163 844 1209; x_wconf 73' lang='lat' dir='ltr'>nos,</span> <span class='ocrx_word' id='word_1_50' title='bbox 862 1153 947 1197; x_wconf 77' lang='lat' dir='ltr'>out</span> <span class='ocrx_word' id='word_1_51' title='bbox 971 1152 1026 1197; x_wconf 73' lang='lat' dir='ltr'>tu</span> <span class='ocrx_word' id='word_1_52' title='bbox 1047 1151 1268 1196; x_wconf 72' lang='lat' dir='ltr'>recusas?</span> <span class='ocrx_word' id='word_1_53' title='bbox 1311 1145 1400 1194; x_wconf 88' lang='lat' dir='ltr'>Sic</span> 
     </span>
     <span class='ocr_line' id='line_1_11' title="bbox 324 1221 1393 1276; baseline -0.004 -3"><span class='ocrx_word' id='word_1_54' title='bbox 324 1223 537 1274; x_wconf 82' lang='lat' dir='ltr'>demum</span> <span class='ocrx_word' id='word_1_55' title='bbox 574 1225 742 1276; x_wconf 87' lang='lat' dir='ltr'>locum</span> <span class='ocrx_word' id='word_1_56' title='bbox 786 1224 1023 1273; x_wconf 84' lang='lat' dir='ltr'>habitura</span> <span class='ocrx_word' id='word_1_57' title='bbox 1061 1221 1269 1270; x_wconf 86' lang='lat' dir='ltr'>videtur</span> <span class='ocrx_word' id='word_1_58' title='bbox 1309 1235 1393 1269; x_wconf 83' lang='lat' dir='ltr'>ex·</span> 
     </span>
     <span class='ocr_line' id='line_1_12' title="bbox 325 1299 1397 1364; baseline -0.003 -15"><span class='ocrx_word' id='word_1_59' title='bbox 325 1301 546 1364; x_wconf 75' lang='lat' dir='ltr'><strong>plicatio</strong></span> <span class='ocrx_word' id='word_1_60' title='bbox 564 1300 936 1351; x_wconf 80' lang='lat' dir='ltr'>Arntzeniana.</span> <span class='ocrx_word' id='word_1_61' title='bbox 980 1299 1116 1351; x_wconf 78' lang='lat' dir='ltr'>Qui·</span> <span class='ocrx_word' id='word_1_62' title='bbox 1137 1313 1260 1348; x_wconf 80' lang='lat' dir='ltr'>vero</span> <span class='ocrx_word' id='word_1_63' title='bbox 1282 1312 1397 1359; x_wconf 82' lang='lat' dir='ltr'>par-</span> 
     </span>
     <span class='ocr_line' id='line_1_13' title="bbox 325 1375 1397 1427; baseline -0.002 -1"><span class='ocrx_word' id='word_1_64' title='bbox 325 1378 488 1427; x_wconf 82' lang='lat' dir='ltr'>ticula</span> <span class='ocrx_word' id='word_1_65' title='bbox 519 1393 614 1427; x_wconf 74' lang='lat' dir='ltr'>non</span> <span class='ocrx_word' id='word_1_66' title='bbox 646 1378 698 1426; x_wconf 87' lang='lat' dir='ltr'>in</span> <span class='ocrx_word' id='word_1_67' title='bbox 732 1377 969 1427; x_wconf 89' lang='lat' dir='ltr'>omnibus</span> <span class='ocrx_word' id='word_1_68' title='bbox 1006 1375 1215 1427; x_wconf 89' lang='lat' dir='ltr'>omnino</span> <span class='ocrx_word' id='word_1_69' title='bbox 1249 1375 1397 1424; x_wconf 86' lang='lat' dir='ltr'>libris</span> 
     </span>
     <span class='ocr_line' id='line_1_14' title="bbox 326 1454 1397 1518; baseline -0.001 -16"><span class='ocrx_word' id='word_1_70' title='bbox 326 1463 632 1505; x_wconf 85' lang='lat' dir='ltr'>constanter</span> <span class='ocrx_word' id='word_1_71' title='bbox 675 1454 1019 1518; x_wconf 68' lang='lat' dir='ltr'>legium-ego</span> <span class='ocrx_word' id='word_1_72' title='bbox 1056 1468 1170 1502; x_wconf 87' lang='lat' dir='ltr'>eam</span> <span class='ocrx_word' id='word_1_73' title='bbox 1219 1461 1397 1502; x_wconf 78' lang='lat' dir='ltr'>extur-</span> 
     </span>
     <span class='ocr_line' id='line_1_15' title="bbox 323 1528 1397 1593; baseline -0.002 -13"><span class='ocrx_word' id='word_1_74' title='bbox 323 1529 451 1580; x_wconf 81' lang='lat' dir='ltr'>bare</span> <span class='ocrx_word' id='word_1_75' title='bbox 476 1545 577 1580; x_wconf 91' lang='lat' dir='ltr'>non</span> <span class='ocrx_word' id='word_1_76' title='bbox 597 1544 746 1579; x_wconf 84' lang='lat' dir='ltr'>ausus</span> <span class='ocrx_word' id='word_1_77' title='bbox 767 1543 898 1592; x_wconf 87' lang='lat' dir='ltr'>sum,</span> <span class='ocrx_word' id='word_1_78' title='bbox 915 1529 1128 1592; x_wconf 82' lang='lat' dir='ltr'>vulgata</span> <span class='ocrx_word' id='word_1_79' title='bbox 1150 1528 1397 1593; x_wconf 86' lang='lat' dir='ltr'>lectione,</span> 
     </span>
     <span class='ocr_line' id='line_1_16' title="bbox 320 1604 1394 1670; baseline -0.001 -15"><span class='ocrx_word' id='word_1_80' title='bbox 320 1605 431 1656; x_wconf 84' lang='lat' dir='ltr'>sine</span> <span class='ocrx_word' id='word_1_81' title='bbox 450 1606 661 1670; x_wconf 83' lang='lat' dir='ltr'>quidem</span> <span class='ocrx_word' id='word_1_82' title='bbox 689 1604 1107 1669; x_wconf 74' lang='lat' dir='ltr'>interrogationis</span> <span class='ocrx_word' id='word_1_83' title='bbox 1132 1604 1295 1667; x_wconf 81' lang='lat' dir='ltr'>signo,</span> <span class='ocrx_word' id='word_1_84' title='bbox 1314 1619 1394 1654; x_wconf 88' lang='lat' dir='ltr'>re·</span> 
     </span>
     <span class='ocr_line' id='line_1_17' title="bbox 324 1683 1394 1747; baseline -0.003 -13"><span class='ocrx_word' id='word_1_85' title='bbox 324 1690 507 1746; x_wconf 82' lang='lat' dir='ltr'>tenta3</span> <span class='ocrx_word' id='word_1_86' title='bbox 544 1684 597 1734; x_wconf 88' lang='lat' dir='ltr'>in</span> <span class='ocrx_word' id='word_1_87' title='bbox 638 1698 738 1747; x_wconf 86' lang='lat' dir='ltr'>qua</span> <span class='ocrx_word' id='word_1_88' title='bbox 780 1685 952 1734; x_wconf 86' lang='lat' dir='ltr'>locum</span> <span class='ocrx_word' id='word_1_89' title='bbox 999 1698 1149 1732; x_wconf 88' lang='lat' dir='ltr'>sunm</span> <span class='ocrx_word' id='word_1_90' title='bbox 1189 1683 1394 1732; x_wconf 86' lang='lat' dir='ltr'>omuino</span> 
     </span>
     <span class='ocr_line' id='line_1_18' title="bbox 325 1757 1393 1825; baseline -0.003 -13"><span class='ocrx_word' id='word_1_91' title='bbox 325 1762 461 1813; x_wconf 90' lang='lat' dir='ltr'>tueri</span> <span class='ocrx_word' id='word_1_92' title='bbox 499 1766 672 1823; x_wconf 88' lang='lat' dir='ltr'>potest</span> <span class='ocrx_word' id='word_1_93' title='bbox 705 1761 966 1825; x_wconf 78' lang='lat' dir='ltr'>particula</span> <span class='ocrx_word' id='word_1_94' title='bbox 996 1757 1239 1822; x_wconf 80' lang='lat' dir='ltr'>negandi.</span> <span class='ocrx_word' id='word_1_95' title='bbox 1307 1759 1393 1809; x_wconf 89' lang='lat' dir='ltr'>In·</span> 
     </span>
     <span class='ocr_line' id='line_1_19' title="bbox 321 1835 1388 1899; baseline -0.004 -10"><span class='ocrx_word' id='word_1_96' title='bbox 321 1838 480 1889; x_wconf 82' lang='lat' dir='ltr'>terim</span> <span class='ocrx_word' id='word_1_97' title='bbox 503 1835 672 1886; x_wconf 84' lang='lat' dir='ltr'>fateor</span> <span class='ocrx_word' id='word_1_98' title='bbox 705 1837 949 1899; x_wconf 81' lang='lat' dir='ltr'>ingenue,</span> <span class='ocrx_word' id='word_1_99' title='bbox 974 1836 1168 1885; x_wconf 79' lang='lat' dir='ltr'>nnllam</span> <span class='ocrx_word' id='word_1_100' title='bbox 1196 1850 1261 1885; x_wconf 80' lang='lat' dir='ltr'>ex</span> <span class='ocrx_word' id='word_1_101' title='bbox 1286 1850 1388 1885; x_wconf 88' lang='lat' dir='ltr'>om·</span> 
     </span>
     <span class='ocr_line' id='line_1_20' title="bbox 322 1912 1391 1977; baseline -0.001 -14"><span class='ocrx_word' id='word_1_102' title='bbox 322 1915 474 1965; x_wconf 77' lang='lat' dir='ltr'>nibus</span> <span class='ocrx_word' id='word_1_103' title='bbox 498 1914 649 1977; x_wconf 85' lang='lat' dir='ltr'>hujus</span> <span class='ocrx_word' id='word_1_104' title='bbox 675 1913 773 1962; x_wconf 89' lang='lat' dir='ltr'>loci</span> <span class='ocrx_word' id='word_1_105' title='bbox 807 1913 1137 1966; x_wconf 82' lang='lat' dir='ltr'>lectionibus.</span> <span class='ocrx_word' id='word_1_106' title='bbox 1161 1926 1278 1977; x_wconf 83' lang='lat' dir='ltr'>quae</span> <span class='ocrx_word' id='word_1_107' title='bbox 1302 1912 1391 1962; x_wconf 87' lang='lat' dir='ltr'>ad·</span> 
     </span>
     <span class='ocr_line' id='line_1_21' title="bbox 320 1986 1392 2046; baseline -0.004 -6"><span class='ocrx_word' id='word_1_108' title='bbox 320 1991 423 2040; x_wconf 82' lang='lat' dir='ltr'>buc</span> <span class='ocrx_word' id='word_1_109' title='bbox 460 1990 751 2046; x_wconf 73' lang='lat' dir='ltr'>innotuere,</span> <span class='ocrx_word' id='word_1_110' title='bbox 780 1989 900 2039; x_wconf 86' lang='lat' dir='ltr'>mihi</span> <span class='ocrx_word' id='word_1_111' title='bbox 938 2003 1001 2037; x_wconf 85' lang='lat' dir='ltr'>ex</span> <span class='ocrx_word' id='word_1_112' title='bbox 1037 2003 1153 2039; x_wconf 88' lang='lat' dir='ltr'>asse</span> <span class='ocrx_word' id='word_1_113' title='bbox 1191 1986 1392 2038; x_wconf 77' lang='lat' dir='ltr'>satisfa-</span> 
     </span>
     <span class='ocr_line' id='line_1_22' title="bbox 318 2065 1393 2130; baseline -0.003 -13"><span class='ocrx_word' id='word_1_114' title='bbox 318 2080 461 2117; x_wconf 85' lang='lat' dir='ltr'>cere.</span> <span class='ocrx_word' id='word_1_115' title='bbox 525 2066 706 2116; x_wconf 83' lang='lat' dir='ltr'>Malim</span> <span class='ocrx_word' id='word_1_116' title='bbox 742 2065 877 2115; x_wconf 89' lang='lat' dir='ltr'>enim</span> <span class='ocrx_word' id='word_1_117' title='bbox 919 2065 1117 2130; x_wconf 75' lang='lat' dir='ltr'>legere,</span> <span class='ocrx_word' id='word_1_118' title='bbox 1151 2065 1276 2128; x_wconf 75' lang='lat' dir='ltr'>Age,</span> <span class='ocrx_word' id='word_1_119' title='bbox 1299 2097 1315 2114; x_wconf 87' lang='lat'><strong>.</strong></span> <span class='ocrx_word' id='word_1_120' title='bbox 1339 2097 1353 2114; x_wconf 85' lang='lat'><strong>.</strong></span> <span class='ocrx_word' id='word_1_121' title='bbox 1377 2094 1393 2115; x_wconf 83' lang='grc'><strong>.</strong></span> 
     </span>
     <span class='ocr_line' id='line_1_23' title="bbox 316 2142 1389 2208; baseline -0.002 -15"><span class='ocrx_word' id='word_1_122' title='bbox 316 2159 423 2208; x_wconf 73' lang='lat' dir='ltr'>quoe</span> <span class='ocrx_word' id='word_1_123' title='bbox 444 2144 693 2208; x_wconf 74' lang='lat' dir='ltr'>qualiaque</span> <span class='ocrx_word' id='word_1_124' title='bbox 714 2142 1007 2193; x_wconf 71' lang='lat' dir='ltr'>decernimus</span> <span class='ocrx_word' id='word_1_125' title='bbox 1034 2158 1136 2199; x_wconf 72' lang='lat' dir='ltr'>nos,</span> <span class='ocrx_word' id='word_1_126' title='bbox 1159 2147 1214 2190; x_wconf 72' lang='lat' dir='ltr'>tu</span> <span class='ocrx_word' id='word_1_127' title='bbox 1235 2157 1294 2197; x_wconf 75' lang='lat' dir='ltr'>rte</span> <span class='ocrx_word' id='word_1_128' title='bbox 1314 2156 1389 2191; x_wconf 80' lang='lat' dir='ltr'>re·</span> 
     </span>
     <span class='ocr_line' id='line_1_24' title="bbox 314 2219 1392 2284; baseline -0.003 -12"><span class='ocrx_word' id='word_1_129' title='bbox 314 2227 540 2283; x_wconf 74' lang='lat' dir='ltr'>enses,ut</span> <span class='ocrx_word' id='word_1_130' title='bbox 559 2225 805 2284; x_wconf 74' lang='lat' dir='ltr'>appareat,</span> <span class='ocrx_word' id='word_1_131' title='bbox 827 2223 916 2284; x_wconf 57' lang='lat' dir='ltr'>&amp;a</span> <span class='ocrx_word' id='word_1_132' title='bbox 984 2219 1068 2269; x_wconf 86' lang='lat' dir='ltr'>Sic</span> <span class='ocrx_word' id='word_1_133' title='bbox 1096 2219 1241 2284; x_wconf 88' lang='lat' dir='ltr'>quasi</span> <span class='ocrx_word' id='word_1_134' title='bbox 1277 2233 1392 2269; x_wconf 79' lang='lat' dir='ltr'>ora·</span> 
     </span>
     <span class='ocr_line' id='line_1_25' title="bbox 318 2296 1391 2349; baseline -0.004 0"><span class='ocrx_word' id='word_1_135' title='bbox 318 2298 392 2349; x_wconf 89' lang='lat' dir='ltr'>tio</span> <span class='ocrx_word' id='word_1_136' title='bbox 421 2297 566 2348; x_wconf 82' lang='lat' dir='ltr'>foret</span> <span class='ocrx_word' id='word_1_137' title='bbox 600 2297 923 2347; x_wconf 67' lang='lat' dir='ltr'>adhortantis</span> <span class='ocrx_word' id='word_1_138' title='bbox 949 2298 1033 2345; x_wconf 79' lang='lat' dir='ltr'>vel</span> <span class='ocrx_word' id='word_1_139' title='bbox 1066 2296 1391 2345; x_wconf 78' lang='lat' dir='ltr'>dehortantis</span> 
     </span>
     <span class='ocr_line' id='line_1_26' title="bbox 317 2374 1389 2438; baseline -0.002 -12"><span class='ocrx_word' id='word_1_140' title='bbox 317 2376 501 2426; x_wconf 79' lang='lat' dir='ltr'>Plinii.</span> <span class='ocrx_word' id='word_1_141' title='bbox 577 2374 660 2424; x_wconf 81' lang='lat' dir='ltr'>Ad</span> <span class='ocrx_word' id='word_1_142' title='bbox 703 2389 855 2438; x_wconf 78' lang='lat' dir='ltr'>quarn</span> <span class='ocrx_word' id='word_1_143' title='bbox 902 2375 1260 2438; x_wconf 85' lang='lat' dir='ltr'>conjecturam</span> <span class='ocrx_word' id='word_1_144' title='bbox 1305 2388 1389 2424; x_wconf 85' lang='lat' dir='ltr'>me</span> 
     </span>
     <span class='ocr_line' id='line_1_27' title="bbox 316 2450 1389 2516; baseline -0.003 -13"><span class='ocrx_word' id='word_1_145' title='bbox 316 2452 532 2503; x_wconf 76' lang='lat' dir='ltr'>deducit</span> <span class='ocrx_word' id='word_1_146' title='bbox 565 2452 824 2516; x_wconf 83' lang='lat' dir='ltr'>particula</span> <span class='ocrx_word' id='word_1_147' title='bbox 854 2450 985 2513; x_wconf 77' lang='lat' dir='ltr'>Age,</span> <span class='ocrx_word' id='word_1_148' title='bbox 1018 2466 1134 2516; x_wconf 80' lang='lat' dir='ltr'>quoe</span> <span class='ocrx_word' id='word_1_149' title='bbox 1170 2458 1227 2500; x_wconf 90' lang='lat' dir='ltr'>et</span> <span class='ocrx_word' id='word_1_150' title='bbox 1261 2451 1389 2500; x_wconf 88' lang='lat' dir='ltr'>alias</span> 
     </span>
     <span class='ocr_line' id='line_1_28' title="bbox 315 2528 1388 2590; baseline -0.005 -7"><span class='ocrx_word' id='word_1_151' title='bbox 315 2531 581 2583; x_wconf 77' lang='lat' dir='ltr'>ordinarie</span> <span class='ocrx_word' id='word_1_152' title='bbox 602 2529 818 2580; x_wconf 88' lang='lat' dir='ltr'>verbum</span> <span class='ocrx_word' id='word_1_153' title='bbox 843 2530 922 2578; x_wconf 81' lang='lat' dir='ltr'>vel</span> <span class='ocrx_word' id='word_1_154' title='bbox 961 2528 1280 2590; x_wconf 76' lang='lat' dir='ltr'>imperativi,</span> <span class='ocrx_word' id='word_1_155' title='bbox 1305 2529 1388 2578; x_wconf 82' lang='lat' dir='ltr'>vei</span> 
     </span>
     <span class='ocr_line' id='line_1_29' title="bbox 311 2606 1388 2673; baseline -0.006 -12"><span class='ocrx_word' id='word_1_156' title='bbox 311 2608 636 2673; x_wconf 78' lang='lat' dir='ltr'>conjunctivi</span> <span class='ocrx_word' id='word_1_157' title='bbox 661 2606 821 2670; x_wconf 86' lang='lat' dir='ltr'>modi,</span> <span class='ocrx_word' id='word_1_158' title='bbox 844 2606 1081 2670; x_wconf 85' lang='lat' dir='ltr'>requirit.</span> <span class='ocrx_word' id='word_1_159' title='bbox 1130 2606 1275 2655; x_wconf 84' lang='lat' dir='ltr'>Tunc</span> <span class='ocrx_word' id='word_1_160' title='bbox 1302 2619 1388 2654; x_wconf 80' lang='lat' dir='ltr'>ve·</span> 
     </span>
     <span class='ocr_line' id='line_1_30' title="bbox 314 2682 1390 2745; baseline -0.003 -10"><span class='ocrx_word' id='word_1_161' title='bbox 314 2699 373 2735; x_wconf 89' lang='lat' dir='ltr'>ro</span> <span class='ocrx_word' id='word_1_162' title='bbox 394 2684 571 2734; x_wconf 85' lang='lat' dir='ltr'>omnia</span> <span class='ocrx_word' id='word_1_163' title='bbox 604 2683 729 2731; x_wconf 85' lang='lat' dir='ltr'>mibi</span> <span class='ocrx_word' id='word_1_164' title='bbox 753 2683 999 2732; x_wconf 80' lang='lat' dir='ltr'>videntur</span> <span class='ocrx_word' id='word_1_165' title='bbox 1032 2682 1299 2745; x_wconf 77' lang='lat' dir='ltr'>planiora3</span> <span class='ocrx_word' id='word_1_166' title='bbox 1332 2688 1390 2732; x_wconf 86' lang='lat' dir='ltr'>et</span> 
     </span>
     <span class='ocr_line' id='line_1_31' title="bbox 315 2758 1385 2822; baseline -0.002 -12"><span class='ocrx_word' id='word_1_167' title='bbox 315 2769 444 2811; x_wconf 88' lang='lat' dir='ltr'>tunc</span> <span class='ocrx_word' id='word_1_168' title='bbox 461 2759 621 2809; x_wconf 83' lang='lat' dir='ltr'>etiam</span> <span class='ocrx_word' id='word_1_169' title='bbox 646 2760 809 2809; x_wconf 86' lang='lat' dir='ltr'>verba</span> <span class='ocrx_word' id='word_1_170' title='bbox 828 2759 1150 2822; x_wconf 46' lang='lat' dir='ltr'>interjectas</span> <span class='ocrx_word' id='word_1_171' title='bbox 1164 2758 1205 2807; x_wconf 86' lang='lat' dir='ltr'>si</span> <span class='ocrx_word' id='word_1_172' title='bbox 1225 2773 1385 2822; x_wconf 85' lang='lat' dir='ltr'>quan·</span> 
     </span>
     <span class='ocr_line' id='line_1_32' title="bbox 311 2836 1385 2902; baseline -0.001 -14"><span class='ocrx_word' id='word_1_173' title='bbox 311 2838 379 2888; x_wconf 85' lang='lat' dir='ltr'>do</span> <span class='ocrx_word' id='word_1_174' title='bbox 416 2838 586 2902; x_wconf 85' lang='lat' dir='ltr'>pietas</span> <span class='ocrx_word' id='word_1_175' title='bbox 624 2843 801 2887; x_wconf 84' lang='lat' dir='ltr'>nostra</span> <span class='ocrx_word' id='word_1_176' title='bbox 838 2836 1101 2886; x_wconf 85' lang='lat' dir='ltr'>silentium</span> <span class='ocrx_word' id='word_1_177' title='bbox 1143 2837 1304 2900; x_wconf 85' lang='lat' dir='ltr'>rupit,</span> <span class='ocrx_word' id='word_1_178' title='bbox 1328 2843 1385 2887; x_wconf 91' lang='lat' dir='ltr'>et</span> 
     </span>
     <span class='ocr_line' id='line_1_33' title="bbox 310 2912 1382 2975; baseline -0.002 -10"><span class='ocrx_word' id='word_1_179' title='bbox 310 2914 681 2966; x_wconf 74' lang='lat' dir='ltr'>verecundiam</span> <span class='ocrx_word' id='word_1_180' title='bbox 707 2922 846 2964; x_wconf 89' lang='lat' dir='ltr'>tuam</span> <span class='ocrx_word' id='word_1_181' title='bbox 872 2912 1295 2975; x_wconf 79' lang='lat' dir='ltr'>vicit‚&#39;videntur</span> <span class='ocrx_word' id='word_1_182' title='bbox 1316 2913 1382 2963; x_wconf 86' lang='lat' dir='ltr'>ad</span> 
     </span>
     <span class='ocr_line' id='line_1_34' title="bbox 309 2989 1380 3043; baseline 0.001 -1"><span class='ocrx_word' id='word_1_183' title='bbox 309 2993 708 3043; x_wconf 84' lang='lat' dir='ltr'>excusationem</span> <span class='ocrx_word' id='word_1_184' title='bbox 751 2990 1129 3041; x_wconf 72' lang='lat' dir='ltr'>adhortationis</span> <span class='ocrx_word' id='word_1_185' title='bbox 1182 2989 1380 3043; x_wconf 81' lang='lat' dir='ltr'>facere.</span> 
     </span>
    </p>
   </div>
   <div class='ocr_carea' id='block_1_3' title="bbox 309 3069 1382 3207">
    <p class='ocr_par' dir='ltr' id='par_1_3' title="bbox 309 3069 1382 3207">
     <span class='ocr_line' id='line_1_35' title="bbox 309 3069 565 3121; baseline 0.004 -1"><span class='ocrx_word' id='word_1_186' title='bbox 309 3069 565 3121; x_wconf 74' lang='lat' dir='ltr'>Schwurz.</span> 
     </span>
     <span class='ocr_line' id='line_1_36' title="bbox 388 3141 1382 3207; baseline 0 -12"><span class='ocrx_word' id='word_1_187' title='bbox 388 3147 461 3195; x_wconf 77' lang='lat' dir='ltr'>Et</span> <span class='ocrx_word' id='word_1_188' title='bbox 502 3142 733 3207; x_wconf 78' lang='lat' dir='ltr'>fastidio]</span> <span class='ocrx_word' id='word_1_189' title='bbox 799 3142 845 3192; x_wconf 92' lang='lat'>1.</span> <span class='ocrx_word' id='word_1_190' title='bbox 892 3157 940 3192; x_wconf 87' lang='lat' dir='ltr'>e.</span> <span class='ocrx_word' id='word_1_191' title='bbox 986 3141 1382 3206; x_wconf 83' lang='lat' dir='ltr'>dedignatione.</span> 
     </span>
    </p>
   </div>
   <div class='ocr_carea' id='block_1_4' title="bbox 303 3219 1381 4371">
    <p class='ocr_par' dir='ltr' id='par_1_4' title="bbox 303 3219 1381 4371">
     <span class='ocr_line' id='line_1_37' title="bbox 309 3219 1381 3288; baseline -0.004 -14"><span class='ocrx_word' id='word_1_192' title='bbox 309 3223 566 3288; x_wconf 77' lang='lat' dir='ltr'>vulgaria</span> <span class='ocrx_word' id='word_1_193' title='bbox 589 3222 725 3271; x_wconf 90' lang='lat' dir='ltr'>euim</span> <span class='ocrx_word' id='word_1_194' title='bbox 749 3227 805 3271; x_wconf 90' lang='lat' dir='ltr'>et</span> <span class='ocrx_word' id='word_1_195' title='bbox 839 3220 1042 3271; x_wconf 86' lang='lat' dir='ltr'>minuta</span> <span class='ocrx_word' id='word_1_196' title='bbox 1064 3219 1215 3272; x_wconf 82' lang='lat' dir='ltr'>facile</span> <span class='ocrx_word' id='word_1_197' title='bbox 1238 3220 1381 3272; x_wconf 85' lang='lat' dir='ltr'>fasti·</span> 
     </span>
     <span class='ocr_line' id='line_1_38' title="bbox 308 3297 1381 3362; baseline -0.004 -11"><span class='ocrx_word' id='word_1_198' title='bbox 308 3300 481 3351; x_wconf 84' lang='lat' dir='ltr'>dimus</span> <span class='ocrx_word' id='word_1_199' title='bbox 506 3305 561 3348; x_wconf 91' lang='lat' dir='ltr'>et</span> <span class='ocrx_word' id='word_1_200' title='bbox 584 3297 938 3361; x_wconf 82' lang='lat' dir='ltr'>dedignamur.</span> <span class='ocrx_word' id='word_1_201' title='bbox 988 3297 1231 3346; x_wconf 78' lang='lat' dir='ltr'>Eri-atum</span> <span class='ocrx_word' id='word_1_202' title='bbox 1254 3313 1381 3362; x_wconf 77' lang='lat' dir='ltr'>ergo</span> 
     </span>
     <span class='ocr_line' id='line_1_39' title="bbox 308 3375 1381 3441; baseline -0.002 -12"><span class='ocrx_word' id='word_1_203' title='bbox 308 3388 389 3429; x_wconf 81' lang='lat' dir='ltr'>est</span> <span class='ocrx_word' id='word_1_204' title='bbox 431 3377 652 3438; x_wconf 87' lang='lat' dir='ltr'>librarii,</span> <span class='ocrx_word' id='word_1_205' title='bbox 691 3376 780 3441; x_wconf 85' lang='lat' dir='ltr'>qui</span> <span class='ocrx_word' id='word_1_206' title='bbox 817 3377 870 3425; x_wconf 87' lang='lat' dir='ltr'>iu</span> <span class='ocrx_word' id='word_1_207' title='bbox 910 3375 1091 3425; x_wconf 81' lang='lat' dir='ltr'>codice</span> <span class='ocrx_word' id='word_1_208' title='bbox 1128 3377 1381 3427; x_wconf 83' lang='lat' dir='ltr'>Vaticano</span> 
     </span>
     <span class='ocr_line' id='line_1_40' title="bbox 308 3451 1379 3518; baseline -0.004 -10"><span class='ocrx_word' id='word_1_209' title='bbox 308 3460 459 3507; x_wconf 73' lang='lat'>8461.</span> <span class='ocrx_word' id='word_1_210' title='bbox 505 3453 715 3516; x_wconf 83' lang='lat' dir='ltr'>scripsit</span> <span class='ocrx_word' id='word_1_211' title='bbox 747 3451 977 3515; x_wconf 78' lang='lat' dir='ltr'>fastigio.</span> <span class='ocrx_word' id='word_1_212' title='bbox 1059 3454 1243 3518; x_wconf 85' lang='lat' dir='ltr'>Neque</span> <span class='ocrx_word' id='word_1_213' title='bbox 1291 3469 1379 3504; x_wconf 90' lang='lat' dir='ltr'>ne·</span> 
     </span>
     <span class='ocr_line' id='line_1_41' title="bbox 306 3530 1379 3594; baseline -0.003 -9"><span class='ocrx_word' id='word_1_214' title='bbox 306 3546 458 3585; x_wconf 78' lang='lat' dir='ltr'>cesse</span> <span class='ocrx_word' id='word_1_215' title='bbox 489 3543 591 3587; x_wconf 86' lang='lat' dir='ltr'>est,</span> <span class='ocrx_word' id='word_1_216' title='bbox 612 3538 672 3582; x_wconf 91' lang='lat' dir='ltr'>nt</span> <span class='ocrx_word' id='word_1_217' title='bbox 707 3531 759 3579; x_wconf 91' lang='lat' dir='ltr'>in</span> <span class='ocrx_word' id='word_1_218' title='bbox 793 3530 1127 3594; x_wconf 88' lang='lat' dir='ltr'>sequentibus</span> <span class='ocrx_word' id='word_1_219' title='bbox 1149 3533 1379 3594; x_wconf 74' lang='lat' dir='ltr'>dedigno-</span> 
     </span>
     <span class='ocr_line' id='line_1_42' title="bbox 305 3606 1378 3673; baseline 0 -15"><span class='ocrx_word' id='word_1_220' title='bbox 305 3611 396 3673; x_wconf 75' lang='lat' dir='ltr'>ris‚</span> <span class='ocrx_word' id='word_1_221' title='bbox 420 3608 560 3673; x_wconf 86' lang='lat' dir='ltr'>quod</span> <span class='ocrx_word' id='word_1_222' title='bbox 597 3607 649 3656; x_wconf 89' lang='lat' dir='ltr'>in</span> <span class='ocrx_word' id='word_1_223' title='bbox 683 3620 800 3656; x_wconf 87' lang='lat' dir='ltr'>meo</span> <span class='ocrx_word' id='word_1_224' title='bbox 834 3606 1012 3655; x_wconf 90' lang='lat' dir='ltr'>codice</span> <span class='ocrx_word' id='word_1_225' title='bbox 1046 3607 1254 3670; x_wconf 82' lang='lat' dir='ltr'>legitur,</span> <span class='ocrx_word' id='word_1_226' title='bbox 1284 3623 1378 3673; x_wconf 91' lang='lat' dir='ltr'>pro</span> 
     </span>
     <span class='ocr_line' id='line_1_43' title="bbox 303 3684 1139 3749; baseline -0.008 -9"><span class='ocrx_word' id='word_1_227' title='bbox 303 3687 602 3749; x_wconf 72' lang='lat' dir='ltr'>dedigneris,</span> <span class='ocrx_word' id='word_1_228' title='bbox 624 3686 953 3748; x_wconf 83' lang='lat' dir='ltr'>recipiamus.</span> <span class='ocrx_word' id='word_1_229' title='bbox 985 3684 1139 3734; x_wconf 81' lang='lat' dir='ltr'>Idem.</span> 
     </span>
     <span class='ocr_line' id='line_1_44' title="bbox 370 3759 1380 3826; baseline -0.003 -11"><span class='ocrx_word' id='word_1_230' title='bbox 370 3759 691 3824; x_wconf 71' lang='lat' dir='ltr'>Ambitionio]</span> <span class='ocrx_word' id='word_1_231' title='bbox 750 3762 1116 3825; x_wconf 61' lang='lat' dir='ltr'>Pru-posterae,</span> <span class='ocrx_word' id='word_1_232' title='bbox 1162 3767 1218 3811; x_wconf 90' lang='lat' dir='ltr'>et</span> <span class='ocrx_word' id='word_1_233' title='bbox 1261 3776 1380 3826; x_wconf 80' lang='lat' dir='ltr'>quae</span> 
     </span>
     <span class='ocr_line' id='line_1_45' title="bbox 305 3837 1233 3904; baseline -0.005 -12"><span class='ocrx_word' id='word_1_234' title='bbox 305 3838 431 3904; x_wconf 71' lang='lat' dir='ltr'>fuga</span> <span class='ocrx_word' id='word_1_235' title='bbox 455 3838 626 3894; x_wconf 76' lang='lat' dir='ltr'>famae.</span> <span class='ocrx_word' id='word_1_236' title='bbox 650 3837 839 3888; x_wconf 80' lang='lat' dir='ltr'>famam</span> <span class='ocrx_word' id='word_1_237' title='bbox 864 3846 1059 3901; x_wconf 86' lang='lat' dir='ltr'>captat.</span> <span class='ocrx_word' id='word_1_238' title='bbox 1093 3838 1233 3900; x_wconf 75' lang='lat' dir='ltr'>Lips-</span> 
     </span>
     <span class='ocr_line' id='line_1_46' title="bbox 372 3914 1374 3981; baseline -0.002 -14"><span class='ocrx_word' id='word_1_239' title='bbox 372 3917 554 3981; x_wconf 81' lang='lat' dir='ltr'>Nobis]</span> <span class='ocrx_word' id='word_1_240' title='bbox 590 3916 691 3965; x_wconf 86' lang='lat' dir='ltr'>Vel</span> <span class='ocrx_word' id='word_1_241' title='bbox 713 3914 835 3980; x_wconf 90' lang='lat' dir='ltr'>qnia</span> <span class='ocrx_word' id='word_1_242' title='bbox 859 3928 1009 3965; x_wconf 79' lang='lat' dir='ltr'>veros</span> <span class='ocrx_word' id='word_1_243' title='bbox 1040 3929 1156 3964; x_wconf 85' lang='lat' dir='ltr'>esse</span> <span class='ocrx_word' id='word_1_244' title='bbox 1178 3915 1374 3977; x_wconf 84' lang='lat' dir='ltr'>pateris</span> 
     </span>
     <span class='ocr_line' id='line_1_47' title="bbox 303 3991 1376 4058; baseline -0.004 -11"><span class='ocrx_word' id='word_1_245' title='bbox 303 3995 641 4058; x_wconf 76' lang='lat' dir='ltr'>liberosque3</span> <span class='ocrx_word' id='word_1_246' title='bbox 687 3992 771 4041; x_wconf 80' lang='lat' dir='ltr'>vei</span> <span class='ocrx_word' id='word_1_247' title='bbox 806 3991 926 4056; x_wconf 84' lang='lat' dir='ltr'>quia</span> <span class='ocrx_word' id='word_1_248' title='bbox 965 4002 1067 4041; x_wconf 88' lang='lat' dir='ltr'>non</span> <span class='ocrx_word' id='word_1_249' title='bbox 1111 3993 1376 4055; x_wconf 84' lang='lat' dir='ltr'>periclita-</span> 
     </span>
     <span class='ocr_line' id='line_1_48' title="bbox 304 4067 1293 4125; baseline -0.008 0"><span class='ocrx_word' id='word_1_250' title='bbox 304 4088 421 4125; x_wconf 79' lang='lat' dir='ltr'>mur</span> <span class='ocrx_word' id='word_1_251' title='bbox 443 4069 677 4121; x_wconf 84' lang='lat' dir='ltr'>accusari</span> <span class='ocrx_word' id='word_1_252' title='bbox 701 4076 790 4119; x_wconf 87' lang='lat' dir='ltr'>aut</span> <span class='ocrx_word' id='word_1_253' title='bbox 813 4067 1105 4119; x_wconf 82' lang='lat' dir='ltr'>confiscari.</span> <span class='ocrx_word' id='word_1_254' title='bbox 1140 4069 1293 4121; x_wconf 76' lang='lat' dir='ltr'>Idem.</span> 
     </span>
     <span class='ocr_line' id='line_1_49' title="bbox 369 4145 1373 4213; baseline -0.001 -14"><span class='ocrx_word' id='word_1_255' title='bbox 369 4147 591 4209; x_wconf 76' lang='lat' dir='ltr'>AErario]</span> <span class='ocrx_word' id='word_1_256' title='bbox 627 4146 765 4199; x_wconf 85' lang='lat' dir='ltr'>Quia</span> <span class='ocrx_word' id='word_1_257' title='bbox 789 4161 816 4194; x_wconf 89' lang='lat' dir='ltr'>e</span> <span class='ocrx_word' id='word_1_258' title='bbox 842 4145 1047 4210; x_wconf 89' lang='lat' dir='ltr'>publico</span> <span class='ocrx_word' id='word_1_259' title='bbox 1069 4154 1373 4213; x_wconf 81' lang='lat' dir='ltr'>statnae,ar·</span> 
     </span>
     <span class='ocr_line' id='line_1_50' title="bbox 307 4223 840 4283; baseline -0.008 -6"><span class='ocrx_word' id='word_1_260' title='bbox 307 4241 418 4283; x_wconf 81' lang='lat' dir='ltr'>ons,</span> <span class='ocrx_word' id='word_1_261' title='bbox 442 4234 493 4274; x_wconf 89' lang='lat' dir='ltr'>et</span> <span class='ocrx_word' id='word_1_262' title='bbox 519 4224 661 4274; x_wconf 88' lang='lat' dir='ltr'>talia.</span> <span class='ocrx_word' id='word_1_263' title='bbox 688 4223 840 4273; x_wconf 76' lang='lat' dir='ltr'>Idem.</span> 
     </span>
     <span class='ocr_line' id='line_1_51' title="bbox 368 4301 1371 4371; baseline -0.002 -12"><span class='ocrx_word' id='word_1_264' title='bbox 368 4303 567 4359; x_wconf 80' lang='lat' dir='ltr'>AErario</span> <span class='ocrx_word' id='word_1_265' title='bbox 604 4301 834 4368; x_wconf 74' lang='lat' dir='ltr'>consulis]</span> <span class='ocrx_word' id='word_1_266' title='bbox 883 4302 1172 4371; x_wconf 82' lang='lat' dir='ltr'>Hucusque</span> <span class='ocrx_word' id='word_1_267' title='bbox 1226 4304 1371 4357; x_wconf 77' lang='lat' dir='ltr'>iocus</span> 
     </span>
    </p>
   </div>
   <div class='ocr_carea' id='block_1_5' title="bbox 2417 368 2551 437">
    <p class='ocr_par' dir='ltr' id='par_1_5' title="bbox 2417 368 2551 437">
     <span class='ocr_line' id='line_1_52' title="bbox 2417 368 2551 437; baseline 0.022 -3"><span class='ocrx_word' id='word_1_268' title='bbox 2417 368 2551 437; x_wconf 79' lang='lat'>&#39;789</span> 
     </span>
    </p>
   </div>
   <div class='ocr_carea' id='block_1_6' title="bbox 1448 527 2553 4370">
    <p class='ocr_par' dir='ltr' id='par_1_6' title="bbox 1448 527 2553 4370">
     <span class='ocr_line' id='line_1_53' title="bbox 1485 527 2548 591; baseline 0.001 -13"><span class='ocrx_word' id='word_1_269' title='bbox 1485 527 1568 579; x_wconf 85' lang='lat' dir='ltr'>bic</span> <span class='ocrx_word' id='word_1_270' title='bbox 1592 528 1642 578; x_wconf 89' lang='lat' dir='ltr'>in</span> <span class='ocrx_word' id='word_1_271' title='bbox 1668 527 1905 578; x_wconf 89' lang='lat' dir='ltr'>omnibus</span> <span class='ocrx_word' id='word_1_272' title='bbox 1935 527 2141 577; x_wconf 86' lang='lat' dir='ltr'>omnino</span> <span class='ocrx_word' id='word_1_273' title='bbox 2165 528 2548 591; x_wconf 80' lang='lat' dir='ltr'>exemplaribus</span> 
     </span>
     <span class='ocr_line' id='line_1_54' title="bbox 1483 604 2553 667; baseline 0.002 -13"><span class='ocrx_word' id='word_1_274' title='bbox 1483 607 1691 655; x_wconf 81' lang='lat' dir='ltr'>excusis</span> <span class='ocrx_word' id='word_1_275' title='bbox 1735 607 1809 655; x_wconf 88' lang='lat' dir='ltr'>sic</span> <span class='ocrx_word' id='word_1_276' title='bbox 1867 620 2076 654; x_wconf 85' lang='lat' dir='ltr'>mancus</span> <span class='ocrx_word' id='word_1_277' title='bbox 2132 604 2396 656; x_wconf 79' lang='lat' dir='ltr'>exhibitus</span> <span class='ocrx_word' id='word_1_278' title='bbox 2451 612 2553 667; x_wconf 83' lang='lat' dir='ltr'>est,</span> 
     </span>
     <span class='ocr_line' id='line_1_55' title="bbox 1486 682 2549 746; baseline 0 -14"><span class='ocrx_word' id='word_1_279' title='bbox 1486 685 1592 742; x_wconf 73' lang='lat' dir='ltr'>Quo</span> <span class='ocrx_word' id='word_1_280' title='bbox 1631 687 1994 746; x_wconf 74' lang='lat' dir='ltr'>temperamento</span> <span class='ocrx_word' id='word_1_281' title='bbox 2028 688 2077 732; x_wconf 83' lang='lat' dir='ltr'>et</span> <span class='ocrx_word' id='word_1_282' title='bbox 2113 682 2247 730; x_wconf 71' lang='lat' dir='ltr'>nobis</span> <span class='ocrx_word' id='word_1_283' title='bbox 2284 687 2333 731; x_wconf 77' lang='lat' dir='ltr'>et</span> <span class='ocrx_word' id='word_1_284' title='bbox 2375 683 2549 732; x_wconf 72' lang='lat' dir='ltr'>erario</span> 
     </span>
     <span class='ocr_line' id='line_1_56' title="bbox 1477 758 2548 825; baseline -0.002 -15"><span class='ocrx_word' id='word_1_285' title='bbox 1477 762 1647 825; x_wconf 77' lang='lat' dir='ltr'>prodes</span> <span class='ocrx_word' id='word_1_286' title='bbox 1660 775 1679 818; x_wconf 79' lang='lat'>,-</span> <span class='ocrx_word' id='word_1_287' title='bbox 1712 761 1836 823; x_wconf 83' lang='lat' dir='ltr'>quod</span> <span class='ocrx_word' id='word_1_288' title='bbox 1855 759 2089 807; x_wconf 76' lang='lat' dir='ltr'>sumtibus</span> <span class='ocrx_word' id='word_1_289' title='bbox 2116 759 2216 819; x_wconf 64' lang='lat' dir='ltr'>qius</span> <span class='ocrx_word' id='word_1_290' title='bbox 2235 758 2430 808; x_wconf 76' lang='lat' dir='ltr'>adhibes</span> <span class='ocrx_word' id='word_1_291' title='bbox 2451 774 2548 808; x_wconf 76' lang='lat' dir='ltr'>mo-</span> 
     </span>
     <span class='ocr_line' id='line_1_57' title="bbox 1479 835 2546 903; baseline -0.002 -15"><span class='ocrx_word' id='word_1_292' title='bbox 1479 841 1610 903; x_wconf 70' lang='lat' dir='ltr'>dum,</span> <span class='ocrx_word' id='word_1_293' title='bbox 1627 843 1674 887; x_wconf 80' lang='lat' dir='ltr'>et</span> <span class='ocrx_word' id='word_1_294' title='bbox 1696 837 1779 899; x_wconf 74' lang='lat' dir='ltr'>qui</span> <span class='ocrx_word' id='word_1_295' title='bbox 1811 836 2094 885; x_wconf 70' lang='lat' dir='ltr'>exhaustum</span> <span class='ocrx_word' id='word_1_296' title='bbox 2124 849 2219 884; x_wconf 75' lang='lat' dir='ltr'>non</span> <span class='ocrx_word' id='word_1_297' title='bbox 2240 835 2306 884; x_wconf 80' lang='lat' dir='ltr'>sis</span> <span class='ocrx_word' id='word_1_298' title='bbox 2327 837 2546 886; x_wconf 71' lang='lat' dir='ltr'>innoeen-</span> 
     </span>
     <span class='ocr_line' id='line_1_58' title="bbox 1478 913 2544 992; baseline -0.001 -28"><span class='ocrx_word' id='word_1_299' title='bbox 1478 919 1604 965; x_wconf 75' lang='lat' dir='ltr'>tt&#39;ttm</span> <span class='ocrx_word' id='word_1_300' title='bbox 1646 913 1778 963; x_wconf 76' lang='lat' dir='ltr'>bonis</span> <span class='ocrx_word' id='word_1_301' title='bbox 1820 914 2107 976; x_wconf 76' lang='lat' dir='ltr'>repleturas.</span> <span class='ocrx_word' id='word_1_302' title='bbox 2154 913 2300 992; x_wconf 49' lang='lat' dir='ltr'>„Ego</span> <span class='ocrx_word' id='word_1_303' title='bbox 2349 913 2544 978; x_wconf 82' lang='lat' dir='ltr'>primus</span> 
     </span>
     <span class='ocr_line' id='line_1_59' title="bbox 1479 990 2544 1056; baseline 0 -15"><span class='ocrx_word' id='word_1_304' title='bbox 1479 991 1742 1056; x_wconf 75' lang='lat' dir='ltr'>egregium</span> <span class='ocrx_word' id='word_1_305' title='bbox 1785 990 2203 1054; x_wconf 86' lang='lat' dir='ltr'>supplementum</span> <span class='ocrx_word' id='word_1_306' title='bbox 2249 1004 2315 1039; x_wconf 81' lang='lat' dir='ltr'>ex</span> <span class='ocrx_word' id='word_1_307' title='bbox 2360 991 2544 1042; x_wconf 89' lang='lat' dir='ltr'>codice</span> 
     </span>
     <span class='ocr_line' id='line_1_60' title="bbox 1479 1068 2548 1133; baseline 0 -14"><span class='ocrx_word' id='word_1_308' title='bbox 1479 1084 1616 1132; x_wconf 88' lang='lat' dir='ltr'>meo,</span> <span class='ocrx_word' id='word_1_309' title='bbox 1643 1076 1698 1118; x_wconf 90' lang='lat' dir='ltr'>et</span> <span class='ocrx_word' id='word_1_310' title='bbox 1733 1069 1899 1118; x_wconf 90' lang='lat' dir='ltr'>altero</span> <span class='ocrx_word' id='word_1_311' title='bbox 1932 1068 2067 1118; x_wconf 88' lang='lat' dir='ltr'>libro</span> <span class='ocrx_word' id='word_1_312' title='bbox 2089 1068 2349 1133; x_wconf 78' lang='lat' dir='ltr'>Gudiano,</span> <span class='ocrx_word' id='word_1_313' title='bbox 2381 1069 2434 1119; x_wconf 89' lang='lat' dir='ltr'>in</span> <span class='ocrx_word' id='word_1_314' title='bbox 2470 1068 2548 1119; x_wconf 87' lang='lat' dir='ltr'>lu·</span> 
     </span>
     <span class='ocr_line' id='line_1_61' title="bbox 1476 1145 2547 1211; baseline 0 -15"><span class='ocrx_word' id='word_1_315' title='bbox 1476 1161 1589 1197; x_wconf 86' lang='lat' dir='ltr'>cem</span> <span class='ocrx_word' id='word_1_316' title='bbox 1630 1147 1848 1209; x_wconf 86' lang='lat' dir='ltr'>protuli;</span> <span class='ocrx_word' id='word_1_317' title='bbox 1895 1145 2034 1211; x_wconf 87' lang='lat' dir='ltr'>quod</span> <span class='ocrx_word' id='word_1_318' title='bbox 2069 1146 2318 1211; x_wconf 86' lang='lat' dir='ltr'>deinceps</span> <span class='ocrx_word' id='word_1_319' title='bbox 2355 1147 2547 1209; x_wconf 86' lang='lat' dir='ltr'>depre-</span> 
     </span>
     <span class='ocr_line' id='line_1_62' title="bbox 1476 1222 2545 1274; baseline 0.003 -3"><span class='ocrx_word' id='word_1_320' title='bbox 1476 1223 1630 1273; x_wconf 80' lang='lat' dir='ltr'>hendi</span> <span class='ocrx_word' id='word_1_321' title='bbox 1655 1224 1810 1273; x_wconf 80' lang='lat' dir='ltr'>etiam</span> <span class='ocrx_word' id='word_1_322' title='bbox 1835 1238 1866 1272; x_wconf 84' lang='lat' dir='ltr'>a</span> <span class='ocrx_word' id='word_1_323' title='bbox 1899 1222 2166 1272; x_wconf 85' lang='lat' dir='ltr'>codicibus</span> <span class='ocrx_word' id='word_1_324' title='bbox 2191 1223 2467 1274; x_wconf 77' lang='lat' dir='ltr'>Vaticanis</span> <span class='ocrx_word' id='word_1_325' title='bbox 2490 1230 2545 1274; x_wconf 87' lang='lat' dir='ltr'>et</span> 
     </span>
     <span class='ocr_line' id='line_1_63' title="bbox 1477 1301 2549 1365; baseline -0.002 -12"><span class='ocrx_word' id='word_1_326' title='bbox 1477 1301 1960 1365; x_wconf 84' lang='lat' dir='ltr'>Guelpherbytano,</span> <span class='ocrx_word' id='word_1_327' title='bbox 1991 1306 2148 1364; x_wconf 87' lang='lat' dir='ltr'>atque</span> <span class='ocrx_word' id='word_1_328' title='bbox 2184 1316 2215 1350; x_wconf 88' lang='lat' dir='ltr'>a</span> <span class='ocrx_word' id='word_1_329' title='bbox 2248 1301 2384 1350; x_wconf 84' lang='lat' dir='ltr'>libro</span> <span class='ocrx_word' id='word_1_330' title='bbox 2412 1302 2549 1351; x_wconf 84' lang='lat' dir='ltr'>Vos·</span> 
     </span>
     <span class='ocr_line' id='line_1_64' title="bbox 1475 1375 2545 1442; baseline 0.001 -17"><span class='ocrx_word' id='word_1_331' title='bbox 1475 1380 1636 1434; x_wconf 84' lang='lat' dir='ltr'>siano,</span> <span class='ocrx_word' id='word_1_332' title='bbox 1662 1376 1977 1427; x_wconf 81' lang='lat' dir='ltr'>confirmari.</span> <span class='ocrx_word' id='word_1_333' title='bbox 2045 1375 2380 1440; x_wconf 81' lang='lat' dir='ltr'>Expendant‚</span> <span class='ocrx_word' id='word_1_334' title='bbox 2401 1392 2545 1442; x_wconf 72' lang='lat' dir='ltr'>quae·</span> 
     </span>
     <span class='ocr_line' id='line_1_65' title="bbox 1478 1455 2544 1519; baseline 0.003 -16"><span class='ocrx_word' id='word_1_335' title='bbox 1478 1470 1556 1514; x_wconf 81' lang='lat' dir='ltr'>so,</span> <span class='ocrx_word' id='word_1_336' title='bbox 1603 1456 1710 1517; x_wconf 85' lang='lat' dir='ltr'>alii,</span> <span class='ocrx_word' id='word_1_337' title='bbox 1752 1469 1921 1504; x_wconf 89' lang='lat' dir='ltr'>annon</span> <span class='ocrx_word' id='word_1_338' title='bbox 1971 1455 2388 1519; x_wconf 87' lang='lat' dir='ltr'>supplementum</span> <span class='ocrx_word' id='word_1_339' title='bbox 2442 1455 2544 1506; x_wconf 83' lang='lat' dir='ltr'>hoc</span> 
     </span>
     <span class='ocr_line' id='line_1_66' title="bbox 1477 1532 2545 1596; baseline 0.001 -14"><span class='ocrx_word' id='word_1_340' title='bbox 1477 1534 1598 1582; x_wconf 90' lang='lat' dir='ltr'>stilo</span> <span class='ocrx_word' id='word_1_341' title='bbox 1622 1532 1865 1582; x_wconf 83' lang='lat' dir='ltr'>Pliniano</span> <span class='ocrx_word' id='word_1_342' title='bbox 1901 1532 1969 1581; x_wconf 87' lang='lat' dir='ltr'>sit</span> <span class='ocrx_word' id='word_1_343' title='bbox 2004 1532 2234 1592; x_wconf 78' lang='lat' dir='ltr'>(iignum,</span> <span class='ocrx_word' id='word_1_344' title='bbox 2262 1539 2545 1596; x_wconf 78' lang='lat' dir='ltr'>congruat-</span> 
     </span>
     <span class='ocr_line' id='line_1_67' title="bbox 1476 1609 2543 1673; baseline 0.003 -17"><span class='ocrx_word' id='word_1_345' title='bbox 1476 1622 1578 1673; x_wconf 84' lang='lat' dir='ltr'>que</span> <span class='ocrx_word' id='word_1_346' title='bbox 1614 1609 1890 1658; x_wconf 60' lang='lat' dir='ltr'>sententias</span> <span class='ocrx_word' id='word_1_347' title='bbox 1929 1609 2244 1672; x_wconf 82' lang='lat' dir='ltr'>propositae?</span> <span class='ocrx_word' id='word_1_348' title='bbox 2291 1609 2378 1658; x_wconf 87' lang='lat' dir='ltr'>Sic</span> <span class='ocrx_word' id='word_1_349' title='bbox 2416 1624 2543 1660; x_wconf 81' lang='lat' dir='ltr'>vero</span> 
     </span>
     <span class='ocr_line' id='line_1_68' title="bbox 1474 1685 2542 1748; baseline 0.003 -15"><span class='ocrx_word' id='word_1_350' title='bbox 1474 1685 1747 1748; x_wconf 80' lang='lat' dir='ltr'>Trajanus,</span> <span class='ocrx_word' id='word_1_351' title='bbox 1789 1700 1905 1732; x_wconf 88' lang='lat' dir='ltr'>cum</span> <span class='ocrx_word' id='word_1_352' title='bbox 1951 1699 2054 1734; x_wconf 90' lang='lat' dir='ltr'>non</span> <span class='ocrx_word' id='word_1_353' title='bbox 2101 1699 2279 1735; x_wconf 88' lang='lat' dir='ltr'>omnes</span> <span class='ocrx_word' id='word_1_354' title='bbox 2321 1685 2542 1736; x_wconf 88' lang='lat' dir='ltr'>bonores</span> 
     </span>
     <span class='ocr_line' id='line_1_69' title="bbox 1475 1760 2541 1825; baseline -0.001 -13"><span class='ocrx_word' id='word_1_355' title='bbox 1475 1763 1571 1812; x_wconf 88' lang='lat' dir='ltr'>sibi</span> <span class='ocrx_word' id='word_1_356' title='bbox 1612 1763 1816 1825; x_wconf 84' lang='lat' dir='ltr'>publice</span> <span class='ocrx_word' id='word_1_357' title='bbox 1840 1761 2081 1810; x_wconf 83' lang='lat' dir='ltr'>decretos</span> <span class='ocrx_word' id='word_1_358' title='bbox 2117 1760 2541 1817; x_wconf 87' lang='lat' dir='ltr'>recusarit,libe·</span> 
     </span>
     <span class='ocr_line' id='line_1_70' title="bbox 1475 1839 2540 1905; baseline -0.002 -14"><span class='ocrx_word' id='word_1_359' title='bbox 1475 1857 1618 1891; x_wconf 81' lang='lat' dir='ltr'>rasse</span> <span class='ocrx_word' id='word_1_360' title='bbox 1649 1842 1838 1891; x_wconf 87' lang='lat' dir='ltr'>dicitur</span> <span class='ocrx_word' id='word_1_361' title='bbox 1874 1847 2108 1890; x_wconf 79' lang='lat' dir='ltr'>senatum</span> <span class='ocrx_word' id='word_1_362' title='bbox 2132 1839 2420 1905; x_wconf 72' lang='lat' dir='ltr'>Romanurn</span> <span class='ocrx_word' id='word_1_363' title='bbox 2455 1855 2540 1889; x_wconf 88' lang='lat' dir='ltr'>sn-</span> 
     </span>
     <span class='ocr_line' id='line_1_71' title="bbox 1473 1917 2538 1982; baseline 0 -15"><span class='ocrx_word' id='word_1_364' title='bbox 1473 1919 1722 1982; x_wconf 76' lang='lat' dir='ltr'>spicione,</span> <span class='ocrx_word' id='word_1_365' title='bbox 1762 1918 1905 1982; x_wconf 85' lang='lat' dir='ltr'>quasi</span> <span class='ocrx_word' id='word_1_366' title='bbox 1941 1918 2025 1967; x_wconf 88' lang='lat' dir='ltr'>hic</span> <span class='ocrx_word' id='word_1_367' title='bbox 2062 1917 2349 1980; x_wconf 88' lang='lat' dir='ltr'>principem</span> <span class='ocrx_word' id='word_1_368' title='bbox 2390 1932 2538 1967; x_wconf 86' lang='lat' dir='ltr'>suum</span> 
     </span>
     <span class='ocr_line' id='line_1_72' title="bbox 1474 1994 2540 2059; baseline 0.002 -15"><span class='ocrx_word' id='word_1_369' title='bbox 1474 1996 1626 2059; x_wconf 86' lang='lat' dir='ltr'>plane</span> <span class='ocrx_word' id='word_1_370' title='bbox 1665 1996 1801 2044; x_wconf 89' lang='lat' dir='ltr'>nullo</span> <span class='ocrx_word' id='word_1_371' title='bbox 1833 1995 2024 2044; x_wconf 81' lang='lat' dir='ltr'>bonore</span> <span class='ocrx_word' id='word_1_372' title='bbox 2054 1994 2266 2057; x_wconf 82' lang='lat' dir='ltr'>dignum</span> <span class='ocrx_word' id='word_1_373' title='bbox 2302 1994 2540 2046; x_wconf 84' lang='lat' dir='ltr'>baberet.</span> 
     </span>
     <span class='ocr_line' id='line_1_73' title="bbox 1468 2070 2537 2134; baseline -0.001 -13"><span class='ocrx_word' id='word_1_374' title='bbox 1468 2072 1558 2121; x_wconf 89' lang='lat' dir='ltr'>Sic</span> <span class='ocrx_word' id='word_1_375' title='bbox 1593 2073 1750 2122; x_wconf 83' lang='lat' dir='ltr'>etiam</span> <span class='ocrx_word' id='word_1_376' title='bbox 1785 2072 1922 2124; x_wconf 87' lang='lat' dir='ltr'>idem</span> <span class='ocrx_word' id='word_1_377' title='bbox 1946 2072 2221 2134; x_wconf 84' lang='lat' dir='ltr'>Trajauus,</span> <span class='ocrx_word' id='word_1_378' title='bbox 2242 2085 2357 2120; x_wconf 91' lang='lat' dir='ltr'>cum</span> <span class='ocrx_word' id='word_1_379' title='bbox 2380 2070 2537 2121; x_wconf 88' lang='lat' dir='ltr'>bono·</span> 
     </span>
     <span class='ocr_line' id='line_1_74' title="bbox 1467 2147 2539 2209; baseline -0.002 -11"><span class='ocrx_word' id='word_1_380' title='bbox 1467 2164 1554 2199; x_wconf 79' lang='lat' dir='ltr'>res</span> <span class='ocrx_word' id='word_1_381' title='bbox 1579 2151 1763 2199; x_wconf 81' lang='lat' dir='ltr'>saltem</span> <span class='ocrx_word' id='word_1_382' title='bbox 1790 2149 2116 2209; x_wconf 80' lang='lat' dir='ltr'>parcissimos</span> <span class='ocrx_word' id='word_1_383' title='bbox 2134 2147 2422 2209; x_wconf 74' lang='lat' dir='ltr'>admiserit,</span> <span class='ocrx_word' id='word_1_384' title='bbox 2439 2161 2539 2196; x_wconf 82' lang='lat' dir='ltr'>nec</span> 
     </span>
     <span class='ocr_line' id='line_1_75' title="bbox 1469 2226 2538 2288; baseline 0.001 -15"><span class='ocrx_word' id='word_1_385' title='bbox 1469 2227 1696 2276; x_wconf 82' lang='lat' dir='ltr'>voluerit</span> <span class='ocrx_word' id='word_1_386' title='bbox 1731 2241 1882 2275; x_wconf 86' lang='lat' dir='ltr'>arcus</span> <span class='ocrx_word' id='word_1_387' title='bbox 1922 2227 2181 2288; x_wconf 81' lang='lat' dir='ltr'>ingentes,</span> <span class='ocrx_word' id='word_1_388' title='bbox 2224 2226 2436 2288; x_wconf 86' lang='lat' dir='ltr'>templa,</span> <span class='ocrx_word' id='word_1_389' title='bbox 2480 2228 2538 2277; x_wconf 83' lang='lat' dir='ltr'>et</span> 
     </span>
     <span class='ocr_line' id='line_1_76' title="bbox 1468 2301 2537 2364; baseline 0 -14"><span class='ocrx_word' id='word_1_390' title='bbox 1468 2311 1671 2353; x_wconf 84' lang='lat' dir='ltr'>statuas</span> <span class='ocrx_word' id='word_1_391' title='bbox 1716 2317 1900 2353; x_wconf 88' lang='lat' dir='ltr'>aureas</span> <span class='ocrx_word' id='word_1_392' title='bbox 1949 2302 2014 2350; x_wconf 87' lang='lat' dir='ltr'>de</span> <span class='ocrx_word' id='word_1_393' title='bbox 2058 2301 2280 2364; x_wconf 86' lang='lat' dir='ltr'>pecunia</span> <span class='ocrx_word' id='word_1_394' title='bbox 2324 2301 2537 2364; x_wconf 82' lang='lat' dir='ltr'>publica</span> 
     </span>
     <span class='ocr_line' id='line_1_77' title="bbox 1466 2377 2536 2443; baseline -0.002 -15"><span class='ocrx_word' id='word_1_395' title='bbox 1466 2380 1565 2429; x_wconf 91' lang='lat' dir='ltr'>sibi</span> <span class='ocrx_word' id='word_1_396' title='bbox 1595 2382 1809 2443; x_wconf 77' lang='lat' dir='ltr'>exstrui,</span> <span class='ocrx_word' id='word_1_397' title='bbox 1833 2387 1974 2429; x_wconf 83' lang='lat' dir='ltr'>recte</span> <span class='ocrx_word' id='word_1_398' title='bbox 2009 2379 2204 2429; x_wconf 87' lang='lat' dir='ltr'>dicitur</span> <span class='ocrx_word' id='word_1_399' title='bbox 2235 2377 2536 2428; x_wconf 79' lang='lat' dir='ltr'>adhibuisse</span> 
     </span>
     <span class='ocr_line' id='line_1_78' title="bbox 1467 2458 2524 2515; baseline -0.001 -6"><span class='ocrx_word' id='word_1_400' title='bbox 1467 2461 1721 2510; x_wconf 87' lang='lat' dir='ltr'>sumtibus</span> <span class='ocrx_word' id='word_1_401' title='bbox 1764 2460 1993 2515; x_wconf 87' lang='lat' dir='ltr'>modum,</span> <span class='ocrx_word' id='word_1_402' title='bbox 2027 2473 2091 2508; x_wconf 88' lang='lat' dir='ltr'>ne</span> <span class='ocrx_word' id='word_1_403' title='bbox 2127 2459 2365 2508; x_wconf 64' lang='lat' dir='ltr'>erarium</span> <span class='ocrx_word' id='word_1_404' title='bbox 2405 2458 2524 2508; x_wconf 88' lang='lat' dir='ltr'>alio-</span> 
     </span>
     <span class='ocr_line' id='line_1_79' title="bbox 1465 2536 2535 2602; baseline -0.002 -16"><span class='ocrx_word' id='word_1_405' title='bbox 1465 2539 1588 2601; x_wconf 87' lang='lat' dir='ltr'>quin</span> <span class='ocrx_word' id='word_1_406' title='bbox 1626 2538 1958 2602; x_wconf 84' lang='lat' dir='ltr'>amplioribus</span> <span class='ocrx_word' id='word_1_407' title='bbox 1997 2536 2278 2586; x_wconf 83' lang='lat' dir='ltr'>honoribus</span> <span class='ocrx_word' id='word_1_408' title='bbox 2309 2536 2535 2585; x_wconf 66' lang='lat' dir='ltr'>exiiens·-</span> 
     </span>
     <span class='ocr_line' id='line_1_80' title="bbox 1469 2602 2529 2664; baseline -0.001 -1"><span class='ocrx_word' id='word_1_409' title='bbox 1469 2620 1578 2663; x_wconf 90' lang='lat' dir='ltr'>tum</span> <span class='ocrx_word' id='word_1_410' title='bbox 1634 2628 1851 2664; x_wconf 84' lang='lat' dir='ltr'>necesse</span> <span class='ocrx_word' id='word_1_411' title='bbox 1901 2602 2122 2662; x_wconf 73' lang='lat' dir='ltr'>baberet</span> <span class='ocrx_word' id='word_1_412' title='bbox 2176 2612 2529 2662; x_wconf 88' lang='lat' dir='ltr'>innocentium</span> 
     </span>
     <span class='ocr_line' id='line_1_81' title="bbox 1467 2689 2529 2755; baseline -0.004 -14"><span class='ocrx_word' id='word_1_413' title='bbox 1467 2691 1616 2741; x_wconf 90' lang='lat' dir='ltr'>bonis</span> <span class='ocrx_word' id='word_1_414' title='bbox 1662 2692 1886 2755; x_wconf 80' lang='lat' dir='ltr'>replere·</span> <span class='ocrx_word' id='word_1_415' title='bbox 1954 2691 2219 2750; x_wconf 84' lang='lat' dir='ltr'>Ceterum,</span> <span class='ocrx_word' id='word_1_416' title='bbox 2265 2689 2366 2738; x_wconf 84' lang='lat' dir='ltr'>etsi</span> <span class='ocrx_word' id='word_1_417' title='bbox 2409 2704 2529 2753; x_wconf 87' lang='lat' dir='ltr'>sup·</span> 
     </span>
     <span class='ocr_line' id='line_1_82' title="bbox 1466 2764 2530 2832; baseline -0.004 -14"><span class='ocrx_word' id='word_1_418' title='bbox 1466 2770 1782 2832; x_wconf 86' lang='lat' dir='ltr'>plemeutum</span> <span class='ocrx_word' id='word_1_419' title='bbox 1805 2768 1902 2816; x_wconf 82' lang='lat' dir='ltr'>lioc</span> <span class='ocrx_word' id='word_1_420' title='bbox 1929 2780 2107 2815; x_wconf 88' lang='lat' dir='ltr'>omnes</span> <span class='ocrx_word' id='word_1_421' title='bbox 2142 2764 2262 2814; x_wconf 87' lang='lat' dir='ltr'>libri</span> <span class='ocrx_word' id='word_1_422' title='bbox 2290 2765 2530 2828; x_wconf 86' lang='lat' dir='ltr'>impressi</span> 
     </span>
     <span class='ocr_line' id='line_1_83' title="bbox 1463 2842 2526 2905; baseline -0.004 -10"><span class='ocrx_word' id='word_1_423' title='bbox 1463 2853 1519 2896; x_wconf 89' lang='lat' dir='ltr'>et</span> <span class='ocrx_word' id='word_1_424' title='bbox 1542 2852 1974 2895; x_wconf 84' lang='lat' dir='ltr'>commentatores</span> <span class='ocrx_word' id='word_1_425' title='bbox 1999 2842 2166 2893; x_wconf 85' lang='lat' dir='ltr'>adhuc</span> <span class='ocrx_word' id='word_1_426' title='bbox 2197 2842 2526 2905; x_wconf 56' lang='lat' dir='ltr'>ignorat-unu</span> 
     </span>
     <span class='ocr_line' id='line_1_84' title="bbox 1461 2919 2526 2978; baseline -0.003 -6"><span class='ocrx_word' id='word_1_427' title='bbox 1461 2929 1710 2978; x_wconf 85' lang='lat' dir='ltr'>attamen,</span> <span class='ocrx_word' id='word_1_428' title='bbox 1742 2937 1860 2973; x_wconf 82' lang='lat' dir='ltr'>cnm</span> <span class='ocrx_word' id='word_1_429' title='bbox 1904 2920 2206 2971; x_wconf 76' lang='lat' dir='ltr'>vocabulum</span> <span class='ocrx_word' id='word_1_430' title='bbox 2251 2919 2426 2969; x_wconf 80' lang='lat' dir='ltr'>oerorio</span> <span class='ocrx_word' id='word_1_431' title='bbox 2472 2920 2526 2969; x_wconf 87' lang='lat' dir='ltr'>in</span> 
     </span>
     <span class='ocr_line' id='line_1_85' title="bbox 1460 2996 2528 3049; baseline -0.004 0"><span class='ocrx_word' id='word_1_432' title='bbox 1460 3000 1643 3049; x_wconf 87' lang='lat' dir='ltr'>eodem</span> <span class='ocrx_word' id='word_1_433' title='bbox 1685 3000 1957 3049; x_wconf 82' lang='lat' dir='ltr'>verborum</span> <span class='ocrx_word' id='word_1_434' title='bbox 1999 2996 2195 3047; x_wconf 80' lang='lat' dir='ltr'>ambitu</span> <span class='ocrx_word' id='word_1_435' title='bbox 2235 2996 2313 3046; x_wconf 87' lang='lat' dir='ltr'>bis</span> <span class='ocrx_word' id='word_1_436' title='bbox 2349 3011 2528 3048; x_wconf 87' lang='lat' dir='ltr'>occur·</span> 
     </span>
     <span class='ocr_line' id='line_1_86' title="bbox 1461 3075 2526 3140; baseline -0.002 -14"><span class='ocrx_word' id='word_1_437' title='bbox 1461 3086 1565 3140; x_wconf 88' lang='lat' dir='ltr'>rat,</span> <span class='ocrx_word' id='word_1_438' title='bbox 1589 3077 1724 3127; x_wconf 88' lang='lat' dir='ltr'>haud</span> <span class='ocrx_word' id='word_1_439' title='bbox 1761 3090 1901 3139; x_wconf 60' lang='lat' dir='ltr'>uagi-e</span> <span class='ocrx_word' id='word_1_440' title='bbox 1934 3075 2293 3137; x_wconf 80' lang='lat' dir='ltr'>intelligimus,</span> <span class='ocrx_word' id='word_1_441' title='bbox 2315 3088 2526 3140; x_wconf 88' lang='lat' dir='ltr'>quomo-</span> 
     </span>
     <span class='ocr_line' id='line_1_87' title="bbox 1459 3152 2524 3218; baseline 0.001 -15"><span class='ocrx_word' id='word_1_442' title='bbox 1459 3154 1527 3203; x_wconf 86' lang='lat' dir='ltr'>do</span> <span class='ocrx_word' id='word_1_443' title='bbox 1571 3153 1683 3203; x_wconf 84' lang='lat' dir='ltr'>fieri</span> <span class='ocrx_word' id='word_1_444' title='bbox 1729 3153 1983 3218; x_wconf 73' lang='lat' dir='ltr'>potuerit,</span> <span class='ocrx_word' id='word_1_445' title='bbox 2022 3159 2082 3202; x_wconf 92' lang='lat' dir='ltr'>ut</span> <span class='ocrx_word' id='word_1_446' title='bbox 2115 3152 2314 3202; x_wconf 83' lang='lat' dir='ltr'>librarii</span> <span class='ocrx_word' id='word_1_447' title='bbox 2361 3168 2524 3217; x_wconf 88' lang='lat' dir='ltr'>prono</span> 
     </span>
     <span class='ocr_line' id='line_1_88' title="bbox 1458 3231 2526 3291; baseline 0.002 -12"><span class='ocrx_word' id='word_1_448' title='bbox 1458 3232 1610 3291; x_wconf 85' lang='lat' dir='ltr'>lapsu</span> <span class='ocrx_word' id='word_1_449' title='bbox 1634 3231 1699 3280; x_wconf 88' lang='lat' dir='ltr'>ab</span> <span class='ocrx_word' id='word_1_450' title='bbox 1724 3245 1826 3281; x_wconf 89' lang='lat' dir='ltr'>uno</span> <span class='ocrx_word' id='word_1_451' title='bbox 1848 3231 1912 3280; x_wconf 86' lang='lat' dir='ltr'>ad</span> <span class='ocrx_word' id='word_1_452' title='bbox 1950 3231 2170 3280; x_wconf 85' lang='lat' dir='ltr'>alterum</span> <span class='ocrx_word' id='word_1_453' title='bbox 2195 3231 2361 3280; x_wconf 79' lang='lat' dir='ltr'>oculis</span> <span class='ocrx_word' id='word_1_454' title='bbox 2385 3238 2526 3281; x_wconf 86' lang='lat' dir='ltr'>tran-</span> 
     </span>
     <span class='ocr_line' id='line_1_89' title="bbox 1458 3307 2529 3377; baseline 0.003 -22"><span class='ocrx_word' id='word_1_455' title='bbox 1458 3307 1718 3370; x_wconf 88' lang='lat' dir='ltr'>siluerint,</span> <span class='ocrx_word' id='word_1_456' title='bbox 1754 3308 1812 3357; x_wconf 87' lang='lat' dir='ltr'>iis</span> <span class='ocrx_word' id='word_1_457' title='bbox 1840 3307 2046 3377; x_wconf 81' lang='lat' dir='ltr'>quidem</span> <span class='ocrx_word' id='word_1_458' title='bbox 2085 3307 2271 3365; x_wconf 78' lang='lat' dir='ltr'>verbis,</span> <span class='ocrx_word' id='word_1_459' title='bbox 2299 3323 2414 3372; x_wconf 83' lang='lat' dir='ltr'>quae</span> <span class='ocrx_word' id='word_1_460' title='bbox 2447 3307 2529 3358; x_wconf 75' lang='lat' dir='ltr'>in-</span> 
     </span>
     <span class='ocr_line' id='line_1_90' title="bbox 1456 3385 2522 3448; baseline 0.001 -14"><span class='ocrx_word' id='word_1_461' title='bbox 1456 3385 1679 3448; x_wconf 84' lang='lat' dir='ltr'>terjecta</span> <span class='ocrx_word' id='word_1_462' title='bbox 1717 3390 1884 3447; x_wconf 87' lang='lat' dir='ltr'>erant,</span> <span class='ocrx_word' id='word_1_463' title='bbox 1924 3385 2211 3434; x_wconf 81' lang='lat' dir='ltr'>oscitanter</span> <span class='ocrx_word' id='word_1_464' title='bbox 2252 3385 2522 3448; x_wconf 78' lang='lat' dir='ltr'>neglectis,</span> 
     </span>
     <span class='ocr_line' id='line_1_91' title="bbox 1456 3460 2522 3511; baseline 0 -1"><span class='ocrx_word' id='word_1_465' title='bbox 1456 3469 1512 3511; x_wconf 83' lang='lat' dir='ltr'>et</span> <span class='ocrx_word' id='word_1_466' title='bbox 1537 3462 1650 3511; x_wconf 85' lang='lat' dir='ltr'>aliis</span> <span class='ocrx_word' id='word_1_467' title='bbox 1674 3460 1740 3511; x_wconf 82' lang='lat' dir='ltr'>ad</span> <span class='ocrx_word' id='word_1_468' title='bbox 1764 3461 2177 3511; x_wconf 86' lang='lat' dir='ltr'>constituendam</span> <span class='ocrx_word' id='word_1_469' title='bbox 2210 3462 2522 3511; x_wconf 82' lang='lat' dir='ltr'>seutentiam</span> 
     </span>
     <span class='ocr_line' id='line_1_92' title="bbox 1457 3536 2523 3588; baseline 0.001 -2"><span class='ocrx_word' id='word_1_470' title='bbox 1457 3538 1646 3588; x_wconf 87' lang='lat' dir='ltr'>leviter</span> <span class='ocrx_word' id='word_1_471' title='bbox 1680 3537 1984 3588; x_wconf 87' lang='lat' dir='ltr'>immutatis.</span> <span class='ocrx_word' id='word_1_472' title='bbox 2051 3536 2208 3586; x_wconf 86' lang='lat' dir='ltr'>Hunc</span> <span class='ocrx_word' id='word_1_473' title='bbox 2243 3537 2429 3587; x_wconf 86' lang='lat' dir='ltr'>saltum</span> <span class='ocrx_word' id='word_1_474' title='bbox 2463 3545 2523 3588; x_wconf 83' lang='lat' dir='ltr'>et</span> 
     </span>
     <span class='ocr_line' id='line_1_93' title="bbox 1452 3614 2521 3679; baseline -0.002 -12"><span class='ocrx_word' id='word_1_475' title='bbox 1452 3617 1724 3667; x_wconf 84' lang='lat' dir='ltr'>defectum</span> <span class='ocrx_word' id='word_1_476' title='bbox 1770 3622 1961 3673; x_wconf 81' lang='lat' dir='ltr'>antem,</span> <span class='ocrx_word' id='word_1_477' title='bbox 2000 3616 2103 3665; x_wconf 89' lang='lat' dir='ltr'>etsi</span> <span class='ocrx_word' id='word_1_478' title='bbox 2145 3614 2356 3679; x_wconf 87' lang='lat' dir='ltr'>quidam</span> <span class='ocrx_word' id='word_1_479' title='bbox 2399 3615 2521 3665; x_wconf 88' lang='lat' dir='ltr'>libri</span> 
     </span>
     <span class='ocr_line' id='line_1_94' title="bbox 1454 3688 2521 3757; baseline -0.002 -14"><span class='ocrx_word' id='word_1_480' title='bbox 1454 3696 1617 3757; x_wconf 85' lang='lat' dir='ltr'>tnagis</span> <span class='ocrx_word' id='word_1_481' title='bbox 1653 3693 1987 3751; x_wconf 73' lang='lat' dir='ltr'>occultarint,</span> <span class='ocrx_word' id='word_1_482' title='bbox 2017 3691 2153 3741; x_wconf 79' lang='lat' dir='ltr'>haud</span> <span class='ocrx_word' id='word_1_483' title='bbox 2187 3688 2406 3742; x_wconf 72' lang='lat' dir='ltr'>obscure</span> <span class='ocrx_word' id='word_1_484' title='bbox 2444 3700 2521 3741; x_wconf 87' lang='lat' dir='ltr'>ta·</span> 
     </span>
     <span class='ocr_line' id='line_1_95' title="bbox 1452 3768 2521 3821; baseline -0.001 -1"><span class='ocrx_word' id='word_1_485' title='bbox 1452 3782 1572 3820; x_wconf 85' lang='lat' dir='ltr'>men</span> <span class='ocrx_word' id='word_1_486' title='bbox 1607 3769 1840 3821; x_wconf 88' lang='lat' dir='ltr'>indicant</span> <span class='ocrx_word' id='word_1_487' title='bbox 1873 3769 2080 3819; x_wconf 88' lang='lat' dir='ltr'>codices</span> <span class='ocrx_word' id='word_1_488' title='bbox 2103 3769 2232 3818; x_wconf 85' lang='lat' dir='ltr'>Mss.</span> <span class='ocrx_word' id='word_1_489' title='bbox 2258 3768 2521 3819; x_wconf 82' lang='lat' dir='ltr'>Parisien·</span> 
     </span>
     <span class='ocr_line' id='line_1_96' title="bbox 1452 3844 2518 3911; baseline -0.001 -14"><span class='ocrx_word' id='word_1_490' title='bbox 1452 3848 1544 3911; x_wconf 83' lang='lat' dir='ltr'>sis,</span> <span class='ocrx_word' id='word_1_491' title='bbox 1578 3854 1634 3897; x_wconf 90' lang='lat' dir='ltr'>et</span> <span class='ocrx_word' id='word_1_492' title='bbox 1674 3854 1899 3911; x_wconf 88' lang='lat' dir='ltr'>uterque</span> <span class='ocrx_word' id='word_1_493' title='bbox 1933 3847 2202 3905; x_wconf 76' lang='lat' dir='ltr'>Venetus3</span> <span class='ocrx_word' id='word_1_494' title='bbox 2241 3844 2295 3894; x_wconf 91' lang='lat' dir='ltr'>in</span> <span class='ocrx_word' id='word_1_495' title='bbox 2329 3845 2518 3910; x_wconf 84' lang='lat' dir='ltr'>quibus</span> 
     </span>
     <span class='ocr_line' id='line_1_97' title="bbox 1453 3923 2521 3989; baseline 0 -15"><span class='ocrx_word' id='word_1_496' title='bbox 1453 3925 1708 3989; x_wconf 81' lang='lat' dir='ltr'>particula</span> <span class='ocrx_word' id='word_1_497' title='bbox 1738 3929 1915 3987; x_wconf 77' lang='lat' dir='ltr'>autem,</span> <span class='ocrx_word' id='word_1_498' title='bbox 1939 3923 2116 3972; x_wconf 87' lang='lat' dir='ltr'>statim</span> <span class='ocrx_word' id='word_1_499' title='bbox 2156 3923 2322 3985; x_wconf 89' lang='lat' dir='ltr'>primo</span> <span class='ocrx_word' id='word_1_500' title='bbox 2357 3923 2521 3974; x_wconf 80' lang='lat' dir='ltr'>nomi-</span> 
     </span>
     <span class='ocr_line' id='line_1_98' title="bbox 1451 3997 2516 4063; baseline -0.003 -13"><span class='ocrx_word' id='word_1_501' title='bbox 1451 4002 1523 4063; x_wconf 92' lang='lat' dir='ltr'>ni,</span> <span class='ocrx_word' id='word_1_502' title='bbox 1549 3999 1738 4054; x_wconf 80' lang='lat' dir='ltr'>oerurio,</span> <span class='ocrx_word' id='word_1_503' title='bbox 1774 3999 1851 4049; x_wconf 91' lang='lat' dir='ltr'>sic</span> <span class='ocrx_word' id='word_1_504' title='bbox 1889 3997 2182 4061; x_wconf 87' lang='lat' dir='ltr'>subjicitur,</span> <span class='ocrx_word' id='word_1_505' title='bbox 2207 3998 2314 4055; x_wconf 77' lang='lat' dir='ltr'>Quo</span> <span class='ocrx_word' id='word_1_506' title='bbox 2340 4003 2516 4063; x_wconf 79' lang='lat' dir='ltr'>tempe-</span> 
     </span>
     <span class='ocr_line' id='line_1_99' title="bbox 1448 4074 2515 4140; baseline -0.002 -13"><span class='ocrx_word' id='word_1_507' title='bbox 1448 4081 1686 4137; x_wconf 73' lang='lat' dir='ltr'>ramento,</span> <span class='ocrx_word' id='word_1_508' title='bbox 1728 4081 1778 4125; x_wconf 83' lang='lat' dir='ltr'>et</span> <span class='ocrx_word' id='word_1_509' title='bbox 1830 4074 1980 4130; x_wconf 74' lang='lat' dir='ltr'>nobis,</span> <span class='ocrx_word' id='word_1_510' title='bbox 2023 4079 2071 4123; x_wconf 80' lang='lat' dir='ltr'>et</span> <span class='ocrx_word' id='word_1_511' title='bbox 2114 4074 2290 4123; x_wconf 77' lang='lat' dir='ltr'>aerart’o</span> <span class='ocrx_word' id='word_1_512' title='bbox 2341 4081 2515 4140; x_wconf 77' lang='lat' dir='ltr'>autem,</span> 
     </span>
     <span class='ocr_line' id='line_1_100' title="bbox 1448 4150 2514 4218; baseline -0.004 -14"><span class='ocrx_word' id='word_1_513' title='bbox 1448 4156 1570 4218; x_wconf 79' lang='lat' dir='ltr'>quod</span> <span class='ocrx_word' id='word_1_514' title='bbox 1587 4152 1815 4203; x_wconf 65' lang='lat' dir='ltr'>sonitibus</span> <span class='ocrx_word' id='word_1_515' title='bbox 1830 4151 1933 4213; x_wconf 66' lang='lat' dir='ltr'>eius</span> <span class='ocrx_word' id='word_1_516' title='bbox 1947 4150 2142 4200; x_wconf 75' lang='lat' dir='ltr'>adhibes</span> <span class='ocrx_word' id='word_1_517' title='bbox 2157 4151 2358 4200; x_wconf 81' lang='lat' dir='ltr'>modum.</span> <span class='ocrx_word' id='word_1_518' title='bbox 2395 4153 2514 4204; x_wconf 83' lang='lat' dir='ltr'>Qua</span> 
     </span>
     <span class='ocr_line' id='line_1_101' title="bbox 1448 4226 2512 4294; baseline -0.002 -14"><span class='ocrx_word' id='word_1_519' title='bbox 1448 4231 1708 4294; x_wconf 83' lang='lat' dir='ltr'>scriptura</span> <span class='ocrx_word' id='word_1_520' title='bbox 1753 4230 1937 4279; x_wconf 81' lang='lat' dir='ltr'>saltem</span> <span class='ocrx_word' id='word_1_521' title='bbox 1982 4227 2187 4277; x_wconf 86' lang='lat' dir='ltr'>facilior</span> <span class='ocrx_word' id='word_1_522' title='bbox 2230 4226 2402 4278; x_wconf 84' lang='lat' dir='ltr'>aditus</span> <span class='ocrx_word' id='word_1_523' title='bbox 2446 4229 2512 4279; x_wconf 85' lang='lat' dir='ltr'>ad</span> 
     </span>
     <span class='ocr_line' id='line_1_102' title="bbox 1448 4302 2515 4370; baseline -0.012 -7"><span class='ocrx_word' id='word_1_524' title='bbox 1448 4304 1963 4363; x_wconf 77' lang='lat' dir='ltr'>animadvertendum</span> <span class='ocrx_word' id='word_1_525' title='bbox 2018 4302 2275 4370; x_wconf 89' lang='lat' dir='ltr'>quendam</span> <span class='ocrx_word' id='word_1_526' title='bbox 2335 4303 2515 4357; x_wconf 66' lang='lat' dir='ltr'>defec-</span> 
     </span>
    </p>
   </div>
  </div>
 </body>
</html>
