3017 4942
510 397 644 465 ⁸710

510 571 602 608 ιιι.
631 556 984 622 15.legimns:
1022 561 1039 589 ‘
1062 556 1198 608 Haee
1229 556 1462 608 conditio
1495 570 1580 607 sn·

510 635 774 700 periorum
812 642 914 695 est,
951 642 1030 692 ut.
1068 634 1320 701 quidquid
1359 633 1581 697 faciunt,

509 711 802 775 precipere
827 710 1135 778 videantur,
1167 718 1221 761 et
1253 710 1581 775 perniciosis·

510 788 671 837 simus
701 794 786 838 est
826 788 977 837 malae
1019 788 1096 840 rei
1141 788 1398 838 maximus
1435 786 1578 853 quis·

511 879 614 929 que
639 863 857 915 auetor.'
921 864 1056 930 Item
1077 865 1214 929 apud
1238 866 1356 915 Lat.
1391 865 1578 915 Paeat.

508 940 564 990 in
601 941 800 1004 Paneg.
840 955 959 1005 eap.
1003 945 1083 991 15.
1139 945 1155 969 ‘
1180 940 1266 991 Sic
1295 947 1377 990 est
1415 940 1576 1003 enim,

500 1006 589 1068 =sie
623 1023 730 1067 ests
771 1025 1053 1082 exasperat
1091 1017 1324 1067 homines
1354 1016 1575 1082 impera·

509 1101 586 1143 ta*
624 1094 924 1156 ‘eorrecti03
965 1093 1312 1144 ‘blandissime
1355 1092 1577 1158 jubetur

510 1168 791 1234 exemplo.’
847 1171 996 1220 Bene
1033 1171 1097 1220 ad
1132 1170 1183 1219 h.
1206 1169 1257 1218 Ἰ.
1294 1168 1577 1219 Arutzeui·

505 1259 603 1296 us:
638 1248 757 1297 ‘De
796 1246 1089 1297 mutatione
1129 1260 1196 1296 ne
1238 1245 1576 1310 cogitandum

506 1317 715 1386 quidem
738 1322 837 1371 hie.
901 1322 1155 1385 Exempla
1189 1320 1317 1371 duas
1354 1335 1437 1370 res
1459 1334 1577 1384 per-

506 1396 723 1447 ficiunt:
759 1396 949 1462 etipsa
983 1406 1212 1453 monent,
1241 1412 1358 1462 quie
1379 1396 1579 1447 facien-

507 1475 577 1524 da
598 1481 755 1537 suut,
788 1484 843 1524 et
865 1474 985 1524 dein
1007 1475 1304 1532 ostendunt,
1338 1475 1492 1525 etiam
1515 1490 1579 1526 ea

505 1547 622 1601 fieri
647 1565 818 1614 posse.
861 1550 965 1602 Adi
990 1551 1322 1601 Bnebnerum
1348 1551 1412 1601 ad
1437 1552 1579 1604 Plin.

506 1627 678 1692 Epist.
719 1642 849 1679 vm.
889 1632 969 1679 14.
1024 1629 1178 1681 Quod
1218 1628 1578 1680 fidelissimum

506 1705 854 1769 praeeipiendi
899 1720 1085 1769 genus,
1110 1706 1379 1772 ’exemplis
1410 1707 1578 1758 'doee-

504 1783 732 1847 bantur,'
752 1787 853 1835 &m
885 1775 1135 1833 δώωσι.

574 1861 710 1910 Car.
744 1873 901 1909 κινι.
966 1861 1036 1909 Et
1073 1859 1208 1924 quis]
1248 1860 1464 1926 Macula
1501 1866 1580 1926 ty·

505 1936 823 2000 pographiea
848 1937 1014 1986 haeret
1046 1937 1098 1987 in
1121 1937 1436 1989 editionibus
1459 1939 1578 1989 Cel-

506 2011 739 2076 larianis,
759 2027 873 2063 enm
896 2015 1167 2079 inquinate
1185 2016 1466 2067 exhibeant
1485 2018 1579 2082 his,

508 2087 628 2139 loeo
672 2090 988 2154 pronominis
1025 2092 1398 2157 interrogandi,
1433 2094 1581 2156 qais?

505 2162 762 2212 Similiter
794 2165 1037 2215 mentium
1075 2166 1271 2217 librarii
1305 2174 1389 2218 est
1415 2167 1467 2217 in
1491 2183 1580 2218 eo·

508 2238 627 2289 dice
648 2239 1127 2311 Guelplierbytano,
1151 2244 1261 2308 qui,
1284 2257 1381 2308 pro
1403 2245 1580 2294 voluis·

507 2320 601 2378 set,
642 2318 924 2367 oscitanter
962 2321 1192 2383 reposuit
1229 2321 1488 2379 voluissem
1515 2328 1581 2372 ‘et

414 2449 421 2456 ,
509 2391 563 2441 in
589 2393 762 2442 verbis
780 2395 1048 2445 reuerentia
1070 2397 1162 2460 tui,
1188 2410 1468 2459 pronomen
1502 2396 1579 2448 titi

507 2481 720 2533 prorsus
743 2471 950 2533 omisit3
988 2486 1082 2535 pro
1106 2487 1377 2538 quoaeque
1394 2473 1579 2523 vitiose

505 2546 750 2596 librarius
792 2548 845 2597 in
889 2548 1069 2599 codice
1110 2550 1319 2600 Veneto
1367 2537 1579 2614 scripsit

507 2628 611 2674 tua.
677 2624 783 2675 Sed
817 2639 918 2676 nee
964 2640 1223 2677 moramur
1262 2627 1389 2677 illud
1434 2628 1578 2695 effici·

508 2706 610 2762 tur,
632 2701 770 2765 quod
802 2716 898 2766 pro
944 2704 1213 2765 praeterito
1248 2713 1484 2767 tempore
1504 2703 1579 2764 ef·

496 2776 626 2835 secie
658 2775 898 2828 innostro
942 2778 1123 2830 codiee
1157 2786 1430 2830 exaratum
1478 2787 1579 2830 est.

508 2852 667 2902 Idem.

579 2930 810 2980 οωεηαει
843 2931 1042 2996 «ιιι-μὴ]
1085 2933 1348 2990 Tiberius,
1381 2933 1447 2984 ‘a
1477 2920 1580 2999 «μία

510 3002 648 3067 pulsi
696 3006 970 3056 histriones
1013 3006 1211 3069 Italia,'
1251 3010 1423 3060 Tacit.
1469 3009 1578 3059 Au·

496 3077 615 3130 nal.
642 3096 719 3131 tv.
745 3086 828 3133 14.
861 3091 917 3133 et
953 3084 1115 3142 Nero,
1151 3100 1185 3136 a
1219 3100 1321 3151 quo
1353 3088 1370 3117 ‘
1391 3095 1580 3151 panto·

510 3158 785 3209 mimorum
808 3158 1061 3210 sactiones
1093 3176 1209 3211 cnm
1235 3163 1359 3227 ipsis
1381 3166 1580 3228 relega·

502 3233 623 3291 ἀεί
653 3235 866 3287 Sueton.
900 3251 1014 3302 eap.
1049 3243 1133 3290 16.
1155 3248 1209 3290 et
1233 3241 1580 3299 Domitianus,

515 3312 607 3373 qui
642 3312 948 3364 ‘interdixit
971 3316 1308 3368 histrionibus
1332 3318 1580 3383 scenam,’

511 3384 664 3437 Idem
686 3388 905 3441 Sueton.
925 3405 1043 3456 esp.
1067 3396 1120 3442 7.
1187 3394 1325 3444 Vide
1359 3403 1414 3445 et
1446 3394 1578 3446 Dio·

511 3476 635 3512 nem
660 3465 916 3523 Cassium,
937 3468 1129 3519 cellar.
1164 3470 1385 3520 Potorol.

586 3543 809 3593 Obtinuit
832 3545 1032 3609 aliquis]
1066 3546 1135 3596 Et
1158 3547 1404 3598 Tiberius
1428 3537 1584 3612 olim,

461 3639 466 3648 ·
512 3619 681 3670 Tacit.
703 3620 891 3671 Annal.
916 3636 999 3672 tv.
1023 3627 1104 3674 14.
1125 3624 1271 3674 Suet.
1300 3625 1431 3675 Ner.
1462 3640 1583 3689 cap.

517 3700 567 3746 1.
617 3698 835 3748 Sueton.
878 3698 1079 3749 Dounit.
1123 3713 1242 3764 cap.
1281 3704 1333 3750 7.
1374 3715 1454 3765 pr.
1492 3693 1582 3767 qui

513 3772 821 3824 ‘histriones
854 3773 1015 3824 Italia
1054 3776 1256 3838 pepulit
1272 3775 1305 3838 ς’
1337 3784 1392 3827 et
1416 3778 1583 3842 Nero,

515 3850 604 3914 qui
653 3849 942 3902 ‘sactiones
1001 3853 1435 3915 pantomimorum
1481 3853 1585 3904 uu'a

502 3919 634 3977 'eum
672 3928 796 3992 ipsis
834 3929 1085 3994 relegavit
1101 3929 1136 3991 3'
1167 3936 1224 3981 et
1250 3928 1585 3982 Domitianus

517 4002 766 4070 denique,
798 4005 916 4069 ‘qui
954 4005 1226 4056 interdixit
1245 4006 1586 4059 histrionibus

515 4093 740 4142 scenam,
777 4080 910 4132 intra
947 4081 1154 4132 domum
1190 4084 1400 4148 quidem
1433 4099 1586 4134 exer-

519 4155 673 4214 eendi
695 4162 863 4228 artem
888 4157 1012 4219 jure
1033 4158 1320 4209 concesso!
1383 4160 1463 4209 De
1484 4162 1590 4212 isto

521 4245 638 4282 eum
661 4231 874 4288 sentire,
903 4236 1174 4297 sequentia
1196 4236 1406 4288 docent.
1419 4239 1557 4304 Lips.

585 4306 1019 4375 pantomimorum]
1053 4311 1139 4364 Ne
1157 4311 1482 4382 histrioniam
1503 4330 1586 4368 ar·

1216 391 1440 464 noris
1485 411 1895 464 vamonuu
1945 412 2024 463 ns

1641 537 1763 607 ³tem
1785 555 1836 606 in
1860 569 2016 607 seeua
2039 553 2171 606 etin
2204 554 2478 620 propatulo
2509 555 2721 606 exer'ee·

1654 648 1713 684 re
1738 640 1968 698 possent.
2000 634 2155 683 Beris.
2209 693 2216 700 .

1718 707 2157 771 Pontomimorum]
2208 708 2312 762 Qui
2350 713 2500 771 gestu
2528 714 2583 758 et
2616 707 2721 757 sal·

1654 787 1873 851 tatione,
1889 793 2137 851 motuque
2162 785 2420 851 eorporis,
2436 785 2608 833 omnia
2629 798 2721 833 ex·

1649 864 1885 929 primunt
1919 870 1975 914 et
2003 864 2286 927 imitantur,
2316 860 2455 912 unde
2477 860 2720 910 Graecum

1637 939 1859 995 ‘'nomen.
1927 942 2103 992 Latini
2136 939 2485 1001 ‘histriones,’
2515 938 2725 988 et‘sal·
2769 1001 2774 1004 v

1653 1018 1887 1081 tatores,'
1909 1025 1968 1069 et
1998 1020 2014 1048 ⁶
2029 1014 2458 1083 gesticulatores,’
2479 1014 2728 1065 reddunt.

1712 1111 2147 1234 1Ιξιιιιιωιιίπωνιιιιι]
2200 1168 2403 1219 Horum
2452 1166 2724 1217 historiam

1652 1248 1897 1311 exposuit
1918 1248 2107 1298 Octav.
2139 1244 2409 1296 Ferrarius
2446 1242 2499 1291 iu
2532 1242 2728 1292 disser-

1653 1324 1856 1375 tatione
1898 1329 2169 1389 postnma3
2218 1335 2285 1371 ex
2330 1333 2436 1384 qua
2476 1333 2581 1368 uon
2627 1316 2728 1367 nisi

1653 1415 1824 1465 pauca
1865 1401 2101 1465 quaedam
2147 1412 2283 1448 nune
2328 1394 2517 1446 afferre
2573 1394 2728 1444 libet.

1654 1470 1784 1531 cum
1805 1494 1994 1544 nempe
2029 1478 2197 1543 primo
2220 1477 2271 1527 in
2297 1474 2585 1539 tragoediis,
2608 1473 2729 1523 sub·

1653 1557 1764 1607 lato
1798 1556 1973 1619 choro,
1995 1555 2470 1608 introducerentur,
2494 1552 2582 1615 qui
2621 1563 2729 1599 mo·

1655 1636 1748 1685 dos
1785 1633 2057 1695 faeereut3
2092 1631 2248 1683 etiam
2283 1637 2490 1680 setores
2523 1626 2732 1677 inducti

1654 1717 1778 1760 sunt
1799 1719 1950 1760 extra
1983 1712 2366 1773 argumentum,
2387 1719 2608 1769 quornm
2645 1717 2731 1753 ur·

1654 1786 1892 1837 banitate
1928 1801 1989 1837 ae
2016 1785 2152 1849 jocis
2188 1783 2346 1834 animi
2365 1789 2731 1846 spectatorum

1654 1864 1989 1924 laxarentnr3
2025 1869 2184 1926 atque
2206 1860 2260 1910 hi
2281 1858 2408 1923 παρὰ
2426 1858 2516 1906 τοῦ
2534 1858 2731 1919 pamic-

1646 1944 1744 2005 θαι,
1771 1941 1847 1991 ‘ab
1884 1939 2165 1995 imitatione,
2210 1937 2341 1988 dieti
2372 1938 2388 1967 ‘
2409 1935 2589 1993 mimi:
2625 1933 2730 1988 no'n

1654 2016 1936 2066 saltatione
1974 2021 2030 2064 et
2060 2019 2231 2078 gestu,
2254 2011 2347 2062 sed
2370 2025 2498 2062 voce
2524 2026 2589 2061 ac
2618 2024 2734 2060 ver·

1654 2092 1735 2144 bis
1755 2106 1838 2142 res
1859 2091 2102 2141 ridiculas
2125 2089 2181 2139 in
2204 2103 2359 2139 scena
2375 2095 2733 2151 repraesenta·

1654 2176 1813 2230 rnnt3
1865 2168 2146 2233 aliquando
2191 2173 2366 2216 tamen
2410 2171 2468 2215 et
2512 2165 2734 2215 utilibus

1653 2247 1776 2297 vitas
1801 2244 2094 2296 ‘sententiis
2129 2250 2252 2293 sunt
2293 2242 2392 2292 usi.
2459 2240 2567 2291 Sed
2619 2241 2734 2303 alii,

1652 2323 1791 2388 qnod
1827 2321 1993 2381 taciti,
2016 2322 2126 2371 sola
2161 2319 2437 2369 saltatione
2474 2331 2537 2366 ae
2576 2311 2735 2380 gestu

1654 2399 1845 2455 omnia,
1879 2412 1995 2463 quae
2038 2412 2069 2446 a
2103 2395 2338 2459 tragoedo
2383 2393 2736 2449 canebantur,

1653 2476 2011 2541 exprimerent
2048 2485 2109 2522 ae
2147 2476 2611 2535 representat-ent,
2644 2483 2736 2517 au·

1654 2553 1867 2604 dierunt
1894 2553 1911 2581 ·
1936 2547 2275 2615 pantomimi,'
2309 2546 2454 2612 quasi
2487 2545 2737 2595 'omnium
2805 2587 2810 2596 ,

1652 2630 1966 2680 imitatores.
2031 2625 2218 2677 Omnis
2259 2637 2383 2688 ergo
2419 2623 2605 2673 horum
2651 2615 2737 2672 ar's

1651 2704 1773 2769 fuit,
1796 2712 1937 2755 motu
1963 2701 2222 2766 eorporis,
2254 2700 2445 2765 pedum
2470 2699 2739 2762 agilitate,

1653 2788 1708 2831 et
1731 2779 2153 2846 gesticulatione,
2174 2792 2288 2842 quoe
2312 2776 2365 2826 iu
2389 2789 2550 2825 scena¹
2573 2790 2738 2826 cane.

1652 2857 1865 2921 bantur,
1892 2857 1969 2908 ita
2003 2853 2196 2904 imitari
2229 2859 2284 2902 et
2321 2850 2642 2915 exprimere,
2673 2860 2736 2903 nt

1639 2931 1787 2986 xinuti
1832 2933 2269 2995 intelligerentur,
2316 2932 2389 2991 et,
2434 2935 2495 2978 ut
2531 2928 2610 2977 sie
2658 2927 2739 2977 di·

1643 3005 1847 3068 eamus,
1890 3017 2244 3075 spectatorum
2282 3004 2421 3055 oculi
2465 3004 2737 3055 audirent.

1653 3088 1910 3153 Exempla
1945 3085 2225 3149 singularia
2252 3083 2434 3131 horum
2470 3079 2739 3145 pantomi-

1653 3179 1852 3215 morum
1876 3161 2029 3214 affert
2052 3157 2292 3211 Maeroh.
2331 3158 2543 3209 Saturn.
2577 3171 2647 3208 ιι.
2682 3161 2739 3208 Τ.

1653 3250 1711 3292 et
1734 3241 1892 3304 Apul.
1914 3239 2088 3290 Miles.
2113 3236 2206 3286 lih-
2230 3249 2288 3285 x.
2315 3249 2367 3298 p.
2385 3237 2499 3285 233.
2535 3227 2738 3300 Osten'·

1653 3318 1734 3370 dit
1766 3330 1889 3368 vero
1924 3315 2190 3366 Ferrarius
2214 3311 2326 3362 falli
2363 3310 2616 3374 Lipsium‚
2643 3307 2737 3375 qui

1641 3387 1752 3446 'sub
1798 3395 2036 3457 Angusto
2092 3388 2434 3455 pantomimos
2482 3386 2734 3437 inductos

1655 3465 2004 3530 existimarit:
2031 3481 2149 3518 eum
2173 3464 2469 3527 histriones,
2485 3471 2540 3511 et
2564 3461 2738 3511 ludio·

1655 3562 1769 3605 nes,
1819 3542 2160 3610 antiquissimi
2213 3540 2411 3591 fuerint
2464 3538 2738 3601 Romanis,

1659 3627 1797 3675 teste
1835 3624 1948 3673 Liv.
1972 3634 2012 3671 1.
2032 3624 2083 3671 7.
2151 3617 2216 3667 Id
2255 3624 2427 3667 tamen
2463 3614 2735 3672 coneedit,

1656 3715 1773 3751 eum
1811 3699 1962 3750 initio
2002 3694 2306 3761 pantomimi
2332 3708 2448 3745 eum
2481 3692 2736 3756 tragoedis

1659 3784 1716 3828 et
1749 3775 1999 3827 eomoedis
2034 3775 2172 3823 inter
2204 3779 2355 3822 aetus
2398 3770 2642 3820 saltarint
2679 3776 2738 3819 et

1659 3852 1956 3918 gesticulati
1990 3851 2117 3914 sint,
2148 3848 2243 3898 sub
2277 3847 2525 3910 Augusto
2580 3861 2736 3911 sepa·

1659 3944 1803 3981 rasse
1825 3944 1880 3979 se
1904 3927 1970 3979 ab
1994 3928 2116 3990 illis,
2137 3933 2193 3976 et
2217 3929 2382 3975 artem
2412 3923 2735 3988 peculiarem

1659 4006 1881 4067 fecisse3
1915 4004 2147 4070 adeoque
2171 4003 2275 4052 diei
2300 4015 2471 4065 posse,
2493 4001 2623 4050 hane
2650 4015 2736 4051 ar-

1651 4081 1766 4134 *tem
1792 4094 1918 4133 tune
1944 4081 2108 4146 primo
2133 4079 2403 4129 iuventam
2422 4091 2556 4126 esse.
2597 4076 2735 4126 Inde

1660 4166 1833 4211 autem
1877 4156 2223 4223 pantomimos
2259 4169 2293 4205 a
2327 4154 2535 4203 theatro
2573 4153 2733 4203 etiam

1662 4238 1726 4290 ad
1762 4250 1964 4287 mensas
1997 4242 2054 4284 et
2079 4231 2319 4283 convivia
2352 4236 2564 4281 vocatos
2600 4244 2737 4293 esse,

1651 4311 1860 4382 ‘praeter
1897 4311 2047 4378 alios,
2085 4316 2313 4362 testatur
2347 4307 2590 4363 Juvenal.
2618 4307 2732 4359 Sat.
