3017 4942
751 384 820 431 Ο.
864 381 1112 433 ΡΙΛΝῙῙ
1161 381 1496 432 ΞΕΟΗΝΠΙ
1551 382 1824 432 PANEG.

299 524 428 576 ·tica
449 523 544 576 snb
566 524 737 591 aquila
747 525 907 579 habet
927 526 1163 591 quadam
1181 527 1376 590 peculi·

297 605 431 656 :aria
473 612 805 667 ornamenta3
848 603 986 654 infra
1025 619 1148 654 vero
1183 603 1377 654 desinit

315 681 372 731 in
395 681 683 746 cuspidem,
704 682 795 731 sed
819 696 920 731 non
945 681 1102 730 habet
1121 682 1377 730 retinacu-

296 759 458 818 v-lnm;
516 758 660 806 vides
703 764 758 807 et
808 758 1023 807 duarum
1069 757 1377 813 cohortium,

295 835 403 884 zvel
426 834 637 884 aliarum
664 828 1169 897 partium‘exercitus
1193 833 1374 897 signa3

313 925 530 975 quorum
568 916 846 973 utrumque
886 909 940 957 in
985 923 1184 958 summa
1226 916 1377 973 parte

311 988 461 1052 quasi
490 985 703 1036 fasciam
736 987 788 1035 in
814 993 1091 1049 utrumque
1127 986 1262 1034 latus
1287 1000 1375 1035 ex·

301 1079 528 1128 pansam
561 1064 750 1125 habet3
795 1063 983 1112 deinde
1029 1062 1156 1111 duas
1183 1061 1376 1124 figuras

297 1140 463 1203 vquasi
479 1140 845 1201 semilunares;
874 1147 982 1188 tum
1004 1138 1148 1188 binos
1173 1139 1374 1189 orbicu-

313 1218 414 1274 los,
453 1217 561 1267 sive
597 1218 882 1282 clypeolos,
911 1217 1069 1280 gerit,
1106 1215 1156 1265 in
1189 1217 1375 1280 quibus

311 1309 440 1345 vero
474 1293 612 1343 forte
638 1302 853 1357 propter
877 1293 1186 1357 parvitatem
1221 1293 1373 1343 nullae

309 1370 562 1433 imagines
595 1370 988 1434 exprimuntur;
1023 1368 1249 1433 denique
1283 1383 1374 1433 ap-

298 1459 525 1511 pensam
564 1446 720 1496 habet
767 1447 1010 1496 tabellam
1047 1446 1373 1508 quadratam,

308 1522 441 1584 sive,
475 1522 519 1571 si
553 1523 626 1571 ita
659 1523 753 1586 vis,
785 1523 1117 1586 panniculum
1153 1523 1373 1587 quadra·

295 1607 422 1651 ,tum
443 1615 460 1660 ;
497 1599 585 1648 ubi
623 1599 829 1663 quidem
854 1598 956 1648 ista
983 1599 1171 1648 tabella
1196 1601 1246 1647 in
1271 1599 1372 1663 sig,-

293 1692 378 1727 ,no
396 1677 582 1728 dextro
605 1677 806 1726 literam
835 1674 906 1724 H.
933 1673 1166 1739 proefert‚
1189 1675 1252 1724 ad
1273 1676 1374 1740 sig-

307 1752 636 1809 nificandum,
652 1753 750 1802 hoc
764 1753 962 1814 signum
978 1751 1134 1802 fuisse
1153 1752 1372 1803 militum

308 1845 374 1879 ex
411 1829 592 1879 ordine
628 1830 976 1888 hastatorum3
1012 1829 1062 1877 in
1096 1828 1246 1892 signo
1284 1844 1371 1879 au·

310 1912 416 1956 tem
451 1899 663 1954 sinisiro
693 1905 897 1953 literam
932 1904 996 1952 P.
1029 1903 1277 1962 ostendit,
1313 1912 1372 1955 nt

307 1988 701 2038 commonstret,
725 1983 820 2032 hoc
845 1983 1045 2044 signum
1058 1980 1216 2032 fuisse
1241 1984 1373 2034 mili-

307 2067 419 2110 tum
453 2074 519 2109 ex
553 2058 734 2108 ordine
770 2058 1080 2122 principum.
1147 2060 1372 2110 Constat

292 2136 472 2197 ,enirm
503 2133 556 2184 in
581 2135 766 2184 militia
790 2135 1022 2184 Romana
1050 2135 1152 2184 tria
1175 2151 1370 2200 genera

305 2211 525 2263 militum
543 2212 943 2278 legionariorum
961 2211 1152 2263 fuisse:
1184 2227 1370 2280 nempe

426 4365 606 4432 Detps.
622 4368 669 4416 et
701 4364 820 4450 Vatg
844 4368 978 4421 Clas.
1016 4348 1023 4354 ¹

1236 4367 1425 4428 Paneg.
1455 4363 1563 4414 Ver.

1907 367 2100 435 1.82.
2195 406 2197 408 v
2339 369 2521 437 1009

1452 526 1703 589 hastatos,
1726 525 2009 591 principes,
2036 525 2259 591 triarios,
2296 528 2405 578 sive
2442 529 2519 594 pi-

1450 603 1633 664 lan0s3
1664 618 1875 667 qnorum
1900 604 1975 652 illi
2000 604 2177 667 hastis,
2201 604 2286 654 isti
2312 606 2518 668 gladiis,

1449 680 1501 728 hi
1520 680 1639 743 pilis
1666 681 1740 730 usi
1762 687 1916 742 sunt3
1946 689 2001 730 et
2018 682 2213 731 hastati
2236 683 2443 746 quidem
2464 684 2518 733 in

1456 757 1626 819 prima
1642 758 1772 814 acie,
1791 756 1983 808 deinde
1996 759 2281 822 principes,
2295 759 2520 825 denique

1454 833 1615 882 triarii
1634 835 1954 899 pugnarunt.
1987 836 2099 885 Liv.
2127 849 2250 886 vin.
2273 839 2325 885 8.
2369 836 2521 887 Idem

1451 908 1570 958 Liv.
1593 923 1823 959 xxxvii.
1846 915 1927 1034 2&
1953 911 1969 938 ‘
1986 910 2223 960 Romana
2245 912 2383 960 acies
2406 912 2518 962 nni·

1451 998 1513 1032 us
1538 999 1700 1048 prope
1725 983 1856 1034 form
1938 984 2057 1042 fuit,
2091 992 2147 1035 et
2179 985 2437 1036 hominum
2462 991 2520 1038 et

1450 1074 1707 1110 armorum
1738 1077 1964 1125 genere:
2003 1061 2118 1112 dnae
2150 1063 2382 1127 legiones
2418 1063 2521 1114 Ro-

1451 1151 1639 1201 manae,
1662 1137 1781 1188 duae
1806 1139 2001 1188 socium
2027 1152 2087 1186 ac
2105 1139 2275 1187 Latini
2295 1139 2517 1192 nominis

1450 1220 1633 1263 erant:
1670 1214 1829 1279 quina
1864 1215 2027 1265 millia
2055 1223 2111 1264 et
2134 1215 2518 1280 quadringenos

1451 1291 1669 1355 singulae
1704 1291 1985 1341 habebant.
2050 1290 2267 1340 Romani
2295 1291 2517 1340 mediam

1451 1368 1639 1428 aciem,
1697 1382 1893 1418 cornua
1960 1366 2135 1416 Latini
2196 1373 2518 1428 tennerunt3

1448 1444 1772 1494 hastatorum
1798 1445 1963 1508 prima
1987 1445 2152 1506 signa,
2167 1441 2362 1491 deinde.
2378 1442 2521 1505 prin-

1449 1521 1622 1584 cipum
1660 1529 1830 1582 erant,
1858 1521 2020 1571 triarii
2059 1527 2348 1583 postremos
2373 1518 2517 1578 plan-

1448 1595 1680 1646 debant.’
1746 1600 1836 1647 De
1876 1596 1965 1661 fig.
1987 1601 2037 1646 2.
2068 1598 2175 1660 jam
2212 1609 2370 1657 supra
2412 1598 2516 1661 egi,

1447 1688 1617 1739 neque
1651 1688 1864 1724 necesse
1896 1680 1996 1738 est,
2029 1682 2084 1723 ut
2108 1687 2171 1722 ea
2204 1686 2341 1722 nunc
2365 1686 2518 1738 repe·

1448 1756 1574 1799 tam.
1600 1751 1845 1801 Salamara.

1511 1825 1742 1876 Hostium
1780 1823 2160 1890 prospectorem]
2214 1824 2229 1854 ‘
2255 1824 2517 1888 Prospec-

1446 1899 1600 1958 tare,’
1616 1903 1827 1966 proprie
1850 1901 2131 1966 significat,
2159 1901 2355 1963 procul,
2380 1900 2461 1949 vel
2485 1913 2517 1949 e

1446 1975 1750 2041 longinquo,
1766 1984 2037 2039 spectare.
2100 1974 2242 2026 Vide·
2256 1989 2435 2038 supra,
2450 1973 2519 2022 ad

1446 2063 1615 2101 Lxm.
1638 2055 1689 2102 4.
1726 2051 1874 2101 Inter
1897 2051 1990 2101 has
2014 2056 2187 2111 autem
2212 2050 2339 2100 duas
2361 2063 2519 2111 voces

1447 2130 1657 2179 tertiam
1726 2129 2086 2193 interponunt,
2144 2126 2521 2191 exhibentque,

1443 2207 1651 2256 hostium
1691 2209 1932 2257 exercitus
1967 2210 2311 2270 prospectaret,
2350 2203 2521 2254 codex

1443 2284 1729 2334 Vaticanus
1769 2288 1917 2334 3461.
1942 2291 1997 2333 et
2019 2285 2156 2333 alter
2174 2283 2312 2332 liber
2342 2281 2524 2333 Gudii.

1443 2360 1619 2426 Prope
1642 2360 1831 2418 abfuit,
1858 2362 1980 2426 quin
2017 2360 2339 2410 admisissem
2368 2373 2519 2409 voca·

1444 2437 1623 2488 bulum
1658 2439 1917 2489 exercitus.
1985 2438 2101 2489 Etsi
2138 2437 2276 2487 enim
2314 2451 2417 2499 non
2447 2437 2522 2501 ig·

1443 2529 1589 2573 noro,
1614 2515 1736 2564 nihil
1764 2515 2027 2564 insolitum
2052 2528 2167 2564 esse
2190 2514 2241 2562 in
2264 2513 2521 2564 concinna

1443 2599 1502 2641 et
1524 2591 1733 2641 concisa
1758 2591 1918 2641 Plinii
1949 2589 2201 2648 oratione,
2226 2595 2283 2637 ut
2309 2604 2403 2653 per
2432 2589 2515 2638 ἔλ-

1441 2671 1601 2732 λειψιν
1636 2664 1937 2732 repetendae
1975 2666 2080 2715 sint
2105 2665 2353 2729 proximae
2376 2680 2521 2729 quaev

1444 2745 1562 2794 dam
1592 2759 1780 2794 voces:
1818 2758 1934 2793 cum
1960 2750 2131 2793 tamen
2154 2743 2252 2792 hoc
2291 2742 2342 2792 in
2380 2744 2517 2807 loco,

1445 2821 1587 2869 inter
1612 2819 1873 2884 proximas
1897 2833 2074 2881 voces,
2109 2817 2345 2882 quaedam
2385 2818 2518 2867 invi·

1446 2911 1561 2946 cem
1598 2902 2000 2955 connectantur,
2025 2908 2140 2959 qnae
2173 2898 2316 2942 recte
2347 2893 2519 2956 repeti

1446 2987 1551 3021 non
1576 2965 1776 3036 possint
1797 2987 1814 3033 ς
1850 2985 1897 3019 v.
1914 2984 1964 3032 g.
1985 2971 2309 3019 Romanorum
2326 2971 2519 3034 aquila,

1447 3049 1652 3114 (hostes
1676 3049 1812 3099 enim
1839 3049 1935 3112 illi,
1972 3048 2036 3096 de
2069 3048 2257 3112 quibus
2290 3048 2519 3112 loquitur

1450 3130 1671 3193 Plinius,
1689 3129 1724 3178 i.
1744 3144 1793 3179 e.
1815 3129 2082 3186 Germani,
2112 3129 2268 3178 nullia
2298 3129 2518 3184 uteban-

1451 3214 1540 3256 tur
1582 3204 1795 3271 aqnilis)
1837 3206 2013 3262 satius,
2053 3211 2109 3254 et
2152 3204 2216 3253 ad
2264 3206 2519 3270 majorem

1452 3284 1879 3349 perspicuitatem
1896 3281 2353 3342 accommodatius,
2374 3282 2520 3334 vide·

1346 3413 1354 3420 ,
1451 3361 1625 3425 batur,
1648 3362 1691 3412 si
1717 3361 1974 3425 peculiari
1992 3361 2197 3411 nomine
2214 3361 2417 3411 hostium
2429 3375 2519 3410 ex-

1449 3440 1631 3490 ercilus
1668 3439 2067 3502 exprimeretur.
2135 3437 2315 3487 Nihilo
2349 3438 2517 3488 minna

1450 3522 1625 3566 tamen
1659 3515 1885 3564 nondum
1923 3513 2268 3563 necessarium
2293 3512 2521 3579 videtur,

1448 3600 1509 3641 ut
1532 3598 1711 3641 contra
1734 3599 1809 3640 tot
1834 3591 2047 3639 aliorum
2074 3590 2317 3639 librorum
2342 3596 2519 3640 aucto·

1449 3667 1662 3716 ritatem
1700 3667 1833 3716 hanc
1868 3681 2068 3723 vocem,
2104 3681 2219 3730 qnae
2253 3668 2517 3730 ex'glossa

1446 3743 1669 3806 alicujus
1683 3741 2081 3805 interpretantis
2098 3748 2222 3791 nata
2242 3743 2407 3792 videri
2425 3759 2518 3808 po·

1448 3827 1571 3881 test,
1614 3833 1885 3869 assumam.
1954 3819 2068 3867 111ae
2114 3818 2250 3874 enim
2301 3828 2515 3871 antece-

1447 3895 1635 3944 dentes
1674 3909 1844 3951 voces,
1882 3895 1899 3922 ‘
1924 3893 2154 3958 aquilae,'
2198 3896 2415 3960 ‘signa,’
2458 3905 2515 3949 et

1445 3973 1462 4002 ⁸
1489 3970 1641 4035 ripa,'
1674 3971 1826 4020 simul
1850 3972 2136 4034 generatim
2163 3986 2258 4033 per
2277 3980 2514 4040 metony-

1445 4050 1601 4099 miam
1627 4063 1723 4113 pro
1743 4050 1758 4076 ‘
1783 4047 2056 4104 exercitu,’
2090 4048 2169 4096 vel
2192 4054 2207 4076 ‘
2232 4049 2483 4101 militibus
2500 4053 2517 4076 '

1437 4135 1501 4195 ’et
1544 4128 1735 4176 accolis
1785 4126 1934 4190 ripae,
1986 4132 2295 4187 sumuntnr3
2352 4135 2515 4194 atque

1444 4203 1578 4253 adeo
1614 4217 1715 4260 nec
1750 4203 1867 4258 alia,
1904 4201 1999 4250 nisi
2018 4202 2273 4264 generalis
2298 4203 2400 4254 ista
2421 4220 2514 4256 no·

1449 4283 1527 4330 tio
1550 4281 1809 4345 exercitus,
1837 4280 1948 4329 sive
1982 4277 2203 4343 militum,
2234 4280 2404 4332 animo
2423 4296 2509 4338 re,-

2274 4366 2304 4411 3
2337 4364 2373 4414 S
