<?xml version="1.0" encoding="UTF-8"?>
<!DOCTYPE html PUBLIC "-//W3C//DTD XHTML 1.0 Transitional//EN"
    "http://www.w3.org/TR/xhtml1/DTD/xhtml1-transitional.dtd">
<html xmlns="http://www.w3.org/1999/xhtml" xml:lang="en" lang="en">
 <head>
  <title>
</title>
<meta http-equiv="Content-Type" content="text/html;charset=utf-8" />
  <meta name='ocr-system' content='tesseract 3.04.00' />
  <meta name='ocr-capabilities' content='ocr_page ocr_carea ocr_par ocr_line ocrx_word'/>
</head>
<body>
  <div class='ocr_page' id='page_1' title='image "./panegyriciveter01unkngoog_0066.png"; bbox 0 0 3017 4942; ppageno 0'>
   <div class='ocr_carea' id='block_1_1' title="bbox 490 369 625 439">
    <p class='ocr_par' dir='ltr' id='par_1_1' title="bbox 490 369 625 439">
     <span class='ocr_line' id='line_1_1' title="bbox 490 369 625 439; baseline -0.015 0"><span class='ocrx_word' id='word_1_1' title='bbox 490 369 625 439; x_wconf 73' lang='lat'>496</span> 
     </span>
    </p>
   </div>
   <div class='ocr_carea' id='block_1_2' title="bbox 491 527 1567 1824">
    <p class='ocr_par' dir='ltr' id='par_1_2' title="bbox 491 527 1566 1596">
     <span class='ocr_line' id='line_1_2' title="bbox 491 527 1557 597; baseline -0.004 -15"><span class='ocrx_word' id='word_1_2' title='bbox 491 532 774 597; x_wconf 80' lang='lat' dir='ltr'>longinquo</span> <span class='ocrx_word' id='word_1_3' title='bbox 797 530 988 582; x_wconf 81' lang='lat' dir='ltr'>vidisse</span> <span class='ocrx_word' id='word_1_4' title='bbox 1022 535 1234 591; x_wconf 80' lang='lat' dir='ltr'>castra3</span> <span class='ocrx_word' id='word_1_5' title='bbox 1267 527 1405 594; x_wconf 84' lang='lat' dir='ltr'>qnod</span> <span class='ocrx_word' id='word_1_6' title='bbox 1443 527 1557 578; x_wconf 83' lang='lat' dir='ltr'>fere</span> 
     </span>
     <span class='ocr_line' id='line_1_3' title="bbox 493 605 1559 673; baseline -0.005 -14"><span class='ocrx_word' id='word_1_7' title='bbox 493 608 791 659; x_wconf 81' lang='lat' dir='ltr'>timidorum</span> <span class='ocrx_word' id='word_1_8' title='bbox 813 615 916 665; x_wconf 85' lang='lat' dir='ltr'>est,</span> <span class='ocrx_word' id='word_1_9' title='bbox 938 608 1025 673; x_wconf 87' lang='lat' dir='ltr'>qni</span> <span class='ocrx_word' id='word_1_10' title='bbox 1048 620 1249 656; x_wconf 82' lang='lat' dir='ltr'>manum</span> <span class='ocrx_word' id='word_1_11' title='bbox 1273 620 1387 656; x_wconf 80' lang='lat' dir='ltr'>curn</span> <span class='ocrx_word' id='word_1_12' title='bbox 1408 605 1559 655; x_wconf 80' lang='lat' dir='ltr'>hoste</span> 
     </span>
     <span class='ocr_line' id='line_1_4' title="bbox 495 681 1558 749; baseline -0.008 -12"><span class='ocrx_word' id='word_1_13' title='bbox 495 698 767 737; x_wconf 75' lang='lat' dir='ltr'>conserere</span> <span class='ocrx_word' id='word_1_14' title='bbox 790 683 888 749; x_wconf 86' lang='lat' dir='ltr'>ipsi</span> <span class='ocrx_word' id='word_1_15' title='bbox 912 698 1015 735; x_wconf 90' lang='lat' dir='ltr'>non</span> <span class='ocrx_word' id='word_1_16' title='bbox 1038 681 1259 732; x_wconf 85' lang='lat' dir='ltr'>audent:</span> <span class='ocrx_word' id='word_1_17' title='bbox 1288 689 1442 746; x_wconf 85' lang='lat' dir='ltr'>prout</span> <span class='ocrx_word' id='word_1_18' title='bbox 1466 682 1558 729; x_wconf 88' lang='lat' dir='ltr'>Vi-</span> 
     </span>
     <span class='ocr_line' id='line_1_5' title="bbox 494 760 1557 828; baseline -0.008 -11"><span class='ocrx_word' id='word_1_19' title='bbox 494 765 667 817; x_wconf 83' lang='lat' dir='ltr'>tellius</span> <span class='ocrx_word' id='word_1_20' title='bbox 691 763 882 814; x_wconf 89' lang='lat' dir='ltr'>dicitnr</span> <span class='ocrx_word' id='word_1_21' title='bbox 904 765 920 794; x_wconf 86' lang='lat'>‘</span> <span class='ocrx_word' id='word_1_22' title='bbox 941 763 1174 828; x_wconf 73' lang='lat' dir='ltr'>praelinm</span> <span class='ocrx_word' id='word_1_23' title='bbox 1193 769 1247 812; x_wconf 86' lang='lat' dir='ltr'>et</span> <span class='ocrx_word' id='word_1_24' title='bbox 1266 760 1557 811; x_wconf 74' lang='lat' dir='ltr'>incendium</span> 
     </span>
     <span class='ocr_line' id='line_1_6' title="bbox 494 836 1559 904; baseline -0.003 -13"><span class='ocrx_word' id='word_1_25' title='bbox 494 857 527 891; x_wconf 87' lang='lat' dir='ltr'>e</span> <span class='ocrx_word' id='word_1_26' title='bbox 546 841 824 891; x_wconf 82' lang='lat' dir='ltr'>Tiberiana</span> <span class='ocrx_word' id='word_1_27' title='bbox 855 840 1183 904; x_wconf 69' lang='lat' dir='ltr'>prospexisse</span> <span class='ocrx_word' id='word_1_28' title='bbox 1207 836 1394 894; x_wconf 82' lang='lat' dir='ltr'>domo.&#39;</span> <span class='ocrx_word' id='word_1_29' title='bbox 1417 836 1559 900; x_wconf 88' lang='lat' dir='ltr'>apud</span> 
     </span>
     <span class='ocr_line' id='line_1_7' title="bbox 496 914 1559 980; baseline -0.005 -12"><span class='ocrx_word' id='word_1_30' title='bbox 496 918 715 968; x_wconf 86' lang='lat' dir='ltr'>Sueton.</span> <span class='ocrx_word' id='word_1_31' title='bbox 756 917 936 967; x_wconf 85' lang='lat' dir='ltr'>Vitell.</span> <span class='ocrx_word' id='word_1_32' title='bbox 959 930 1079 980; x_wconf 91' lang='lat' dir='ltr'>cap.</span> <span class='ocrx_word' id='word_1_33' title='bbox 1097 919 1180 966; x_wconf 83' lang='grc'><strong>15.</strong></span> <span class='ocrx_word' id='word_1_34' title='bbox 1226 915 1314 964; x_wconf 88' lang='lat' dir='ltr'>Sic</span> <span class='ocrx_word' id='word_1_35' title='bbox 1352 914 1559 963; x_wconf 87' lang='lat' dir='ltr'>Plinius</span> 
     </span>
     <span class='ocr_line' id='line_1_8' title="bbox 497 991 1561 1057; baseline -0.008 -13"><span class='ocrx_word' id='word_1_36' title='bbox 497 995 657 1044; x_wconf 84' lang='lat' dir='ltr'>etiam</span> <span class='ocrx_word' id='word_1_37' title='bbox 681 994 854 1057; x_wconf 84' lang='lat' dir='ltr'>Epist.</span> <span class='ocrx_word' id='word_1_38' title='bbox 882 1007 936 1043; x_wconf 83' lang='lat' dir='ltr'>v.</span> <span class='ocrx_word' id='word_1_39' title='bbox 977 996 1056 1043; x_wconf 77' lang='lat'>13.</span> <span class='ocrx_word' id='word_1_40' title='bbox 1088 991 1341 1054; x_wconf 72' lang='lat' dir='ltr'>loquitur-t</span> <span class='ocrx_word' id='word_1_41' title='bbox 1375 991 1393 1018; x_wconf 85' lang='lat'>‘</span> <span class='ocrx_word' id='word_1_42' title='bbox 1412 991 1561 1054; x_wconf 76' lang='lat' dir='ltr'>Mag·</span> 
     </span>
     <span class='ocr_line' id='line_1_9' title="bbox 496 1069 1561 1134; baseline -0.006 -11"><span class='ocrx_word' id='word_1_43' title='bbox 496 1085 616 1123; x_wconf 83' lang='lat' dir='ltr'>nam</span> <span class='ocrx_word' id='word_1_44' title='bbox 636 1072 816 1134; x_wconf 86' lang='lat' dir='ltr'>capies</span> <span class='ocrx_word' id='word_1_45' title='bbox 839 1071 1181 1134; x_wconf 75' lang='lat' dir='ltr'>voluptatem,</span> <span class='ocrx_word' id='word_1_46' title='bbox 1203 1069 1245 1118; x_wconf 92' lang='lat' dir='ltr'>si</span> <span class='ocrx_word' id='word_1_47' title='bbox 1263 1069 1401 1118; x_wconf 80' lang='lat' dir='ltr'>bunc</span> <span class='ocrx_word' id='word_1_48' title='bbox 1424 1069 1561 1131; x_wconf 79' lang='lat' dir='ltr'>regi-</span> 
     </span>
     <span class='ocr_line' id='line_1_10' title="bbox 495 1143 1563 1209; baseline -0.004 -11"><span class='ocrx_word' id='word_1_49' title='bbox 495 1149 609 1198; x_wconf 88' lang='lat' dir='ltr'>onis</span> <span class='ocrx_word' id='word_1_50' title='bbox 633 1147 784 1196; x_wconf 85' lang='lat' dir='ltr'>situm</span> <span class='ocrx_word' id='word_1_51' title='bbox 810 1160 871 1195; x_wconf 83' lang='lat' dir='ltr'>ex</span> <span class='ocrx_word' id='word_1_52' title='bbox 897 1151 1070 1195; x_wconf 89' lang='lat' dir='ltr'>monte</span> <span class='ocrx_word' id='word_1_53' title='bbox 1093 1143 1457 1209; x_wconf 63' lang='lat' dir='ltr'>prospexeris!</span> <span class='ocrx_word' id='word_1_54' title='bbox 1490 1145 1563 1194; x_wconf 83' lang='lat' dir='ltr'>Et</span> 
     </span>
     <span class='ocr_line' id='line_1_11' title="bbox 495 1220 1566 1285; baseline -0.001 -11"><span class='ocrx_word' id='word_1_55' title='bbox 495 1223 705 1275; x_wconf 78' lang='lat' dir='ltr'>Terent.</span> <span class='ocrx_word' id='word_1_56' title='bbox 742 1222 962 1284; x_wconf 82' lang='lat' dir='ltr'>Adelph.</span> <span class='ocrx_word' id='word_1_57' title='bbox 1000 1235 1089 1272; x_wconf 85' lang='lat' dir='ltr'>m.</span> <span class='ocrx_word' id='word_1_58' title='bbox 1127 1225 1178 1273; x_wconf 73' lang='lat'>8.</span> <span class='ocrx_word' id='word_1_59' title='bbox 1215 1225 1295 1270; x_wconf 75' lang='lat'>82.</span> <span class='ocrx_word' id='word_1_60' title='bbox 1328 1220 1566 1285; x_wconf 77' lang='lat' dir='ltr'>quamvis</span> 
     </span>
     <span class='ocr_line' id='line_1_12' title="bbox 495 1298 1564 1364; baseline -0.005 -15"><span class='ocrx_word' id='word_1_61' title='bbox 495 1301 835 1364; x_wconf 70' lang='grc' dir='ltr'>μεταφομκὸς·</span> <span class='ocrx_word' id='word_1_62' title='bbox 868 1298 1047 1350; x_wconf 84' lang='lat' dir='ltr'>‘Istuc</span> <span class='ocrx_word' id='word_1_63' title='bbox 1081 1305 1164 1348; x_wconf 91' lang='lat' dir='ltr'>est</span> <span class='ocrx_word' id='word_1_64' title='bbox 1198 1311 1403 1360; x_wconf 85' lang='lat' dir='ltr'>sapere,</span> <span class='ocrx_word' id='word_1_65' title='bbox 1441 1311 1564 1358; x_wconf 88' lang='lat' dir='ltr'>nou,</span> 
     </span>
     <span class='ocr_line' id='line_1_13' title="bbox 498 1371 1562 1440; baseline -0.005 -15"><span class='ocrx_word' id='word_1_66' title='bbox 498 1376 638 1440; x_wconf 85' lang='lat' dir='ltr'>quod</span> <span class='ocrx_word' id='word_1_67' title='bbox 664 1384 787 1427; x_wconf 89' lang='lat' dir='ltr'>ante</span> <span class='ocrx_word' id='word_1_68' title='bbox 825 1373 988 1436; x_wconf 87' lang='lat' dir='ltr'>pedes</span> <span class='ocrx_word' id='word_1_69' title='bbox 1022 1372 1177 1423; x_wconf 89' lang='lat' dir='ltr'>modo</span> <span class='ocrx_word' id='word_1_70' title='bbox 1210 1381 1313 1431; x_wconf 87' lang='lat' dir='ltr'>est,</span> <span class='ocrx_word' id='word_1_71' title='bbox 1350 1371 1562 1434; x_wconf 79' lang='lat' dir='ltr'>videre3</span> 
     </span>
     <span class='ocr_line' id='line_1_14' title="bbox 500 1449 1566 1517; baseline -0.004 -14"><span class='ocrx_word' id='word_1_72' title='bbox 500 1453 593 1504; x_wconf 88' lang='lat' dir='ltr'>sed</span> <span class='ocrx_word' id='word_1_73' title='bbox 616 1453 778 1504; x_wconf 86' lang='lat' dir='ltr'>etiam</span> <span class='ocrx_word' id='word_1_74' title='bbox 803 1452 912 1509; x_wconf 87' lang='lat' dir='ltr'>illa,</span> <span class='ocrx_word' id='word_1_75' title='bbox 943 1466 1058 1517; x_wconf 75' lang='lat' dir='ltr'>quoe</span> <span class='ocrx_word' id='word_1_76' title='bbox 1083 1449 1261 1501; x_wconf 82' lang='lat' dir='ltr'>futura</span> <span class='ocrx_word' id='word_1_77' title='bbox 1283 1455 1424 1511; x_wconf 86' lang='lat' dir='ltr'>sunt,</span> <span class='ocrx_word' id='word_1_78' title='bbox 1445 1463 1566 1513; x_wconf 89' lang='lat' dir='ltr'>pro·</span> 
     </span>
     <span class='ocr_line' id='line_1_15' title="bbox 497 1528 916 1596; baseline 0 -16"><span class='ocrx_word' id='word_1_79' title='bbox 497 1528 738 1596; x_wconf 82' lang='lat' dir='ltr'>spicere.’</span> <span class='ocrx_word' id='word_1_80' title='bbox 764 1529 916 1580; x_wconf 74' lang='lat' dir='ltr'>Idem.</span> 
     </span>
    </p>

    <p class='ocr_par' dir='ltr' id='par_1_3' title="bbox 497 1602 1567 1824">
     <span class='ocr_line' id='line_1_16' title="bbox 564 1602 1564 1668; baseline -0.003 -13"><span class='ocrx_word' id='word_1_81' title='bbox 564 1605 734 1668; x_wconf 72' lang='lat' dir='ltr'>Egisti</span> <span class='ocrx_word' id='word_1_82' title='bbox 770 1602 1038 1666; x_wconf 72' lang='lat' dir='ltr'>tribunam]</span> <span class='ocrx_word' id='word_1_83' title='bbox 1093 1602 1403 1664; x_wconf 86' lang='lat' dir='ltr'>Beroaldus,</span> <span class='ocrx_word' id='word_1_84' title='bbox 1444 1616 1564 1653; x_wconf 90' lang='lat' dir='ltr'>cum</span> 
     </span>
     <span class='ocr_line' id='line_1_17' title="bbox 497 1680 1566 1745; baseline -0.003 -13"><span class='ocrx_word' id='word_1_85' title='bbox 497 1680 635 1734; x_wconf 78' lang='lat' dir='ltr'>forte</span> <span class='ocrx_word' id='word_1_86' title='bbox 657 1696 759 1731; x_wconf 90' lang='lat' dir='ltr'>nou</span> <span class='ocrx_word' id='word_1_87' title='bbox 797 1683 920 1731; x_wconf 85' lang='lat' dir='ltr'>satis</span> <span class='ocrx_word' id='word_1_88' title='bbox 960 1681 1304 1743; x_wconf 68' lang='lat' dir='ltr'>intelligeret,</span> <span class='ocrx_word' id='word_1_89' title='bbox 1337 1680 1458 1745; x_wconf 88' lang='lat' dir='ltr'>quid</span> <span class='ocrx_word' id='word_1_90' title='bbox 1484 1695 1566 1729; x_wconf 90' lang='lat' dir='ltr'>es·</span> 
     </span>
     <span class='ocr_line' id='line_1_18' title="bbox 498 1756 1567 1824; baseline -0.002 -15"><span class='ocrx_word' id='word_1_91' title='bbox 498 1767 582 1809; x_wconf 84' lang='lat' dir='ltr'>set</span> <span class='ocrx_word' id='word_1_92' title='bbox 618 1760 634 1789; x_wconf 87' lang='lat'>‘</span> <span class='ocrx_word' id='word_1_93' title='bbox 659 1772 819 1824; x_wconf 83' lang='lat' dir='ltr'>agere</span> <span class='ocrx_word' id='word_1_94' title='bbox 857 1758 1163 1813; x_wconf 89' lang='lat' dir='ltr'>tribunum,’</span> <span class='ocrx_word' id='word_1_95' title='bbox 1210 1756 1376 1806; x_wconf 78' lang='lat' dir='ltr'>edidit</span> <span class='ocrx_word' id='word_1_96' title='bbox 1417 1756 1567 1819; x_wconf 74' lang='lat' dir='ltr'>egisti</span> 
     </span>
    </p>
   </div>
   <div class='ocr_carea' id='block_1_3' title="bbox 498 1833 1578 1897">
    <p class='ocr_par' dir='ltr' id='par_1_4' title="bbox 498 1833 1578 1897">
     <span class='ocr_line' id='line_1_19' title="bbox 498 1833 1578 1897; baseline -0.002 -11"><span class='ocrx_word' id='word_1_97' title='bbox 498 1836 792 1886; x_wconf 70' lang='lat' dir='ltr'>tribunatum</span> <span class='ocrx_word' id='word_1_98' title='bbox 806 1851 828 1894; x_wconf 75' lang='grc' dir='ltr'><strong><em>ς</em></strong></span> <span class='ocrx_word' id='word_1_99' title='bbox 861 1834 952 1885; x_wconf 89' lang='lat' dir='ltr'>sed</span> <span class='ocrx_word' id='word_1_100' title='bbox 977 1835 1253 1897; x_wconf 71' lang='lat' dir='ltr'>inutiliter,</span> <span class='ocrx_word' id='word_1_101' title='bbox 1276 1842 1330 1884; x_wconf 85' lang='lat' dir='ltr'>et</span> <span class='ocrx_word' id='word_1_102' title='bbox 1352 1833 1465 1882; x_wconf 87' lang='lat' dir='ltr'>sine</span> <span class='ocrx_word' id='word_1_103' title='bbox 1488 1835 1578 1885; x_wconf 89' lang='lat' dir='ltr'>ul-.</span> 
     </span>
    </p>
   </div>
   <div class='ocr_carea' id='block_1_4' title="bbox 497 1909 1571 4130">
    <p class='ocr_par' dir='ltr' id='par_1_5' title="bbox 497 1909 1571 4130">
     <span class='ocr_line' id='line_1_20' title="bbox 497 1909 1565 1975; baseline -0.005 -13"><span class='ocrx_word' id='word_1_104' title='bbox 497 1913 600 1962; x_wconf 86' lang='lat' dir='ltr'>lius</span> <span class='ocrx_word' id='word_1_105' title='bbox 620 1912 740 1962; x_wconf 83' lang='lat' dir='ltr'>libri</span> <span class='ocrx_word' id='word_1_106' title='bbox 754 1909 1024 1975; x_wconf 76' lang='lat' dir='ltr'>suffragio.</span> <span class='ocrx_word' id='word_1_107' title='bbox 1047 1909 1245 1975; x_wconf 82' lang='lat' dir='ltr'>‘Agere</span> <span class='ocrx_word' id='word_1_108' title='bbox 1264 1909 1565 1973; x_wconf 85' lang='lat' dir='ltr'>tribunum‚’</span> 
     </span>
     <span class='ocr_line' id='line_1_21' title="bbox 499 1983 1565 2055; baseline -0.003 -17"><span class='ocrx_word' id='word_1_109' title='bbox 499 1997 582 2055; x_wconf 78' lang='lat' dir='ltr'>est</span> <span class='ocrx_word' id='word_1_110' title='bbox 606 2003 662 2038; x_wconf 89' lang='lat' dir='ltr'>se</span> <span class='ocrx_word' id='word_1_111' title='bbox 687 2001 893 2052; x_wconf 81' lang='lat' dir='ltr'>gerere,</span> <span class='ocrx_word' id='word_1_112' title='bbox 914 1993 1070 2050; x_wconf 84' lang='lat' dir='ltr'>prout</span> <span class='ocrx_word' id='word_1_113' title='bbox 1089 1986 1352 2035; x_wconf 86' lang='lat' dir='ltr'>tribunum</span> <span class='ocrx_word' id='word_1_114' title='bbox 1376 1983 1565 2049; x_wconf 80' lang='lat' dir='ltr'>decet;</span> 
     </span>
     <span class='ocr_line' id='line_1_22' title="bbox 500 2065 1564 2132; baseline -0.001 -17"><span class='ocrx_word' id='word_1_115' title='bbox 500 2072 754 2132; x_wconf 81' lang='lat' dir='ltr'>praestare</span> <span class='ocrx_word' id='word_1_116' title='bbox 776 2082 860 2129; x_wconf 85' lang='lat' dir='ltr'>ea,</span> <span class='ocrx_word' id='word_1_117' title='bbox 877 2080 994 2130; x_wconf 64' lang='lat' dir='ltr'>quas</span> <span class='ocrx_word' id='word_1_118' title='bbox 1018 2073 1140 2115; x_wconf 91' lang='lat' dir='ltr'>sunt</span> <span class='ocrx_word' id='word_1_119' title='bbox 1155 2065 1383 2128; x_wconf 88' lang='lat' dir='ltr'>tribuni;</span> <span class='ocrx_word' id='word_1_120' title='bbox 1406 2080 1564 2128; x_wconf 83' lang='lat' dir='ltr'>agere</span> 
     </span>
     <span class='ocr_line' id='line_1_23' title="bbox 499 2143 1566 2209; baseline -0.002 -15"><span class='ocrx_word' id='word_1_121' title='bbox 499 2150 678 2209; x_wconf 83' lang='lat' dir='ltr'>partes</span> <span class='ocrx_word' id='word_1_122' title='bbox 701 2144 914 2194; x_wconf 84' lang='lat' dir='ltr'>tribuni.</span> <span class='ocrx_word' id='word_1_123' title='bbox 970 2144 1068 2193; x_wconf 86' lang='lat' dir='ltr'>Est</span> <span class='ocrx_word' id='word_1_124' title='bbox 1088 2143 1398 2207; x_wconf 76' lang='lat' dir='ltr'>metaphora</span> <span class='ocrx_word' id='word_1_125' title='bbox 1419 2157 1447 2191; x_wconf 89' lang='lat' dir='ltr'>a</span> <span class='ocrx_word' id='word_1_126' title='bbox 1465 2143 1566 2193; x_wconf 90' lang='lat' dir='ltr'>Co-</span> 
     </span>
     <span class='ocr_line' id='line_1_24' title="bbox 500 2218 1565 2283; baseline -0.001 -14"><span class='ocrx_word' id='word_1_127' title='bbox 500 2221 647 2270; x_wconf 84' lang='lat' dir='ltr'>rnicis</span> <span class='ocrx_word' id='word_1_128' title='bbox 666 2222 846 2283; x_wconf 81' lang='lat' dir='ltr'>petita.</span> <span class='ocrx_word' id='word_1_129' title='bbox 883 2218 1081 2269; x_wconf 83' lang='lat' dir='ltr'>Eodem</span> <span class='ocrx_word' id='word_1_130' title='bbox 1109 2218 1258 2268; x_wconf 88' lang='lat' dir='ltr'>modo</span> <span class='ocrx_word' id='word_1_131' title='bbox 1284 2218 1397 2267; x_wconf 84' lang='lat' dir='ltr'>Cic.</span> <span class='ocrx_word' id='word_1_132' title='bbox 1419 2218 1565 2268; x_wconf 85' lang='lat' dir='ltr'>Fam.</span> 
     </span>
     <span class='ocr_line' id='line_1_25' title="bbox 497 2293 1566 2360; baseline -0.001 -14"><span class='ocrx_word' id='word_1_133' title='bbox 497 2310 624 2347; x_wconf 76' lang='lat' dir='ltr'>vm.</span> <span class='ocrx_word' id='word_1_134' title='bbox 665 2301 715 2346; x_wconf 81' lang='lat'>2.</span> <span class='ocrx_word' id='word_1_135' title='bbox 757 2296 906 2360; x_wconf 85' lang='lat' dir='ltr'>dicit,</span> <span class='ocrx_word' id='word_1_136' title='bbox 938 2302 957 2327; x_wconf 71' lang='lat'><strong><em>⁴</em></strong></span> <span class='ocrx_word' id='word_1_137' title='bbox 975 2307 1131 2359; x_wconf 70' lang='lat' dir='ltr'>agere</span> <span class='ocrx_word' id='word_1_138' title='bbox 1172 2293 1430 2345; x_wconf 86' lang='lat' dir='ltr'>nobilem.’</span> <span class='ocrx_word' id='word_1_139' title='bbox 1495 2296 1566 2345; x_wconf 89' lang='lat' dir='ltr'>Et</span> 
     </span>
     <span class='ocr_line' id='line_1_26' title="bbox 500 2370 1569 2438; baseline -0.002 -14"><span class='ocrx_word' id='word_1_140' title='bbox 500 2374 671 2438; x_wconf 81' lang='lat' dir='ltr'>Epist.</span> <span class='ocrx_word' id='word_1_141' title='bbox 708 2378 788 2424; x_wconf 84' lang='lat'>16.</span> <span class='ocrx_word' id='word_1_142' title='bbox 822 2374 1013 2436; x_wconf 77' lang='lat' dir='ltr'>‘agere</span> <span class='ocrx_word' id='word_1_143' title='bbox 1046 2373 1214 2422; x_wconf 80' lang='lat' dir='ltr'>civem</span> <span class='ocrx_word' id='word_1_144' title='bbox 1253 2370 1569 2422; x_wconf 86' lang='lat' dir='ltr'>mirificum.’</span> 
     </span>
     <span class='ocr_line' id='line_1_27' title="bbox 499 2450 1566 2516; baseline -0.003 -15"><span class='ocrx_word' id='word_1_145' title='bbox 499 2452 624 2513; x_wconf 86' lang='lat' dir='ltr'>Ipse</span> <span class='ocrx_word' id='word_1_146' title='bbox 647 2450 785 2500; x_wconf 83' lang='lat' dir='ltr'>Plin.</span> <span class='ocrx_word' id='word_1_147' title='bbox 809 2450 1010 2516; x_wconf 79' lang='lat' dir='ltr'>Paneg.</span> <span class='ocrx_word' id='word_1_148' title='bbox 1034 2464 1148 2500; x_wconf 73' lang='lat' dir='ltr'>Lvr.</span> <span class='ocrx_word' id='word_1_149' title='bbox 1180 2453 1230 2500; x_wconf 75' lang='lat'>3.</span> <span class='ocrx_word' id='word_1_150' title='bbox 1265 2452 1282 2482; x_wconf 78' lang='lat'>⁸</span> <span class='ocrx_word' id='word_1_151' title='bbox 1299 2464 1454 2515; x_wconf 83' lang='lat' dir='ltr'>agere</span> <span class='ocrx_word' id='word_1_152' title='bbox 1476 2450 1566 2499; x_wconf 81' lang='lat' dir='ltr'>bo·</span> 
     </span>
     <span class='ocr_line' id='line_1_28' title="bbox 500 2529 1566 2599; baseline -0.002 -18"><span class='ocrx_word' id='word_1_153' title='bbox 500 2546 624 2582; x_wconf 88' lang='lat' dir='ltr'>num</span> <span class='ocrx_word' id='word_1_154' title='bbox 648 2529 948 2599; x_wconf 63' lang='lat' dir='ltr'>consulem-f</span> <span class='ocrx_word' id='word_1_155' title='bbox 1018 2531 1187 2594; x_wconf 83' lang='lat' dir='ltr'>Epist.</span> <span class='ocrx_word' id='word_1_156' title='bbox 1211 2543 1298 2580; x_wconf 85' lang='lat' dir='ltr'>m.</span> <span class='ocrx_word' id='word_1_157' title='bbox 1320 2534 1401 2580; x_wconf 77' lang='lat'>16.</span> <span class='ocrx_word' id='word_1_158' title='bbox 1417 2530 1434 2558; x_wconf 91' lang='lat'>‘</span> <span class='ocrx_word' id='word_1_159' title='bbox 1456 2544 1566 2579; x_wconf 88' lang='lat' dir='ltr'>ma·</span> 
     </span>
     <span class='ocr_line' id='line_1_29' title="bbox 504 2605 1566 2672; baseline -0.002 -14"><span class='ocrx_word' id='word_1_160' title='bbox 504 2616 635 2659; x_wconf 88' lang='lat' dir='ltr'>trem</span> <span class='ocrx_word' id='word_1_161' title='bbox 658 2608 851 2672; x_wconf 55' lang='lat' dir='ltr'>agere?</span> <span class='ocrx_word' id='word_1_162' title='bbox 915 2622 1044 2659; x_wconf 85' lang='lat' dir='ltr'>vm.</span> <span class='ocrx_word' id='word_1_163' title='bbox 1070 2612 1150 2658; x_wconf 84' lang='grc'><strong>16.</strong></span> <span class='ocrx_word' id='word_1_164' title='bbox 1183 2608 1200 2636; x_wconf 87' lang='lat'>‘</span> <span class='ocrx_word' id='word_1_165' title='bbox 1216 2605 1347 2656; x_wconf 86' lang='lat' dir='ltr'>Inde</span> <span class='ocrx_word' id='word_1_166' title='bbox 1365 2605 1566 2656; x_wconf 85' lang='lat' dir='ltr'>adoles·</span> 
     </span>
     <span class='ocr_line' id='line_1_30' title="bbox 501 2682 1568 2746; baseline -0.003 -11"><span class='ocrx_word' id='word_1_167' title='bbox 501 2686 696 2735; x_wconf 81' lang='lat' dir='ltr'>centuli</span> <span class='ocrx_word' id='word_1_168' title='bbox 720 2686 896 2736; x_wconf 86' lang='lat' dir='ltr'>statim</span> <span class='ocrx_word' id='word_1_169' title='bbox 915 2683 1269 2734; x_wconf 71' lang='lat' dir='ltr'>castrensibus</span> <span class='ocrx_word' id='word_1_170' title='bbox 1293 2682 1568 2746; x_wconf 86' lang='lat' dir='ltr'>stipendiis</span> 
     </span>
     <span class='ocr_line' id='line_1_31' title="bbox 501 2759 1564 2826; baseline -0.005 -13"><span class='ocrx_word' id='word_1_171' title='bbox 501 2762 891 2826; x_wconf 80' lang='lat' dir='ltr'>imbuebantur,</span> <span class='ocrx_word' id='word_1_172' title='bbox 923 2769 980 2812; x_wconf 89' lang='lat' dir='ltr'>ut</span> <span class='ocrx_word' id='word_1_173' title='bbox 1015 2763 1276 2825; x_wconf 84' lang='lat' dir='ltr'>imperare</span> <span class='ocrx_word' id='word_1_174' title='bbox 1300 2759 1564 2824; x_wconf 81' lang='lat' dir='ltr'>parend03</span> 
     </span>
     <span class='ocr_line' id='line_1_32' title="bbox 501 2837 1565 2905; baseline -0.003 -16"><span class='ocrx_word' id='word_1_175' title='bbox 501 2840 663 2891; x_wconf 89' lang='lat' dir='ltr'>duces</span> <span class='ocrx_word' id='word_1_176' title='bbox 689 2855 861 2905; x_wconf 79' lang='lat' dir='ltr'>agere,</span> <span class='ocrx_word' id='word_1_177' title='bbox 879 2839 1001 2889; x_wconf 86' lang='lat' dir='ltr'>dum</span> <span class='ocrx_word' id='word_1_178' title='bbox 1026 2845 1331 2904; x_wconf 85' lang='lat' dir='ltr'>sequuntur,</span> <span class='ocrx_word' id='word_1_179' title='bbox 1354 2837 1565 2887; x_wconf 85' lang='lat' dir='ltr'>adsues-</span> 
     </span>
     <span class='ocr_line' id='line_1_33' title="bbox 501 2909 1355 2967; baseline -0.004 -1"><span class='ocrx_word' id='word_1_180' title='bbox 501 2915 722 2967; x_wconf 60' lang='lat' dir='ltr'>cerent?</span> <span class='ocrx_word' id='word_1_181' title='bbox 758 2917 913 2966; x_wconf 74' lang='lat' dir='ltr'>Idem.</span> <span class='ocrx_word' id='word_1_182' title='bbox 1341 2909 1355 2921; x_wconf 82' lang='grc'><em>”</em></span> 
     </span>
     <span class='ocr_line' id='line_1_34' title="bbox 570 2988 1564 3056; baseline -0.002 -15"><span class='ocrx_word' id='word_1_183' title='bbox 570 2993 799 3056; x_wconf 74' lang='lat' dir='ltr'>Nihilque</span> <span class='ocrx_word' id='word_1_184' title='bbox 841 2992 1116 3041; x_wconf 71' lang='lat' dir='ltr'>discendnm</span> <span class='ocrx_word' id='word_1_185' title='bbox 1160 2988 1381 3052; x_wconf 72' lang='lat' dir='ltr'>haberes]</span> <span class='ocrx_word' id='word_1_186' title='bbox 1429 2988 1465 3039; x_wconf 89' lang='lat' dir='ltr'>i.</span> <span class='ocrx_word' id='word_1_187' title='bbox 1514 3001 1564 3039; x_wconf 86' lang='lat' dir='ltr'>e.</span> 
     </span>
     <span class='ocr_line' id='line_1_35' title="bbox 500 3065 1564 3133; baseline -0.005 -14"><span class='ocrx_word' id='word_1_188' title='bbox 500 3068 629 3119; x_wconf 86' lang='lat' dir='ltr'>nibil</span> <span class='ocrx_word' id='word_1_189' title='bbox 651 3069 891 3129; x_wconf 80' lang='lat' dir='ltr'>haberes,</span> <span class='ocrx_word' id='word_1_190' title='bbox 914 3067 1047 3133; x_wconf 85' lang='lat' dir='ltr'>quod</span> <span class='ocrx_word' id='word_1_191' title='bbox 1066 3066 1291 3115; x_wconf 82' lang='lat' dir='ltr'>deberes</span> <span class='ocrx_word' id='word_1_192' title='bbox 1325 3065 1564 3126; x_wconf 87' lang='lat' dir='ltr'>discere;</span> 
     </span>
     <span class='ocr_line' id='line_1_36' title="bbox 499 3141 1566 3212; baseline -0.004 -18"><span class='ocrx_word' id='word_1_193' title='bbox 499 3145 631 3212; x_wconf 82' lang='lat' dir='ltr'>sive,</span> <span class='ocrx_word' id='word_1_194' title='bbox 669 3144 797 3193; x_wconf 83' lang='lat' dir='ltr'>nihil</span> <span class='ocrx_word' id='word_1_195' title='bbox 837 3157 1053 3193; x_wconf 86' lang='lat' dir='ltr'>necesse</span> <span class='ocrx_word' id='word_1_196' title='bbox 1090 3141 1308 3192; x_wconf 79' lang='lat' dir='ltr'>haberes</span> <span class='ocrx_word' id='word_1_197' title='bbox 1344 3142 1566 3192; x_wconf 84' lang='lat' dir='ltr'>discere.</span> 
     </span>
     <span class='ocr_line' id='line_1_37' title="bbox 501 3219 1567 3287; baseline -0.003 -15"><span class='ocrx_word' id='word_1_198' title='bbox 501 3222 674 3272; x_wconf 81' lang='lat' dir='ltr'>Plinio</span> <span class='ocrx_word' id='word_1_199' title='bbox 718 3235 971 3287; x_wconf 75' lang='lat' dir='ltr'>perquam</span> <span class='ocrx_word' id='word_1_200' title='bbox 1015 3219 1292 3270; x_wconf 79' lang='lat' dir='ltr'>familiaris</span> <span class='ocrx_word' id='word_1_201' title='bbox 1326 3226 1416 3270; x_wconf 84' lang='lat' dir='ltr'>est</span> <span class='ocrx_word' id='word_1_202' title='bbox 1449 3219 1567 3269; x_wconf 65' lang='lat' dir='ltr'>h‘aec</span> 
     </span>
     <span class='ocr_line' id='line_1_38' title="bbox 501 3294 1568 3363; baseline -0.004 -15"><span class='ocrx_word' id='word_1_203' title='bbox 501 3298 744 3363; x_wconf 87' lang='lat' dir='ltr'>loquendi</span> <span class='ocrx_word' id='word_1_204' title='bbox 768 3295 1006 3347; x_wconf 84' lang='lat' dir='ltr'>formula.</span> <span class='ocrx_word' id='word_1_205' title='bbox 1073 3297 1163 3346; x_wconf 88' lang='lat' dir='ltr'>Sic</span> <span class='ocrx_word' id='word_1_206' title='bbox 1185 3295 1319 3345; x_wconf 84' lang='lat' dir='ltr'>idem</span> <span class='ocrx_word' id='word_1_207' title='bbox 1343 3294 1499 3357; x_wconf 82' lang='lat' dir='ltr'>infra,</span> <span class='ocrx_word' id='word_1_208' title='bbox 1515 3296 1568 3344; x_wconf 89' lang='lat' dir='ltr'>in</span> 
     </span>
     <span class='ocr_line' id='line_1_39' title="bbox 500 3373 1571 3439; baseline -0.003 -15"><span class='ocrx_word' id='word_1_209' title='bbox 500 3374 605 3425; x_wconf 80' lang='lat' dir='ltr'>fine</span> <span class='ocrx_word' id='word_1_210' title='bbox 629 3375 775 3439; x_wconf 79' lang='lat' dir='ltr'>hujus</span> <span class='ocrx_word' id='word_1_211' title='bbox 790 3387 905 3437; x_wconf 83' lang='lat' dir='ltr'>cap.</span> <span class='ocrx_word' id='word_1_212' title='bbox 927 3380 941 3402; x_wconf 89' lang='lat'>‘</span> <span class='ocrx_word' id='word_1_213' title='bbox 960 3375 1081 3424; x_wconf 86' lang='lat' dir='ltr'>Nee</span> <span class='ocrx_word' id='word_1_214' title='bbox 1102 3373 1300 3423; x_wconf 74' lang='lat' dir='ltr'>liabent</span> <span class='ocrx_word' id='word_1_215' title='bbox 1322 3386 1571 3422; x_wconf 85' lang='lat' dir='ltr'>annume-</span> 
     </span>
     <span class='ocr_line' id='line_1_40' title="bbox 501 3450 1569 3516; baseline 0.001 -16"><span class='ocrx_word' id='word_1_216' title='bbox 501 3451 662 3501; x_wconf 85' lang='lat' dir='ltr'>randa</span> <span class='ocrx_word' id='word_1_217' title='bbox 700 3450 797 3503; x_wconf 89' lang='lat' dir='ltr'>tibi</span> <span class='ocrx_word' id='word_1_218' title='bbox 833 3450 1083 3501; x_wconf 61' lang='lat' dir='ltr'>vulnera!</span> <span class='ocrx_word' id='word_1_219' title='bbox 1148 3453 1218 3502; x_wconf 90' lang='lat' dir='ltr'>Et</span> <span class='ocrx_word' id='word_1_220' title='bbox 1251 3452 1420 3516; x_wconf 85' lang='lat' dir='ltr'>Epist.</span> <span class='ocrx_word' id='word_1_221' title='bbox 1454 3466 1496 3502; x_wconf 80' lang='grc' dir='ltr'><strong>ι.</strong></span> <span class='ocrx_word' id='word_1_222' title='bbox 1517 3455 1569 3501; x_wconf 84' lang='grc'><strong>8.</strong></span> 
     </span>
     <span class='ocr_line' id='line_1_41' title="bbox 502 3529 1570 3582; baseline -0.001 -2"><span class='ocrx_word' id='word_1_223' title='bbox 502 3536 518 3560; x_wconf 79' lang='grc'><em>·</em></span> <span class='ocrx_word' id='word_1_224' title='bbox 536 3529 841 3581; x_wconf 84' lang='lat' dir='ltr'>enitendum</span> <span class='ocrx_word' id='word_1_225' title='bbox 863 3529 1210 3580; x_wconf 85' lang='lat' dir='ltr'>haberemus.&#39;</span> <span class='ocrx_word' id='word_1_226' title='bbox 1234 3543 1358 3581; x_wconf 80' lang='lat' dir='ltr'>vm.</span> <span class='ocrx_word' id='word_1_227' title='bbox 1377 3535 1457 3582; x_wconf 78' lang='grc'><strong>14.</strong></span> <span class='ocrx_word' id='word_1_228' title='bbox 1475 3532 1490 3559; x_wconf 88' lang='lat'>‘</span> <span class='ocrx_word' id='word_1_229' title='bbox 1509 3537 1570 3579; x_wconf 94' lang='lat' dir='ltr'>ut</span> 
     </span>
     <span class='ocr_line' id='line_1_42' title="bbox 500 3604 1568 3673; baseline 0 -17"><span class='ocrx_word' id='word_1_230' title='bbox 500 3640 517 3656; x_wconf 86' lang='lat'><strong>.</strong></span> <span class='ocrx_word' id='word_1_231' title='bbox 540 3639 555 3657; x_wconf 88' lang='lat'><strong>.</strong></span> <span class='ocrx_word' id='word_1_232' title='bbox 576 3608 954 3669; x_wconf 80' lang='lat' dir='ltr'>.‹lisoeremus,</span> <span class='ocrx_word' id='word_1_233' title='bbox 974 3622 1093 3673; x_wconf 78' lang='lat' dir='ltr'>quae</span> <span class='ocrx_word' id='word_1_234' title='bbox 1133 3604 1412 3669; x_wconf 76' lang='lat' dir='ltr'>facienda3</span> <span class='ocrx_word' id='word_1_235' title='bbox 1443 3621 1568 3657; x_wconf 86' lang='lat' dir='ltr'>mox</span> 
     </span>
     <span class='ocr_line' id='line_1_43' title="bbox 501 3682 1570 3749; baseline 0.003 -18"><span class='ocrx_word' id='word_1_236' title='bbox 501 3684 621 3749; x_wconf 76' lang='lat' dir='ltr'>ipsi,</span> <span class='ocrx_word' id='word_1_237' title='bbox 646 3694 708 3732; x_wconf 87' lang='lat' dir='ltr'>ac</span> <span class='ocrx_word' id='word_1_238' title='bbox 735 3697 832 3748; x_wconf 89' lang='lat' dir='ltr'>per</span> <span class='ocrx_word' id='word_1_239' title='bbox 858 3684 999 3734; x_wconf 82' lang='lat' dir='ltr'>vices</span> <span class='ocrx_word' id='word_1_240' title='bbox 1018 3683 1289 3749; x_wconf 82' lang='lat' dir='ltr'>quasdam,</span> <span class='ocrx_word' id='word_1_241' title='bbox 1313 3682 1570 3734; x_wconf 88' lang='lat' dir='ltr'>tradenda</span> 
     </span>
     <span class='ocr_line' id='line_1_44' title="bbox 503 3758 1567 3811; baseline -0.001 -1"><span class='ocrx_word' id='word_1_242' title='bbox 503 3759 790 3811; x_wconf 84' lang='lat' dir='ltr'>minoribns</span> <span class='ocrx_word' id='word_1_243' title='bbox 834 3758 1183 3810; x_wconf 57' lang='lat' dir='ltr'>haberemus)</span> <span class='ocrx_word' id='word_1_244' title='bbox 1252 3759 1451 3809; x_wconf 84' lang='lat' dir='ltr'>Eadem</span> <span class='ocrx_word' id='word_1_245' title='bbox 1495 3760 1567 3809; x_wconf 85' lang='lat' dir='ltr'>lo·</span> 
     </span>
     <span class='ocr_line' id='line_1_45' title="bbox 503 3834 1571 3900; baseline 0 -15"><span class='ocrx_word' id='word_1_246' title='bbox 503 3834 699 3900; x_wconf 88' lang='lat' dir='ltr'>quendi</span> <span class='ocrx_word' id='word_1_247' title='bbox 716 3837 921 3887; x_wconf 83' lang='lat' dir='ltr'>ratione</span> <span class='ocrx_word' id='word_1_248' title='bbox 933 3842 1156 3885; x_wconf 88' lang='lat' dir='ltr'>utuntur</span> <span class='ocrx_word' id='word_1_249' title='bbox 1170 3837 1329 3884; x_wconf 83' lang='lat' dir='ltr'>etiarn</span> <span class='ocrx_word' id='word_1_250' title='bbox 1345 3837 1571 3896; x_wconf 82' lang='lat' dir='ltr'>Seneca,</span> 
     </span>
     <span class='ocr_line' id='line_1_46' title="bbox 502 3911 1570 3974; baseline -0.001 -11"><span class='ocrx_word' id='word_1_251' title='bbox 502 3911 904 3974; x_wconf 79' lang='lat' dir='ltr'>Quinctiliauus,</span> <span class='ocrx_word' id='word_1_252' title='bbox 924 3911 1223 3972; x_wconf 84' lang='lat' dir='ltr'>Suetonius,</span> <span class='ocrx_word' id='word_1_253' title='bbox 1244 3912 1476 3972; x_wconf 83' lang='lat' dir='ltr'>Tacitus,</span> <span class='ocrx_word' id='word_1_254' title='bbox 1512 3917 1570 3963; x_wconf 88' lang='lat' dir='ltr'>et</span> 
     </span>
     <span class='ocr_line' id='line_1_47' title="bbox 501 3987 1571 4040; baseline 0.003 -4"><span class='ocrx_word' id='word_1_255' title='bbox 501 3987 607 4037; x_wconf 82' lang='lat' dir='ltr'>alii.</span> <span class='ocrx_word' id='word_1_256' title='bbox 671 3987 807 4037; x_wconf 85' lang='lat' dir='ltr'>Vide</span> <span class='ocrx_word' id='word_1_257' title='bbox 844 3989 1172 4040; x_wconf 86' lang='lat' dir='ltr'>Veebnernm</span> <span class='ocrx_word' id='word_1_258' title='bbox 1204 3988 1258 4039; x_wconf 88' lang='lat' dir='ltr'>in</span> <span class='ocrx_word' id='word_1_259' title='bbox 1305 3987 1571 4039; x_wconf 85' lang='lat' dir='ltr'>Hellenol.</span> 
     </span>
     <span class='ocr_line' id='line_1_48' title="bbox 504 4068 1569 4130; baseline 0.001 -14"><span class='ocrx_word' id='word_1_260' title='bbox 504 4081 622 4130; x_wconf 75' lang='lat' dir='ltr'>pag.</span> <span class='ocrx_word' id='word_1_261' title='bbox 642 4071 760 4117; x_wconf 77' lang='lat'><strong>259.</strong></span> <span class='ocrx_word' id='word_1_262' title='bbox 790 4073 849 4117; x_wconf 89' lang='lat' dir='ltr'>et</span> <span class='ocrx_word' id='word_1_263' title='bbox 871 4068 1144 4119; x_wconf 85' lang='lat' dir='ltr'>Vorstium</span> <span class='ocrx_word' id='word_1_264' title='bbox 1178 4068 1246 4118; x_wconf 87' lang='lat' dir='ltr'>de</span> <span class='ocrx_word' id='word_1_265' title='bbox 1278 4069 1569 4119; x_wconf 69' lang='lat' dir='ltr'>Latinitate</span> 
     </span>
    </p>
   </div>
   <div class='ocr_carea' id='block_1_5' title="bbox 420 4142 1602 4286">
    <p class='ocr_par' dir='ltr' id='par_1_6' title="bbox 420 4142 1602 4286">
     <span class='ocr_line' id='line_1_49' title="bbox 420 4142 1540 4215; baseline 0.003 -21"><span class='ocrx_word' id='word_1_266' title='bbox 420 4177 426 4184; x_wconf 86' lang='lat'>-</span> <span class='ocrx_word' id='word_1_267' title='bbox 502 4142 658 4194; x_wconf 82' lang='lat' dir='ltr'>Falso</span> <span class='ocrx_word' id='word_1_268' title='bbox 680 4144 961 4210; x_wconf 84' lang='lat' dir='ltr'>Suspecta,</span> <span class='ocrx_word' id='word_1_269' title='bbox 976 4150 1164 4209; x_wconf 80' lang='lat' dir='ltr'>cap.&#39;&#39;l.</span> <span class='ocrx_word' id='word_1_270' title='bbox 1189 4159 1242 4209; x_wconf 87' lang='lat' dir='ltr'>p.</span> <span class='ocrx_word' id='word_1_271' title='bbox 1263 4149 1346 4197; x_wconf 76' lang='lat'>⁷1.</span> <span class='ocrx_word' id='word_1_272' title='bbox 1378 4147 1540 4215; x_wconf 30' lang='lat' dir='ltr'>Idm.-</span> 
     </span>
     <span class='ocr_line' id='line_1_50' title="bbox 568 4221 1602 4286; baseline 0.003 -14"><span class='ocrx_word' id='word_1_273' title='bbox 568 4221 672 4272; x_wconf 69' lang='grc' dir='ltr'>Ρη·</span> <span class='ocrx_word' id='word_1_274' title='bbox 690 4221 931 4286; x_wconf 76' lang='lat' dir='ltr'>stipendio</span> <span class='ocrx_word' id='word_1_275' title='bbox 942 4221 1123 4284; x_wconf 81' lang='lat' dir='ltr'>decem]</span> <span class='ocrx_word' id='word_1_276' title='bbox 1140 4222 1338 4271; x_wconf 85' lang='lat' dir='ltr'>Decem</span> <span class='ocrx_word' id='word_1_277' title='bbox 1358 4222 1568 4275; x_wconf 83' lang='lat' dir='ltr'>scilicet</span> <span class='ocrx_word' id='word_1_278' title='bbox 1599 4226 1602 4229; x_wconf 74' lang='grc'><strong>’</strong></span> 
     </span>
    </p>
   </div>
   <div class='ocr_carea' id='block_1_6' title="bbox 501 4293 1566 4349">
    <p class='ocr_par' dir='ltr' id='par_1_7' title="bbox 501 4293 1566 4349">
     <span class='ocr_line' id='line_1_51' title="bbox 501 4293 1566 4349; baseline -0.001 0"><span class='ocrx_word' id='word_1_279' title='bbox 501 4310 711 4349; x_wconf 71' lang='grc' dir='ltr'>ιιιιιοε.Γ</span> <span class='ocrx_word' id='word_1_280' title='bbox 747 4296 1060 4349; x_wconf 66' lang='lat' dir='ltr'>militarium</span> <span class='ocrx_word' id='word_1_281' title='bbox 1093 4293 1383 4349; x_wconf 82' lang='lat' dir='ltr'>officiorum</span> <span class='ocrx_word' id='word_1_282' title='bbox 1404 4312 1566 4349; x_wconf 87' lang='lat' dir='ltr'>annu·</span> 
     </span>
    </p>
   </div>
   <div class='ocr_carea' id='block_1_7' title="bbox 1189 378 2002 433">
    <p class='ocr_par' dir='ltr' id='par_1_8' title="bbox 1189 378 2002 433">
     <span class='ocr_line' id='line_1_52' title="bbox 1189 378 2002 433; baseline -0.004 0"><span class='ocrx_word' id='word_1_283' title='bbox 1189 381 1410 433; x_wconf 53' lang='lat' dir='ltr'>1⁴01·AE</span> <span class='ocrx_word' id='word_1_284' title='bbox 1459 379 1867 431; x_wconf 56' lang='lat' dir='ltr'>vammum</span> <span class='ocrx_word' id='word_1_285' title='bbox 1917 378 2002 431; x_wconf 73' lang='grc' dir='ltr'>ΙΝ</span> 
     </span>
    </p>
   </div>
   <div class='ocr_carea' id='block_1_8' title="bbox 1634 524 2752 3981">
    <p class='ocr_par' dir='ltr' id='par_1_9' title="bbox 1634 524 2703 823">
     <span class='ocr_line' id='line_1_53' title="bbox 1634 524 2700 592; baseline -0.003 -14"><span class='ocrx_word' id='word_1_286' title='bbox 1634 530 1717 578; x_wconf 83' lang='lat' dir='ltr'>ele</span> <span class='ocrx_word' id='word_1_287' title='bbox 1740 529 2049 580; x_wconf 82' lang='lat' dir='ltr'>curriculum</span> <span class='ocrx_word' id='word_1_288' title='bbox 2090 525 2248 592; x_wconf 80' lang='lat' dir='ltr'>prisci</span> <span class='ocrx_word' id='word_1_289' title='bbox 2284 525 2465 576; x_wconf 82' lang='lat' dir='ltr'>dixere</span> <span class='ocrx_word' id='word_1_290' title='bbox 2497 524 2700 590; x_wconf 78' lang='lat' dir='ltr'>stipen-</span> 
     </span>
     <span class='ocr_line' id='line_1_54' title="bbox 1635 603 2703 668; baseline -0.007 -13"><span class='ocrx_word' id='word_1_291' title='bbox 1635 604 1741 656; x_wconf 83' lang='lat' dir='ltr'>dia.</span> <span class='ocrx_word' id='word_1_292' title='bbox 1807 607 1929 657; x_wconf 84' lang='lat' dir='ltr'>Vox</span> <span class='ocrx_word' id='word_1_293' title='bbox 1954 605 2144 668; x_wconf 82' lang='lat' dir='ltr'>passim</span> <span class='ocrx_word' id='word_1_294' title='bbox 2177 605 2402 655; x_wconf 84' lang='lat' dir='ltr'>occurrit</span> <span class='ocrx_word' id='word_1_295' title='bbox 2426 605 2562 667; x_wconf 83' lang='lat' dir='ltr'>apud</span> <span class='ocrx_word' id='word_1_296' title='bbox 2593 603 2703 652; x_wconf 77' lang='lat' dir='ltr'>bis·</span> 
     </span>
     <span class='ocr_line' id='line_1_55' title="bbox 1636 679 2699 746; baseline -0.004 -14"><span class='ocrx_word' id='word_1_297' title='bbox 1636 684 1826 734; x_wconf 85' lang='lat' dir='ltr'>toricos</span> <span class='ocrx_word' id='word_1_298' title='bbox 1843 683 2105 746; x_wconf 73' lang='lat' dir='ltr'>praecipue</span> <span class='ocrx_word' id='word_1_299' title='bbox 2123 698 2137 731; x_wconf 72' lang='grc' dir='ltr'><em>ε</em></span> <span class='ocrx_word' id='word_1_300' title='bbox 2155 696 2248 731; x_wconf 91' lang='lat' dir='ltr'>nos</span> <span class='ocrx_word' id='word_1_301' title='bbox 2268 695 2452 731; x_wconf 82' lang='lat' dir='ltr'>vocare</span> <span class='ocrx_word' id='word_1_302' title='bbox 2474 679 2699 730; x_wconf 87' lang='lat' dir='ltr'>solemus</span> 
     </span>
     <span class='ocr_line' id='line_1_56' title="bbox 1639 761 2197 823; baseline 0 -12"><span class='ocrx_word' id='word_1_303' title='bbox 1639 763 1929 823; x_wconf 69' lang='lat' dir='ltr'>Gompogne.</span> <span class='ocrx_word' id='word_1_304' title='bbox 1965 761 2197 811; x_wconf 81' lang='lat' dir='ltr'>Patarol.</span> 
     </span>
    </p>

    <p class='ocr_par' dir='ltr' id='par_1_10' title="bbox 1638 832 2706 1197">
     <span class='ocr_line' id='line_1_57' title="bbox 1703 832 2699 901; baseline -0.009 -12"><span class='ocrx_word' id='word_1_305' title='bbox 1703 840 1805 889; x_wconf 85' lang='lat' dir='ltr'>Per</span> <span class='ocrx_word' id='word_1_306' title='bbox 1826 838 2063 901; x_wconf 75' lang='lat' dir='ltr'>stipendio</span> <span class='ocrx_word' id='word_1_307' title='bbox 2092 835 2271 899; x_wconf 76' lang='lat' dir='ltr'>decem]</span> <span class='ocrx_word' id='word_1_308' title='bbox 2306 833 2521 899; x_wconf 78' lang='lat' dir='ltr'>Equites</span> <span class='ocrx_word' id='word_1_309' title='bbox 2557 832 2699 882; x_wconf 85' lang='lat' dir='ltr'>enim</span> 
     </span>
     <span class='ocr_line' id='line_1_58' title="bbox 1638 909 2702 980; baseline -0.008 -15"><span class='ocrx_word' id='word_1_310' title='bbox 1638 916 1773 966; x_wconf 80' lang='lat' dir='ltr'>dena</span> <span class='ocrx_word' id='word_1_311' title='bbox 1808 915 2090 980; x_wconf 82' lang='lat' dir='ltr'>stipendia,</span> <span class='ocrx_word' id='word_1_312' title='bbox 2129 912 2334 977; x_wconf 82' lang='lat' dir='ltr'>pedites</span> <span class='ocrx_word' id='word_1_313' title='bbox 2374 911 2574 970; x_wconf 82' lang='lat' dir='ltr'>vicena,</span> <span class='ocrx_word' id='word_1_314' title='bbox 2604 909 2702 957; x_wconf 80' lang='lat' dir='ltr'>im·</span> 
     </span>
     <span class='ocr_line' id='line_1_59' title="bbox 1639 986 2701 1058; baseline -0.007 -15"><span class='ocrx_word' id='word_1_315' title='bbox 1639 995 1783 1058; x_wconf 85' lang='lat' dir='ltr'>plere</span> <span class='ocrx_word' id='word_1_316' title='bbox 1805 991 2089 1057; x_wconf 77' lang='lat' dir='ltr'>oportebat</span> <span class='ocrx_word' id='word_1_317' title='bbox 2105 992 2243 1041; x_wconf 85' lang='lat' dir='ltr'>intra</span> <span class='ocrx_word' id='word_1_318' title='bbox 2263 1003 2451 1038; x_wconf 81' lang='lat' dir='ltr'>annum</span> <span class='ocrx_word' id='word_1_319' title='bbox 2475 986 2701 1052; x_wconf 70' lang='lat' dir='ltr'>quadra-</span> 
     </span>
     <span class='ocr_line' id='line_1_60' title="bbox 1641 1062 2706 1133; baseline -0.005 -14"><span class='ocrx_word' id='word_1_320' title='bbox 1641 1070 1896 1133; x_wconf 81' lang='lat' dir='ltr'>gesimum</span> <span class='ocrx_word' id='word_1_321' title='bbox 1938 1076 2165 1118; x_wconf 81' lang='lat' dir='ltr'>sextum.</span> <span class='ocrx_word' id='word_1_322' title='bbox 2248 1064 2455 1116; x_wconf 82' lang='lat' dir='ltr'>Auctor</span> <span class='ocrx_word' id='word_1_323' title='bbox 2513 1062 2706 1125; x_wconf 78' lang='lat' dir='ltr'>Polyb.</span> 
     </span>
     <span class='ocr_line' id='line_1_61' title="bbox 1640 1144 2035 1197; baseline -0.01 0"><span class='ocrx_word' id='word_1_324' title='bbox 1640 1147 1731 1197; x_wconf 86' lang='lat' dir='ltr'>lib.</span> <span class='ocrx_word' id='word_1_325' title='bbox 1756 1160 1835 1195; x_wconf 80' lang='lat' dir='ltr'>vr.</span> <span class='ocrx_word' id='word_1_326' title='bbox 1868 1144 2035 1195; x_wconf 74' lang='lat' dir='ltr'>Livin.</span> 
     </span>
    </p>

    <p class='ocr_par' dir='ltr' id='par_1_11' title="bbox 1639 1216 2710 2129">
     <span class='ocr_line' id='line_1_62' title="bbox 1709 1216 2704 1287; baseline -0.01 -13"><span class='ocrx_word' id='word_1_327' title='bbox 1709 1224 1810 1274; x_wconf 81' lang='lat' dir='ltr'>Per</span> <span class='ocrx_word' id='word_1_328' title='bbox 1821 1223 2061 1287; x_wconf 74' lang='lat' dir='ltr'>stipendia</span> <span class='ocrx_word' id='word_1_329' title='bbox 2074 1221 2255 1285; x_wconf 81' lang='lat' dir='ltr'>decem]</span> <span class='ocrx_word' id='word_1_330' title='bbox 2266 1218 2450 1268; x_wconf 82' lang='lat' dir='ltr'>Totius</span> <span class='ocrx_word' id='word_1_331' title='bbox 2467 1216 2665 1266; x_wconf 75' lang='lat' dir='ltr'>militiae</span> <span class='ocrx_word' id='word_1_332' title='bbox 2681 1216 2704 1266; x_wconf 73' lang='grc' dir='ltr'><strong><em>ἓ</em></strong></span> 
     </span>
     <span class='ocr_line' id='line_1_63' title="bbox 1639 1292 2705 1364; baseline -0.008 -15"><span class='ocrx_word' id='word_1_333' title='bbox 1639 1315 1743 1353; x_wconf 91' lang='lat' dir='ltr'>non</span> <span class='ocrx_word' id='word_1_334' title='bbox 1780 1310 1924 1364; x_wconf 86' lang='lat' dir='ltr'>puto,</span> <span class='ocrx_word' id='word_1_335' title='bbox 1967 1298 2060 1349; x_wconf 89' lang='lat' dir='ltr'>sed</span> <span class='ocrx_word' id='word_1_336' title='bbox 2106 1297 2420 1348; x_wconf 80' lang='lat' dir='ltr'>tribunatus.</span> <span class='ocrx_word' id='word_1_337' title='bbox 2485 1294 2621 1344; x_wconf 88' lang='lat' dir='ltr'>Nam</span> <span class='ocrx_word' id='word_1_338' title='bbox 2658 1292 2705 1342; x_wconf 86' lang='lat' dir='ltr'>si</span> 
     </span>
     <span class='ocr_line' id='line_1_64' title="bbox 1639 1370 2705 1443; baseline -0.01 -14"><span class='ocrx_word' id='word_1_339' title='bbox 1639 1381 1795 1443; x_wconf 85' lang='lat' dir='ltr'>‘puer</span> <span class='ocrx_word' id='word_1_340' title='bbox 1818 1370 2374 1431; x_wconf 80' lang='lat' dir='ltr'>admodum.&#39;.itaPlin.</span> <span class='ocrx_word' id='word_1_341' title='bbox 2394 1387 2516 1423; x_wconf 75' lang='lat' dir='ltr'>xlv.</span> <span class='ocrx_word' id='word_1_342' title='bbox 2545 1376 2589 1421; x_wconf 84' lang='lat'>1.</span> <span class='ocrx_word' id='word_1_343' title='bbox 2609 1370 2705 1420; x_wconf 86' lang='lat' dir='ltr'>mi·</span> 
     </span>
     <span class='ocr_line' id='line_1_65' title="bbox 1642 1445 2708 1511; baseline -0.009 -4"><span class='ocrx_word' id='word_1_344' title='bbox 1642 1457 1770 1506; x_wconf 62' lang='lat' dir='ltr'>litiae</span> <span class='ocrx_word' id='word_1_345' title='bbox 1791 1455 2059 1506; x_wconf 64' lang='lat' dir='ltr'>Parthico</span> <span class='ocrx_word' id='word_1_346' title='bbox 2076 1450 2333 1511; x_wconf 83' lang='lat' dir='ltr'>interfuit,</span> <span class='ocrx_word' id='word_1_347' title='bbox 2353 1451 2396 1498; x_wconf 83' lang='lat' dir='ltr'>si</span> <span class='ocrx_word' id='word_1_348' title='bbox 2415 1450 2431 1479; x_wconf 86' lang='lat'>‘</span> <span class='ocrx_word' id='word_1_349' title='bbox 2452 1463 2483 1498; x_wconf 97' lang='lat' dir='ltr'>a</span> <span class='ocrx_word' id='word_1_350' title='bbox 2506 1445 2708 1497; x_wconf 73' lang='lat' dir='ltr'>teneris</span> 
     </span>
     <span class='ocr_line' id='line_1_66' title="bbox 1643 1524 2706 1589; baseline -0.011 -4"><span class='ocrx_word' id='word_1_351' title='bbox 1643 1528 1790 1585; x_wconf 78' lang='lat' dir='ltr'>annis</span> <span class='ocrx_word' id='word_1_352' title='bbox 1827 1533 2068 1582; x_wconf 88' lang='lat' dir='ltr'>tribunus</span> <span class='ocrx_word' id='word_1_353' title='bbox 2100 1526 2374 1589; x_wconf 77' lang='lat' dir='ltr'>militum3’</span> <span class='ocrx_word' id='word_1_354' title='bbox 2404 1527 2447 1576; x_wconf 90' lang='lat' dir='ltr'>si</span> <span class='ocrx_word' id='word_1_355' title='bbox 2476 1524 2706 1588; x_wconf 86' lang='lat' dir='ltr'>denique</span> 
     </span>
     <span class='ocr_line' id='line_1_67' title="bbox 1644 1605 2706 1672; baseline -0.014 -9"><span class='ocrx_word' id='word_1_356' title='bbox 1644 1628 1689 1662; x_wconf 78' lang='lat' dir='ltr'>a·</span> <span class='ocrx_word' id='word_1_357' title='bbox 1714 1624 1853 1662; x_wconf 77' lang='lat' dir='ltr'>xmt.</span> <span class='ocrx_word' id='word_1_358' title='bbox 1889 1611 1951 1659; x_wconf 85' lang='lat' dir='ltr'>ad</span> <span class='ocrx_word' id='word_1_359' title='bbox 1990 1608 2262 1672; x_wconf 87' lang='lat' dir='ltr'>imperium</span> <span class='ocrx_word' id='word_1_360' title='bbox 2287 1605 2455 1665; x_wconf 74' lang='lat' dir='ltr'>venit3</span> <span class='ocrx_word' id='word_1_361' title='bbox 2490 1610 2706 1669; x_wconf 70' lang='lat' dir='ltr'>quomo·-</span> 
     </span>
     <span class='ocr_line' id='line_1_68' title="bbox 1643 1683 2708 1751; baseline -0.009 -14"><span class='ocrx_word' id='word_1_362' title='bbox 1643 1687 1711 1737; x_wconf 88' lang='lat' dir='ltr'>do</span> <span class='ocrx_word' id='word_1_363' title='bbox 1751 1686 2034 1751; x_wconf 85' lang='lat' dir='ltr'>probabile.</span> <span class='ocrx_word' id='word_1_364' title='bbox 2079 1683 2259 1734; x_wconf 74' lang='lat' dir='ltr'>decem</span> <span class='ocrx_word' id='word_1_365' title='bbox 2301 1687 2504 1731; x_wconf 85' lang='lat' dir='ltr'>tantum</span> <span class='ocrx_word' id='word_1_366' title='bbox 2543 1692 2708 1728; x_wconf 88' lang='lat' dir='ltr'>annos</span> 
     </span>
     <span class='ocr_line' id='line_1_69' title="bbox 1642 1756 2707 1826; baseline -0.011 -11"><span class='ocrx_word' id='word_1_367' title='bbox 1642 1765 1927 1815; x_wconf 82' lang='lat' dir='ltr'>militasse?</span> <span class='ocrx_word' id='word_1_368' title='bbox 1993 1763 2065 1813; x_wconf 86' lang='lat' dir='ltr'>At</span> <span class='ocrx_word' id='word_1_369' title='bbox 2090 1761 2341 1826; x_wconf 81' lang='lat' dir='ltr'>Polybius</span> <span class='ocrx_word' id='word_1_370' title='bbox 2366 1760 2440 1808; x_wconf 84' lang='lat' dir='ltr'>ita</span> <span class='ocrx_word' id='word_1_371' title='bbox 2458 1757 2526 1806; x_wconf 89' lang='lat' dir='ltr'>de</span> <span class='ocrx_word' id='word_1_372' title='bbox 2544 1756 2707 1820; x_wconf 72' lang='lat' dir='ltr'>Equi·</span> 
     </span>
     <span class='ocr_line' id='line_1_70' title="bbox 1643 1834 2708 1901; baseline -0.01 -8"><span class='ocrx_word' id='word_1_373' title='bbox 1643 1843 1800 1894; x_wconf 87' lang='lat' dir='ltr'>tibus.</span> <span class='ocrx_word' id='word_1_374' title='bbox 1868 1838 2205 1892; x_wconf 72' lang='lat' dir='ltr'>Scimuszsed</span> <span class='ocrx_word' id='word_1_375' title='bbox 2230 1839 2328 1887; x_wconf 83' lang='lat' dir='ltr'>boc</span> <span class='ocrx_word' id='word_1_376' title='bbox 2348 1848 2553 1901; x_wconf 85' lang='lat' dir='ltr'>quoqne</span> <span class='ocrx_word' id='word_1_377' title='bbox 2576 1834 2708 1883; x_wconf 80' lang='lat' dir='ltr'>licu-</span> 
     </span>
     <span class='ocr_line' id='line_1_71' title="bbox 1644 1914 2708 1983; baseline -0.01 -12"><span class='ocrx_word' id='word_1_378' title='bbox 1644 1921 1748 1972; x_wconf 88' lang='lat' dir='ltr'>isse</span> <span class='ocrx_word' id='word_1_379' title='bbox 1780 1926 1836 1971; x_wconf 92' lang='lat' dir='ltr'>et</span> <span class='ocrx_word' id='word_1_380' title='bbox 1860 1928 2131 1983; x_wconf 88' lang='lat' dir='ltr'>receptum</span> <span class='ocrx_word' id='word_1_381' title='bbox 2153 1915 2336 1971; x_wconf 81' lang='lat' dir='ltr'>fuisse,</span> <span class='ocrx_word' id='word_1_382' title='bbox 2363 1921 2422 1964; x_wconf 90' lang='lat' dir='ltr'>ut</span> <span class='ocrx_word' id='word_1_383' title='bbox 2444 1914 2615 1973; x_wconf 78' lang='lat' dir='ltr'>ultra3</span> <span class='ocrx_word' id='word_1_384' title='bbox 2648 1916 2708 1960; x_wconf 88' lang='lat' dir='ltr'>et</span> 
     </span>
     <span class='ocr_line' id='line_1_72' title="bbox 1643 1990 2710 2062; baseline -0.008 -14"><span class='ocrx_word' id='word_1_385' title='bbox 1643 1998 1872 2062; x_wconf 85' lang='lat' dir='ltr'>denique</span> <span class='ocrx_word' id='word_1_386' title='bbox 1898 1997 1996 2045; x_wconf 85' lang='lat' dir='ltr'>hoe</span> <span class='ocrx_word' id='word_1_387' title='bbox 2031 2008 2161 2055; x_wconf 68' lang='lat' dir='ltr'>awo,</span> <span class='ocrx_word' id='word_1_388' title='bbox 2203 1993 2294 2043; x_wconf 79' lang='lat' dir='ltr'>illa</span> <span class='ocrx_word' id='word_1_389' title='bbox 2327 1990 2614 2055; x_wconf 75' lang='lat' dir='ltr'>Polybiane</span> <span class='ocrx_word' id='word_1_390' title='bbox 2649 1990 2710 2039; x_wconf 82' lang='lat' dir='ltr'>in</span> 
     </span>
     <span class='ocr_line' id='line_1_73' title="bbox 1643 2067 2710 2129; baseline -0.011 -4"><span class='ocrx_word' id='word_1_391' title='bbox 1643 2074 1953 2125; x_wconf 80' lang='lat' dir='ltr'>oblivionem</span> <span class='ocrx_word' id='word_1_392' title='bbox 1972 2077 2026 2121; x_wconf 90' lang='lat' dir='ltr'>et</span> <span class='ocrx_word' id='word_1_393' title='bbox 2049 2071 2206 2120; x_wconf 88' lang='lat' dir='ltr'>situm</span> <span class='ocrx_word' id='word_1_394' title='bbox 2229 2068 2443 2118; x_wconf 84' lang='lat' dir='ltr'>abiisse.</span> <span class='ocrx_word' id='word_1_395' title='bbox 2477 2067 2617 2129; x_wconf 82' lang='lat' dir='ltr'>Lips.</span> <span class='ocrx_word' id='word_1_396' title='bbox 2707 2078 2710 2083; x_wconf 91' lang='lat'>·</span> 
     </span>
    </p>

    <p class='ocr_par' dir='ltr' id='par_1_12' title="bbox 1637 2143 2752 2968">
     <span class='ocr_line' id='line_1_74' title="bbox 1706 2143 2706 2213; baseline -0.009 -11"><span class='ocrx_word' id='word_1_397' title='bbox 1706 2152 1873 2202; x_wconf 79' lang='lat' dir='ltr'>Mores</span> <span class='ocrx_word' id='word_1_398' title='bbox 1910 2146 2152 2213; x_wconf 68' lang='lat' dir='ltr'>gentium]</span> <span class='ocrx_word' id='word_1_399' title='bbox 2208 2145 2337 2195; x_wconf 89' lang='lat' dir='ltr'>Cum</span> <span class='ocrx_word' id='word_1_400' title='bbox 2384 2143 2473 2193; x_wconf 89' lang='lat' dir='ltr'>illo</span> <span class='ocrx_word' id='word_1_401' title='bbox 2515 2143 2706 2207; x_wconf 79' lang='lat' dir='ltr'>Ulysse</span> 
     </span>
     <span class='ocr_line' id='line_1_75' title="bbox 1645 2221 2707 2288; baseline -0.006 -13"><span class='ocrx_word' id='word_1_402' title='bbox 1645 2256 1661 2275; x_wconf 81' lang='grc'><strong>.</strong></span> <span class='ocrx_word' id='word_1_403' title='bbox 1682 2261 1697 2277; x_wconf 94' lang='grc'><strong>.</strong></span> <span class='ocrx_word' id='word_1_404' title='bbox 1722 2226 1824 2277; x_wconf 54' lang='grc'>303</span> <span class='ocrx_word' id='word_1_405' title='bbox 1840 2226 1977 2288; x_wconf 80' lang='grc' dir='ltr'><strong>μάλα.</strong></span> <span class='ocrx_word' id='word_1_406' title='bbox 1994 2227 2161 2275; x_wconf 70' lang='grc' dir='ltr'><strong>πολλὰ</strong></span> <span class='ocrx_word' id='word_1_407' title='bbox 2176 2221 2436 2283; x_wconf 70' lang='grc' dir='ltr'>Πλάγχθη·</span> <span class='ocrx_word' id='word_1_408' title='bbox 2458 2252 2474 2270; x_wconf 86' lang='grc'><strong>.</strong></span> <span class='ocrx_word' id='word_1_409' title='bbox 2497 2253 2512 2268; x_wconf 92' lang='grc'><strong>.</strong></span> <span class='ocrx_word' id='word_1_410' title='bbox 2537 2252 2553 2268; x_wconf 97' lang='grc'><strong>.</strong></span> <span class='ocrx_word' id='word_1_411' title='bbox 2574 2227 2707 2270; x_wconf 78' lang='grc' dir='ltr'><strong>Πολ-</strong></span> 
     </span>
     <span class='ocr_line' id='line_1_76' title="bbox 1642 2296 2710 2368; baseline -0.007 -15"><span class='ocrx_word' id='word_1_412' title='bbox 1642 2306 1744 2354; x_wconf 77' lang='grc' dir='ltr'>λῶν</span> <span class='ocrx_word' id='word_1_413' title='bbox 1777 2305 1817 2352; x_wconf 79' lang='grc' dir='ltr'>δ’</span> <span class='ocrx_word' id='word_1_414' title='bbox 1853 2303 2104 2368; x_wconf 72' lang='grc' dir='ltr'>ἀνθρώπων</span> <span class='ocrx_word' id='word_1_415' title='bbox 2130 2299 2234 2350; x_wconf 71' lang='grc' dir='ltr'>ἴδεν</span> <span class='ocrx_word' id='word_1_416' title='bbox 2266 2298 2436 2361; x_wconf 68' lang='grc' dir='ltr'><strong><em>ἄστεα,</em></strong></span> <span class='ocrx_word' id='word_1_417' title='bbox 2471 2297 2557 2347; x_wconf 72' lang='grc' dir='ltr'>καὶ</span> <span class='ocrx_word' id='word_1_418' title='bbox 2591 2296 2710 2347; x_wconf 65' lang='lat' dir='ltr'>vaona</span> 
     </span>
     <span class='ocr_line' id='line_1_77' title="bbox 1644 2378 2708 2445; baseline -0.007 -13"><span class='ocrx_word' id='word_1_419' title='bbox 1644 2380 1785 2443; x_wconf 73' lang='grc' dir='ltr'><strong>ἔγνω.</strong></span> <span class='ocrx_word' id='word_1_420' title='bbox 1856 2383 1954 2438; x_wconf 68' lang='lat' dir='ltr'>Qui</span> <span class='ocrx_word' id='word_1_421' title='bbox 1972 2395 2059 2445; x_wconf 79' lang='lat' dir='ltr'>per</span> <span class='ocrx_word' id='word_1_422' title='bbox 2070 2381 2170 2429; x_wconf 83' lang='lat' dir='ltr'>solo</span> <span class='ocrx_word' id='word_1_423' title='bbox 2192 2379 2343 2428; x_wconf 71' lang='lat' dir='ltr'>melta</span> <span class='ocrx_word' id='word_1_424' title='bbox 2360 2378 2607 2426; x_wconf 73' lang='lat' dir='ltr'>Jactoem.</span> <span class='ocrx_word' id='word_1_425' title='bbox 2625 2409 2640 2425; x_wconf 85' lang='lat'><strong>.</strong></span> <span class='ocrx_word' id='word_1_426' title='bbox 2659 2410 2673 2426; x_wconf 89' lang='lat'><strong>.</strong></span> <span class='ocrx_word' id='word_1_427' title='bbox 2689 2409 2708 2425; x_wconf 82' lang='grc'><strong>.</strong></span> 
     </span>
     <span class='ocr_line' id='line_1_78' title="bbox 1644 2457 2709 2520; baseline -0.006 -12"><span class='ocrx_word' id='word_1_428' title='bbox 1644 2459 2002 2520; x_wconf 70' lang='grc' dir='ltr'>Μηιιοηιωᾳιιο</span> <span class='ocrx_word' id='word_1_429' title='bbox 2022 2457 2264 2507; x_wconf 70' lang='lat' dir='ltr'>hominem</span> <span class='ocrx_word' id='word_1_430' title='bbox 2282 2469 2435 2504; x_wconf 79' lang='lat' dir='ltr'>mores</span> <span class='ocrx_word' id='word_1_431' title='bbox 2460 2462 2603 2518; x_wconf 69' lang='lat' dir='ltr'>atqm</span> <span class='ocrx_word' id='word_1_432' title='bbox 2623 2469 2709 2517; x_wconf 77' lang='lat' dir='ltr'>op-</span> 
     </span>
     <span class='ocr_line' id='line_1_79' title="bbox 1637 2530 2708 2599; baseline -0.006 -14"><span class='ocrx_word' id='word_1_433' title='bbox 1637 2535 1926 2599; x_wconf 63' lang='lat' dir='ltr'>piammon.</span> <span class='ocrx_word' id='word_1_434' title='bbox 1993 2532 2362 2583; x_wconf 77' lang='lat' dir='ltr'>Cassiodorus:</span> <span class='ocrx_word' id='word_1_435' title='bbox 2398 2530 2708 2580; x_wconf 85' lang='lat' dir='ltr'>‘Interdum</span> 
     </span>
     <span class='ocr_line' id='line_1_80' title="bbox 1642 2608 2711 2677; baseline -0.003 -17"><span class='ocrx_word' id='word_1_436' title='bbox 1642 2612 1858 2675; x_wconf 82' lang='lat' dir='ltr'>expedit</span> <span class='ocrx_word' id='word_1_437' title='bbox 1882 2611 2102 2677; x_wconf 83' lang='lat' dir='ltr'>patriam</span> <span class='ocrx_word' id='word_1_438' title='bbox 2124 2609 2480 2672; x_wconf 79' lang='lat' dir='ltr'>negligere‚ut</span> <span class='ocrx_word' id='word_1_439' title='bbox 2500 2608 2711 2671; x_wconf 88' lang='lat' dir='ltr'>sapien·</span> 
     </span>
     <span class='ocr_line' id='line_1_81' title="bbox 1644 2682 2711 2751; baseline -0.005 -15"><span class='ocrx_word' id='word_1_440' title='bbox 1644 2688 1768 2736; x_wconf 82' lang='lat' dir='ltr'>tism</span> <span class='ocrx_word' id='word_1_441' title='bbox 1793 2686 1907 2751; x_wconf 87' lang='lat' dir='ltr'>quis</span> <span class='ocrx_word' id='word_1_442' title='bbox 1943 2685 2109 2749; x_wconf 85' lang='lat' dir='ltr'>possit</span> <span class='ocrx_word' id='word_1_443' title='bbox 2139 2685 2428 2749; x_wconf 84' lang='lat' dir='ltr'>acquirere.</span> <span class='ocrx_word' id='word_1_444' title='bbox 2491 2682 2711 2746; x_wconf 78' lang='lat' dir='ltr'>Ulysses</span> 
     </span>
     <span class='ocr_line' id='line_1_82' title="bbox 1641 2758 2709 2822; baseline -0.003 -8"><span class='ocrx_word' id='word_1_445' title='bbox 1641 2764 1855 2814; x_wconf 84' lang='lat' dir='ltr'>Ithacus</span> <span class='ocrx_word' id='word_1_446' title='bbox 1878 2762 1977 2812; x_wconf 83' lang='lat' dir='ltr'>nisi</span> <span class='ocrx_word' id='word_1_447' title='bbox 1999 2762 2094 2812; x_wconf 80' lang='lat' dir='ltr'>boc</span> <span class='ocrx_word' id='word_1_448' title='bbox 2111 2760 2344 2822; x_wconf 85' lang='lat' dir='ltr'>fecisset,</span> <span class='ocrx_word' id='word_1_449' title='bbox 2364 2760 2417 2808; x_wconf 90' lang='lat' dir='ltr'>in</span> <span class='ocrx_word' id='word_1_450' title='bbox 2438 2758 2709 2811; x_wconf 80' lang='lat' dir='ltr'>laboribus</span> 
     </span>
     <span class='ocr_line' id='line_1_83' title="bbox 1640 2832 2752 2905; baseline -0.001 -16"><span class='ocrx_word' id='word_1_451' title='bbox 1640 2841 1860 2905; x_wconf 86' lang='lat' dir='ltr'>(scribe,</span> <span class='ocrx_word' id='word_1_452' title='bbox 1892 2836 2205 2903; x_wconf 70' lang='lat' dir='ltr'>‘laribus&#39;)‘</span> <span class='ocrx_word' id='word_1_453' title='bbox 2227 2836 2448 2902; x_wconf 87' lang='lat' dir='ltr'>propriis</span> <span class='ocrx_word' id='word_1_454' title='bbox 2482 2832 2710 2889; x_wconf 75' lang='lat' dir='ltr'>forsitan</span> <span class='ocrx_word' id='word_1_455' title='bbox 2748 2839 2752 2843; x_wconf 87' lang='grc'><strong>’</strong></span> 
     </span>
     <span class='ocr_line' id='line_1_84' title="bbox 1643 2916 2110 2968; baseline -0.004 -2"><span class='ocrx_word' id='word_1_456' title='bbox 1643 2916 1920 2968; x_wconf 74' lang='lat' dir='ltr'>latuisset-⁹</span> <span class='ocrx_word' id='word_1_457' title='bbox 1956 2918 2110 2966; x_wconf 72' lang='lat' dir='ltr'>Idem.</span> 
     </span>
    </p>

    <p class='ocr_par' dir='ltr' id='par_1_13' title="bbox 1643 2989 2718 3213">
     <span class='ocr_line' id='line_1_85' title="bbox 1708 2989 2710 3058; baseline -0.002 -16"><span class='ocrx_word' id='word_1_458' title='bbox 1708 2994 1979 3055; x_wconf 65' lang='lat' dir='ltr'>Regionum</span> <span class='ocrx_word' id='word_1_459' title='bbox 1998 2993 2147 3058; x_wconf 64' lang='lat' dir='ltr'>sitm]</span> <span class='ocrx_word' id='word_1_460' title='bbox 2182 2990 2335 3044; x_wconf 85' lang='lat' dir='ltr'>Quod</span> <span class='ocrx_word' id='word_1_461' title='bbox 2375 2989 2710 3040; x_wconf 83' lang='lat' dir='ltr'>utilissimum</span> 
     </span>
     <span class='ocr_line' id='line_1_86' title="bbox 1643 3065 2718 3123; baseline -0.004 -3"><span class='ocrx_word' id='word_1_462' title='bbox 1643 3069 1823 3121; x_wconf 80' lang='lat' dir='ltr'>futuro</span> <span class='ocrx_word' id='word_1_463' title='bbox 1857 3071 1994 3120; x_wconf 83' lang='lat' dir='ltr'>duci.</span> <span class='ocrx_word' id='word_1_464' title='bbox 2059 3067 2398 3119; x_wconf 79' lang='lat' dir='ltr'>Plutarchum</span> <span class='ocrx_word' id='word_1_465' title='bbox 2440 3066 2493 3116; x_wconf 89' lang='lat' dir='ltr'>in</span> <span class='ocrx_word' id='word_1_466' title='bbox 2531 3065 2718 3123; x_wconf 68' lang='lat' dir='ltr'>Philone</span> 
     </span>
     <span class='ocr_line' id='line_1_87' title="bbox 1646 3146 2233 3213; baseline -0.007 -15"><span class='ocrx_word' id='word_1_467' title='bbox 1646 3162 1881 3213; x_wconf 84' lang='lat' dir='ltr'>poemene</span> <span class='ocrx_word' id='word_1_468' title='bbox 1906 3146 2044 3197; x_wconf 81' lang='lat' dir='ltr'>vide.</span> <span class='ocrx_word' id='word_1_469' title='bbox 2079 3146 2233 3195; x_wconf 75' lang='lat' dir='ltr'>Idem.</span> 
     </span>
    </p>

    <p class='ocr_par' dir='ltr' id='par_1_14' title="bbox 1643 3218 2714 3441">
     <span class='ocr_line' id='line_1_88' title="bbox 1708 3218 2709 3288; baseline -0.009 -12"><span class='ocrx_word' id='word_1_470' title='bbox 1708 3227 1958 3288; x_wconf 68' lang='lat' dir='ltr'>Aquam</span> <span class='ocrx_word' id='word_1_471' title='bbox 1999 3221 2220 3286; x_wconf 77' lang='lat' dir='ltr'>coelique]</span> <span class='ocrx_word' id='word_1_472' title='bbox 2275 3221 2384 3272; x_wconf 86' lang='lat' dir='ltr'>Cur</span> <span class='ocrx_word' id='word_1_473' title='bbox 2416 3218 2498 3268; x_wconf 84' lang='lat' dir='ltr'>de·</span> <span class='ocrx_word' id='word_1_474' title='bbox 2526 3218 2709 3283; x_wconf 68' lang='lat' dir='ltr'>aquis?</span> 
     </span>
     <span class='ocr_line' id='line_1_89' title="bbox 1643 3298 2714 3369; baseline -0.002 -18"><span class='ocrx_word' id='word_1_475' title='bbox 1643 3301 1764 3367; x_wconf 86' lang='lat' dir='ltr'>quia</span> <span class='ocrx_word' id='word_1_476' title='bbox 1822 3300 2039 3351; x_wconf 87' lang='lat' dir='ltr'>Romani</span> <span class='ocrx_word' id='word_1_477' title='bbox 2094 3298 2283 3369; x_wconf 69' lang='lat' dir='ltr'>milites</span> <span class='ocrx_word' id='word_1_478' title='bbox 2325 3311 2509 3362; x_wconf 83' lang='lat' dir='ltr'>aquam</span> <span class='ocrx_word' id='word_1_479' title='bbox 2554 3304 2714 3349; x_wconf 74' lang='lat' dir='ltr'>aceto</span> 
     </span>
     <span class='ocr_line' id='line_1_90' title="bbox 1643 3376 2468 3441; baseline -0.007 -12"><span class='ocrx_word' id='word_1_480' title='bbox 1643 3379 1808 3429; x_wconf 79' lang='lat' dir='ltr'>mixto</span> <span class='ocrx_word' id='word_1_481' title='bbox 1834 3379 1990 3441; x_wconf 82' lang='lat' dir='ltr'>vulgo</span> <span class='ocrx_word' id='word_1_482' title='bbox 2010 3376 2279 3425; x_wconf 85' lang='lat' dir='ltr'>bibebant.</span> <span class='ocrx_word' id='word_1_483' title='bbox 2314 3376 2468 3427; x_wconf 74' lang='lat' dir='ltr'>Idem.</span> 
     </span>
    </p>

    <p class='ocr_par' dir='ltr' id='par_1_15' title="bbox 1643 3447 2715 3981">
     <span class='ocr_line' id='line_1_91' title="bbox 1707 3447 2715 3521; baseline -0.008 -14"><span class='ocrx_word' id='word_1_484' title='bbox 1707 3455 1977 3521; x_wconf 68' lang='lat' dir='ltr'>Aquarium]</span> <span class='ocrx_word' id='word_1_485' title='bbox 2012 3452 2230 3503; x_wconf 87' lang='lat' dir='ltr'>Rotnani</span> <span class='ocrx_word' id='word_1_486' title='bbox 2263 3452 2455 3501; x_wconf 87' lang='lat' dir='ltr'>milites</span> <span class='ocrx_word' id='word_1_487' title='bbox 2486 3447 2613 3501; x_wconf 82' lang='lat' dir='ltr'>alias</span> <span class='ocrx_word' id='word_1_488' title='bbox 2633 3451 2715 3501; x_wconf 87' lang='lat' dir='ltr'>bi·</span> 
     </span>
     <span class='ocr_line' id='line_1_92' title="bbox 1645 3529 2712 3597; baseline -0.006 -15"><span class='ocrx_word' id='word_1_489' title='bbox 1645 3533 1840 3583; x_wconf 84' lang='lat' dir='ltr'>bebant</span> <span class='ocrx_word' id='word_1_490' title='bbox 1884 3545 2111 3597; x_wconf 85' lang='lat' dir='ltr'>poscam.</span> <span class='ocrx_word' id='word_1_491' title='bbox 2154 3529 2190 3579; x_wconf 91' lang='lat' dir='ltr'>i.</span> <span class='ocrx_word' id='word_1_492' title='bbox 2231 3544 2283 3578; x_wconf 88' lang='lat' dir='ltr'>e.</span> <span class='ocrx_word' id='word_1_493' title='bbox 2322 3541 2508 3591; x_wconf 86' lang='lat' dir='ltr'>aquarn</span> <span class='ocrx_word' id='word_1_494' title='bbox 2554 3535 2712 3581; x_wconf 84' lang='lat' dir='ltr'>aceto</span> 
     </span>
     <span class='ocr_line' id='line_1_93' title="bbox 1643 3606 2711 3676; baseline -0.006 -17"><span class='ocrx_word' id='word_1_495' title='bbox 1643 3611 1840 3661; x_wconf 65' lang='lat' dir='ltr'>mixtos</span> <span class='ocrx_word' id='word_1_496' title='bbox 1878 3611 2081 3676; x_wconf 86' lang='lat' dir='ltr'>qualem</span> <span class='ocrx_word' id='word_1_497' title='bbox 2118 3606 2410 3671; x_wconf 77' lang='lat' dir='ltr'>petulentia</span> <span class='ocrx_word' id='word_1_498' title='bbox 2447 3606 2711 3657; x_wconf 85' lang='lat' dir='ltr'>Romano-</span> 
     </span>
     <span class='ocr_line' id='line_1_94' title="bbox 1643 3683 2712 3752; baseline -0.004 -15"><span class='ocrx_word' id='word_1_499' title='bbox 1643 3702 1756 3739; x_wconf 87' lang='lat' dir='ltr'>rum</span> <span class='ocrx_word' id='word_1_500' title='bbox 1780 3701 2086 3752; x_wconf 86' lang='lat' dir='ltr'>coprearum</span> <span class='ocrx_word' id='word_1_501' title='bbox 2116 3686 2213 3741; x_wconf 88' lang='lat' dir='ltr'>bis,</span> <span class='ocrx_word' id='word_1_502' title='bbox 2240 3685 2398 3735; x_wconf 86' lang='lat' dir='ltr'>semel</span> <span class='ocrx_word' id='word_1_503' title='bbox 2419 3683 2546 3734; x_wconf 78' lang='lat' dir='ltr'>felle</span> <span class='ocrx_word' id='word_1_504' title='bbox 2573 3698 2712 3749; x_wconf 76' lang='lat' dir='ltr'>quo·</span> 
     </span>
     <span class='ocr_line' id='line_1_95' title="bbox 1643 3762 2709 3830; baseline -0.002 -16"><span class='ocrx_word' id='word_1_505' title='bbox 1643 3779 1745 3830; x_wconf 84' lang='lat' dir='ltr'>que</span> <span class='ocrx_word' id='word_1_506' title='bbox 1788 3766 1974 3827; x_wconf 87' lang='lat' dir='ltr'>mixto,</span> <span class='ocrx_word' id='word_1_507' title='bbox 2030 3762 2220 3813; x_wconf 86' lang='lat' dir='ltr'>Mattb.</span> <span class='ocrx_word' id='word_1_508' title='bbox 2260 3775 2450 3812; x_wconf 81' lang='lat' dir='ltr'>xxvn.</span> <span class='ocrx_word' id='word_1_509' title='bbox 2492 3765 2576 3811; x_wconf 75' lang='lat'>84.</span> <span class='ocrx_word' id='word_1_510' title='bbox 2629 3762 2709 3812; x_wconf 90' lang='lat' dir='ltr'>ori</span> 
     </span>
     <span class='ocr_line' id='line_1_96' title="bbox 1645 3839 2711 3891; baseline 0 -1"><span class='ocrx_word' id='word_1_511' title='bbox 1645 3842 1833 3891; x_wconf 88' lang='lat' dir='ltr'>deinde</span> <span class='ocrx_word' id='word_1_512' title='bbox 1857 3841 2127 3891; x_wconf 88' lang='lat' dir='ltr'>morientis</span> <span class='ocrx_word' id='word_1_513' title='bbox 2152 3840 2445 3890; x_wconf 80' lang='lat' dir='ltr'>servatoris</span> <span class='ocrx_word' id='word_1_514' title='bbox 2478 3839 2711 3890; x_wconf 83' lang='lat' dir='ltr'>admovit</span> 
     </span>
     <span class='ocr_line' id='line_1_97' title="bbox 1644 3912 2712 3981; baseline 0 -16"><span class='ocrx_word' id='word_1_515' title='bbox 1644 3916 1698 3965; x_wconf 92' lang='lat' dir='ltr'>in</span> <span class='ocrx_word' id='word_1_516' title='bbox 1721 3918 1962 3981; x_wconf 82' lang='lat' dir='ltr'>spongia,</span> <span class='ocrx_word' id='word_1_517' title='bbox 1993 3915 2357 3978; x_wconf 75' lang='lat' dir='ltr'>circumligata</span> <span class='ocrx_word' id='word_1_518' title='bbox 2392 3912 2588 3976; x_wconf 72' lang='grc' dir='ltr'>οἶσύπῳ,</span> <span class='ocrx_word' id='word_1_519' title='bbox 2609 3915 2712 3965; x_wconf 87' lang='lat' dir='ltr'>boc</span> 
     </span>
    </p>
   </div>
   <div class='ocr_carea' id='block_1_9' title="bbox 1619 3989 2712 4058">
    <p class='ocr_par' dir='ltr' id='par_1_16' title="bbox 1619 3989 2712 4058">
     <span class='ocr_line' id='line_1_98' title="bbox 1619 3989 2712 4058; baseline -0.001 -18"><span class='ocrx_word' id='word_1_520' title='bbox 1619 3997 1743 4058; x_wconf 51' lang='grc' dir='ltr'>μή,</span> <span class='ocrx_word' id='word_1_521' title='bbox 1778 3993 1889 4042; x_wconf 81' lang='lat' dir='ltr'>lona</span> <span class='ocrx_word' id='word_1_522' title='bbox 1920 3991 2130 4053; x_wconf 76' lang='lat' dir='ltr'>succida,</span> <span class='ocrx_word' id='word_1_523' title='bbox 2169 4005 2271 4039; x_wconf 91' lang='lat' dir='ltr'>non</span> <span class='ocrx_word' id='word_1_524' title='bbox 2295 3989 2496 4052; x_wconf 59' lang='lat' dir='ltr'>§oo-m</span> <span class='ocrx_word' id='word_1_525' title='bbox 2526 3991 2712 4054; x_wconf 85' lang='lat' dir='ltr'>planta</span> 
     </span>
    </p>
   </div>
   <div class='ocr_carea' id='block_1_10' title="bbox 1638 4067 2710 4364">
    <p class='ocr_par' dir='ltr' id='par_1_17' title="bbox 1638 4067 2710 4364">
     <span class='ocr_line' id='line_1_99' title="bbox 1642 4067 2707 4132; baseline -0.002 -14"><span class='ocrx_word' id='word_1_526' title='bbox 1642 4068 1731 4118; x_wconf 89' lang='lat' dir='ltr'>illa</span> <span class='ocrx_word' id='word_1_527' title='bbox 1751 4070 1918 4132; x_wconf 84' lang='lat' dir='ltr'>tenni,</span> <span class='ocrx_word' id='word_1_528' title='bbox 1949 4076 2012 4119; x_wconf 87' lang='lat' dir='ltr'>ut</span> <span class='ocrx_word' id='word_1_529' title='bbox 2039 4067 2246 4118; x_wconf 84' lang='lat' dir='ltr'>tandem</span> <span class='ocrx_word' id='word_1_530' title='bbox 2272 4068 2358 4130; x_wconf 88' lang='lat' dir='ltr'>pie</span> <span class='ocrx_word' id='word_1_531' title='bbox 2377 4068 2513 4116; x_wconf 86' lang='lat' dir='ltr'>bunc</span> <span class='ocrx_word' id='word_1_532' title='bbox 2538 4068 2707 4117; x_wconf 88' lang='lat' dir='ltr'>locum</span> 
     </span>
     <span class='ocr_line' id='line_1_100' title="bbox 1638 4145 2710 4210; baseline -0.003 -12"><span class='ocrx_word' id='word_1_533' title='bbox 1638 4146 1731 4198; x_wconf 81' lang='lat' dir='ltr'>Jo.</span> <span class='ocrx_word' id='word_1_534' title='bbox 1752 4159 1874 4196; x_wconf 78' lang='lat' dir='ltr'>xxx.</span> <span class='ocrx_word' id='word_1_535' title='bbox 1907 4148 1990 4197; x_wconf 76' lang='lat'>29.</span> <span class='ocrx_word' id='word_1_536' title='bbox 2022 4145 2111 4210; x_wconf 84' lang='lat' dir='ltr'>qui</span> <span class='ocrx_word' id='word_1_537' title='bbox 2150 4159 2365 4208; x_wconf 80' lang='lat' dir='ltr'>magnas</span> <span class='ocrx_word' id='word_1_538' title='bbox 2398 4145 2593 4197; x_wconf 81' lang='lat' dir='ltr'>animas</span> <span class='ocrx_word' id='word_1_539' title='bbox 2617 4160 2710 4195; x_wconf 80' lang='lat' dir='ltr'>ex-</span> 
     </span>
     <span class='ocr_line' id='line_1_101' title="bbox 1643 4221 2710 4286; baseline 0 -15"><span class='ocrx_word' id='word_1_540' title='bbox 1643 4223 1833 4286; x_wconf 89' lang='lat' dir='ltr'>ercnit,</span> <span class='ocrx_word' id='word_1_541' title='bbox 1848 4223 1979 4286; x_wconf 78' lang='lat' dir='ltr'>legit</span> <span class='ocrx_word' id='word_1_542' title='bbox 2003 4230 2059 4271; x_wconf 86' lang='lat' dir='ltr'>et</span> <span class='ocrx_word' id='word_1_543' title='bbox 2081 4221 2365 4272; x_wconf 77' lang='lat' dir='ltr'>illustravit</span> <span class='ocrx_word' id='word_1_544' title='bbox 2398 4221 2450 4271; x_wconf 91' lang='lat' dir='ltr'>in</span> <span class='ocrx_word' id='word_1_545' title='bbox 2475 4222 2710 4279; x_wconf 76' lang='lat' dir='ltr'>Exercit.</span> 
     </span>
     <span class='ocr_line' id='line_1_102' title="bbox 1638 4298 2709 4364; baseline -0.004 -11"><span class='ocrx_word' id='word_1_546' title='bbox 1638 4299 1786 4353; x_wconf 76' lang='lat' dir='ltr'>Sacr.</span> <span class='ocrx_word' id='word_1_547' title='bbox 1830 4313 1878 4350; x_wconf 87' lang='lat' dir='ltr'>c.</span> <span class='ocrx_word' id='word_1_548' title='bbox 1909 4302 1997 4349; x_wconf 78' lang='lat'>29.</span> <span class='ocrx_word' id='word_1_549' title='bbox 2059 4298 2285 4363; x_wconf 75' lang='lat' dir='ltr'>Magnus</span> <span class='ocrx_word' id='word_1_550' title='bbox 2318 4298 2709 4364; x_wconf 65' lang='lat' dir='ltr'>Heinsius,·cni</span> 
     </span>
    </p>
   </div>
  </div>
 </body>
</html>
