3017 4942
769 398 836 446 c.
885 397 1135 447 mauu
1184 397 1530 447 saeuum·
1573 400 1844 449 Panae.
1922 402 1974 452 1.
2018 385 2086 450 5.

388 542 659 593 Nutatione
699 540 995 607 reipublice]
1047 540 1135 592 Ita
1189 542 1389 607 placuit

315 620 571 669 invehere
595 618 812 668 editioni
847 627 1063 679 nostrae,
1094 618 1266 682 ejecto
1300 618 1388 668 illo

314 696 603 758 anunm,
622 693 760 760 quod
781 695 834 743 id
857 695 1103 745 suaderet
1127 703 1234 744 tum
1256 695 1389 744 ratio

312 775 456 838 ipsa,
479 783 590 825 tum
625 789 904 826 consensus
943 776 1192 825 librorum
1217 774 1390 825 trium.

320 851 478 910 Grai.

386 926 665 977 Nutatione
697 927 998 992 reipublice]
1035 926 1070 976 i.
1092 943 1142 978 e.
1167 934 1388 979 nutante

316 1010 375 1055 et
398 1003 605 1055 ruinam
637 1004 911 1055 minitante
933 1007 1221 1072 republica.
1288 1008 1388 1057 Lu-

316 1082 451 1132 bens
472 1083 767 1147 meritoque
801 1084 1005 1134 retineo
1040 1084 1172 1135 banc
1208 1085 1389 1135 lectio-

314 1162 835 1212 ncm'Cellariauam.
884 1163 998 1212 Etsi
1023 1163 1159 1213 euim
1182 1164 1390 1215 codices

314 1238 451 1288 Mas.
488 1253 622 1304 qnos
661 1238 768 1288 vidi
803 1239 1121 1304 novitatique,
1165 1240 1393 1291 habeant

313 1317 621 1374 mationa
667 1315 912 1380 idemque
949 1315 1046 1365 boc
1083 1318 1392 1367 vocabulum

310 1392 365 1442 in
381 1405 492 1442 non
514 1391 695 1457 paucis
713 1391 857 1442 libris
871 1393 1137 1458 impressis
1156 1394 1391 1460 legatur3

301 1469 469 1527 *istam
499 1477 695 1531 tamen,
719 1484 871 1534 quam
895 1471 1091 1534 recepi,
1114 1469 1393 1522 lectionem

304 1545 412 1607 jam
431 1544 703 1595 Gruterus
732 1559 800 1594 ex
824 1546 977 1596 trium
1007 1546 1243 1596 codicum
1265 1548 1394 1599 Μαι.

311 1637 578 1673 consensu
603 1624 925 1688 publicavit3
960 1632 1017 1675 et
1045 1632 1171 1675 ante
1200 1626 1394 1678 Grute-

312 1713 428 1749 rum
486 1701 803 1763 evulgarunt
844 1700 1209 1766 cuspinianus,
1253 1702 1391 1768 Gry·

313 1777 491 1840 pbius,
527 1784 588 1826 et
631 1778 943 1841 Sicbardus;
979 1792 1076 1828 nec
1112 1780 1280 1830 miuus
1325 1778 1394 1830 eit

317 1855 544 1904 vetustis
573 1855 890 1905 membranis
920 1855 974 1905 in
1017 1857 1250 1920 margine
1284 1856 1396 1908 edi·

313 1929 477 1979 tionis
499 1945 612 1980 suae
638 1930 875 1981 exhibuit
913 1931 1196 1983 Livineius.
1263 1933 1397 1984 Pro·

315 2004 514 2056 baruut
538 2007 757 2057 eandem
794 2007 1176 2059 Rittersbnsius
1200 2016 1395 2068 noster,

314 2087 372 2131 et
392 2081 660 2146 Baianus,
674 2091 831 2148 atque
854 2083 1113 2136 admisere
1130 2085 1396 2136 Parisieu-

318 2160 388 2209 sis
413 2174 500 2209 an.
520 2163 673 2211 1642.
696 2168 750 2210 et
773 2161 996 2210 Thomas
1016 2162 1252 2211 Hearne.
1286 2161 1398 2212 Ad-

315 2236 446 2294 baee,
465 2236 573 2286 nisi
599 2237 936 2288 vehementer
957 2236 1133 2296 fallor,
1147 2239 1397 2303 majorem

313 2320 566 2365 ornatum
589 2314 712 2364 huic
748 2315 874 2365 loco
891 2315 1142 2366 orationis
1168 2329 1399 2381 panegy-

315 2392 439 2443 rieae
460 2389 625 2442 affert
645 2406 744 2442 vox
771 2393 884 2444 baec
904 2394 1109 2457 natam,
1132 2408 1283 2459 quam
1309 2393 1400 2444 illa

313 2470 547 2536 simplex
570 2478 629 2520 et
654 2471 861 2536 propria
881 2473 1101 2522 mutatio.
1168 2473 1397 2524 Verbum

311 2554 328 2578 θ
343 2556 542 2598 nutare
556 2548 574 2571 '
604 2549 817 2613 proprie
835 2555 1005 2612 notat,
1023 2555 1184 2613 caput
1204 2550 1400 2614 saepius

312 2636 558 2681 movere,
594 2631 683 2673 aut
707 2624 891 2674 crebro
926 2625 1118 2689 capitis
1157 2633 1285 2675 nutu
1311 2636 1399 2674 vo·

311 2700 546 2750 luntatis
597 2713 706 2750 sum
748 2701 952 2765 signum
995 2701 1157 2764 dare;
1206 2701 1398 2753 deinde

308 2777 667 2840 μπαφορικὸς,
687 2776 956 2840 vacillare,
983 2777 1037 2827 iu
1061 2790 1239 2839 uuam,
1266 2778 1397 2828 alte-

312 2864 501 2902 ramve
529 2860 735 2916 partem
765 2852 1038 2912 inclinare,
1069 2854 1396 2919 tuncque'ad

315 2939 421 2989 rea,
443 2940 571 2977 eum
596 2928 880 2986 naturales,
906 2936 1016 2979 tum
1039 2930 1285 2992 morales,
1310 2944 1396 2981 ac-

316 3004 705 3056 commodatur.
761 3005 851 3055 Sic
874 3005 1077 3055 Plinius
1102 3013 1301 3070 noster,
1326 3008 1396 3058 E-

316 3080 444 3144 pist.
472 3094 558 3131 vr.
582 3082 668 3132 16.
696 3083 714 3110 ‘
739 3081 986 3148 Crebris,'
1022 3084 1211 3148 iuquit,
1245 3092 1261 3114 ‘
1282 3099 1396 3134 vas·

316 3158 498 3224 tisqne
524 3158 841 3211 tremoribus
867 3167 1011 3211 tecta
1034 3160 1312 3221 nutabant,
1341 3169 1398 3212 et

302 3233 479 3296 ·quasi
517 3240 693 3283 emota
719 3233 934 3286 sedibus
956 3236 1080 3294 suis,
1117 3251 1256 3287 nuuc
1277 3237 1400 3295 buc,

319 3322 461 3361 nune
484 3310 634 3373 illuc,
645 3310 808 3367 abire,
822 3320 914 3362 aut
937 3312 1123 3364 referri
1151 3312 1398 3364 videban-

320 3386 446 3436 tur!
506 3388 578 3438 Et
599 3388 933 3454 ἂλληγορικῶς
955 3389 1022 3440 de
1042 3389 1245 3440 familia
1269 3391 1398 3441 Hel·

322 3462 452 3513 vidii
479 3470 537 3512 et
576 3464 806 3530 Fanniae,
843 3466 1014 3529 Epist.
1039 3478 1146 3516 vu.
1174 3470 1251 3516 19.
1284 3474 1299 3496 ⁸
1318 3465 1399 3516 Ac

321 3539 443 3590 milii
473 3539 659 3590 domus
682 3541 796 3606 ipsa
819 3550 1024 3599 nutare,
1051 3544 1399 3608 convulsaque

322 3615 540 3666 aedibus
580 3617 688 3666 suis
720 3618 920 3668 ruitura
961 3632 1124 3683 supra
1163 3619 1400 3682 videtur3

260 3722 265 3725 -
323 3692 457 3742 licet
481 3692 651 3743 adbuc
664 3700 899 3763 pos-tero's
915 3693 1146 3744 babeat.'
1171 3695 1401 3745 Proeter·

323 3783 387 3819 ea
412 3770 492 3819 rei
530 3770 631 3834 ipsi
668 3776 725 3820 et
755 3770 978 3821 historiae
1007 3772 1430 3833 convenientior,

325 3845 541 3896 videtur
562 3847 768 3904 nutatim
794 3862 944 3912 quam
969 3849 1172 3898 mutatio
1187 3862 1209 3907 ‚·
1240 3847 1402 3911 impe·

325 3930 481 3972 rante
496 3923 643 3972 'enim
686 3924 888 3988 Nerva,
928 3924 1158 3974 noudum
1200 3930 1403 3975 mutata

330 4006 449 4048 erat
494 3998 810 4063 respublica,
870 4000 963 4050 sed
1022 4000 1402 4064 quodammodo

331 4075 576 4137 nutabat,
614 4083 671 4126 et
719 4076 1060 4126 mutationem
1097 4077 1401 4142 ruinamque

331 4151 649 4205 minabatur.
699 4153 867 4204 Quam
890 4153 943 4202 in
965 4150 1282 4204 senten'tiam
1306 4155 1402 4204 eti·

334 4239 429 4274 am·
443 4227 655 4276 Latinus
671 4227 917 4284 Pacatus,
934 4228 1019 4292 qui
1037 4244 1136 4278 nou
1161 4244 1278 4280 raro
1295 4231 1405 4280 Pli-

337 4304 478 4355 nium
517 4305 754 4357 imitatus
794 4313 898 4372 est,
928 4305 1192 4373 Panegyr.
1230 4321 1320 4361 ιιι.
1355 4313 1407 4359 6.

2394 384 2525 452 461

1463 541 1616 603 dixit,
1637 543 1654 574 ⁴
1673 543 1912 593 nutantia
1928 544 2175 593 Romanoe
2191 542 2268 592 rei
2290 541 2400 593 fata
2419 559 2526 595 sus-

1461 616 1681 683 cipere.’
1767 620 2011 684 Denique
2048 634 2145 670 nec
2181 627 2280 684 est,
2325 634 2420 670 eur
2456 621 2526 672 de

1464 696 1758 746 Latinitate
1784 697 2002 746 nominis
2024 703 2039 726 ‘
2059 698 2263 746 nutatio
2278 697 2293 721 '
2318 697 2526 749 debite·

1462 787 1595 830 mus,
1622 788 1737 837 qum
1758 774 1937 838 utique
1962 774 2013 823 iu
2036 789 2204 824 sevum
2228 774 2526 826 Pliniauutn

1463 851 1729 901 convenit.
1750 851 1835 901 Ita
1852 851 1987 900 euim
2002 851 2203 901 Plinius
2219 852 2395 917 Major
2410 862 2537 916 pro-³

1462 929 1578 991 pria
1600 928 1808 979 notione
1830 929 1981 993 hujus
2004 928 2240 979 vocabuli
2278 943 2397 978 natta
2427 937 2530 987 est,

1465 1005 1535 1056 N.
1562 1005 1631 1054 H.
1655 1018 1736 1056 xt.
1758 1009 1841 1057 37.
1876 1006 1894 1034 ‘
1914 1005 1995 1055 Ab
2019 1020 2082 1055 eo
2106 1005 2376 1071 (cerebro)
2410 1020 2529 1069 pro-

1460 1080 1718 1131 ficiscitur
1739 1097 1974 1146 somnus;
2007 1083 2127 1134 binc
2158 1083 2344 1148 capitis
2376 1089 2528 1134 nuta-

1465 1155 1575 1207 tio.’
1608 1158 1851 1209 Schwart-

1540 1234 1702 1291 Quare
1717 1235 1827 1299 egp]
1864 1236 2047 1285 Recte.
2116 1234 2185 1285 At
2205 1236 2319 1285 loco
2343 1249 2529 1299 prono-

1468 1311 1621 1361 minis
1641 1327 1730 1375 ego
1754 1314 1938 1364 vitiose
1960 1313 2210 1378 scriptum
2234 1320 2314 1362 est
2337 1328 2453 1376 ergo
2474 1315 2526 1363 in

1468 1389 1652 1439 codice
1679 1390 2001 1454 Gnelplterb.
2036 1403 2153 1454 quae
2190 1390 2349 1441 lectio
2371 1391 2529 1441 etiam

1467 1465 1764 1531 inquinavit
1830 1466 2264 1524 Boxboruianam‚
2343 1467 2532 1517 Kirclr-

1468 1542 1819 1600 maierianam,
1857 1551 1910 1593 et
1953 1543 2299 1593 Cellariauam
2343 1544 2530 1593 editio·

1468 1633 1595 1669 nes:
1652 1636 1750 1685 pro
1799 1634 1902 1686 qua
1953 1621 2207 1670 veriorem
2251 1620 2532 1671 lectionem

1458 1696 1571 1760 jam
1595 1696 1917 1747 vindicamus
1945 1696 2137 1756 Plinio,
2170 1697 2439 1753 librorum.
2474 1704 2533 1748 et

1469 1786 1623 1843 mauffin
1663 1779 2017 1829 exaratorum,
2047 1781 2102 1822 et
2141 1772 2280 1837 typis
2318 1787 2529 1822 excuso-

1470 1863 1605 1911 rum,
1650 1850 1823 1913 copia,
1875 1850 2252 1915 sententiaeque
2294 1850 2533 1900 claritate

1469 1923 1691 1975 inducti.
1759 1925 1839 1976 Ac
1882 1933 2025 1975 recte
2063 1927 2218 1977 etiam
2249 1927 2326 1975 ita
2358 1928 2527 1990 legen·

1470 2000 1592 2051 dum
1617 2003 1822 2052 censuit
1844 2002 2201 2053 Heumannus.
2234 2003 2387 2055 Idem.

1538 2080 1789 2142 Furor-em,
1806 2079 1913 2145 εγω]
1946 2081 2125 2131 Iunnit
2151 2082 2371 2131 militum
2394 2079 2533 2133 sedi·

1471 2157 1643 2207 tiones
1668 2165 1785 2221 post
1805 2159 2030 2208 occisum
2059 2159 2427 2209 Domitianum.
2462 2158 2534 2209 Il·-

1471 2232 1508 2282 li
1546 2233 1684 2283 euim
1719 2233 1950 2298 ejusdem
1986 2242 2205 2285 mortem
2235 2249 2374 2299 aegre
2398 2235 2534 2285 tule-

1473 2317 1615 2373 runt,
1654 2316 1795 2361 teste
1839 2311 2055 2361 Sueton.
2088 2312 2140 2361 iu
2177 2311 2378 2362 Domit.
2413 2326 2535 2377 cap.

1473 2387 1570 2436 ult.
1591 2401 1754 2451 quare
1776 2387 1874 2438 sub
1896 2388 2007 2452 ejus
2027 2402 2328 2439 successore
2353 2389 2535 2439 Nerva

1474 2463 1685 2525 plurimi
1710 2463 1879 2515 adbuc
1912 2473 2103 2523 motus.
2141 2472 2197 2515 ut
2235 2473 2418 2515 auctor
2449 2473 2535 2516 est

1474 2541 1680 2605 Xipbil.
1719 2541 1907 2606 quibus
1935 2557 1990 2592 se
2019 2545 2269 2608 imparem
2307 2545 2394 2593 ille
2415 2557 2534 2594 sen-

1475 2618 1609 2668 tiens
1626 2619 1908 2684 Trajauum
1934 2621 2225 2685 adoptavit.
2258 2621 2481 2671 Palm-ol.

1534 2697 1775 2753 furorem„
1788 2703 2053 2763 motumque
2065 2698 2376 2762 castrensem]
2392 2698 2537 2749 Ρη-

1473 2772 1792 2823 toriaaorum
1816 2774 2052 2834 militum,
2065 2773 2315 2837 Casperio
2334 2774 2536 2824 AEllano

1473 2847 1729 2914 proefecto
1747 2859 1978 2901 anctore.
2011 2850 2310 2916 Xipbilinus
2328 2851 2381 2900 in
2398 2851 2538 2901 Ner·

1475 2943 1555 2978 va.
1590 2928 1755 2980 Licin.

1541 3004 1771 3056 Farorem
1792 3011 2060 3071 motumque
2087 3006 2396 3071 castrenam]
2430 3005 2537 3059 Qui

1473 3081 1613 3131 talis.
1679 3083 1830 3133 Caeso
1856 3084 2182 3144 Domitiano,
2204 3089 2220 3112 ⁴
2243 3083 2394 3132 miles
2420 3096 2539 3146 gra·

1475 3158 1680 3210 vissime
1704 3162 1824 3211 tulit
1845 3162 2107 3227 (Suetonii
2124 3158 2308 3223 verba)
2324 3166 2537 3224 paratus

1475 3235 1651 3286 statim
1675 3237 1872 3301 ulcisci,
1893 3238 1990 3288 nisi
2014 3238 2178 3287 duces
2208 3234 2538 3287 defuissent?

1476 3309 1693 3361 Quierit
1715 3312 1895 3376 igitur,
1916 3313 2007 3361 sed
2024 3313 2203 3363 Nerva
2211 3313 2321 3376 jam
2346 3312 2536 3368 electo,

1475 3401 1621 3451 seue,
1638 3390 1797 3446 molti,
1810 3398 1868 3439 et
1890 3404 2072 3455 parum
2087 3389 2151 3439 ad
2169 3404 2316 3439 suum
2331 3402 2538 3451 nomen,

1475 3465 1672 3515 animos
1685 3467 1891 3530 irasque
1905 3473 2215 3523 sumserunt,
2226 3465 2539 3516 incendente

1476 3543 1731 3607 Casperio
1755 3543 1959 3593 AEliano
1989 3544 2223 3608 praetorii
2254 3541 2538 3607 praefecto:

1477 3619 1567 3683 qui
1612 3619 1750 3668 idem
1793 3633 1977 3670 munus
2021 3628 2077 3670 et
2110 3619 2208 3669 sub
2240 3619 2540 3669 Domitiano

1475 3695 1751 3746 babuerat.
1818 3695 1952 3746 Inde
1982 3696 2035 3745 in
2068 3710 2184 3745 eum
2208 3697 2443 3745 occultus
2464 3693 2539 3743 fa·

1478 3785 1573 3821 vor
1607 3779 1663 3822 et
1699 3772 1995 3834 miset-atim
2030 3780 2087 3822 et
2121 3770 2325 3834 impulsi
2353 3770 2541 3821 milites

1478 3848 1763 3911 deposcere
1783 3847 1849 3897 ad
1876 3846 2072 3898 caedem
2098 3845 2257 3896 caedis
2280 3853 2541 3896 auctores.

1478 3925 1695 3975 Factum
1740 3924 1950 3975 turbide
1990 3930 2044 3974 et
2084 3923 2276 3973 acriter
2301 3937 2315 3971 t
2364 3922 2541 3972 Nerva

1479 4003 1677 4052 resistit
1704 4002 1916 4065 pariter,
1938 4015 2101 4064 usque
2119 4014 2201 4062 eo,
2225 4009 2281 4049 ut
2300 3999 2543 4063 jugulum

1478 4080 1673 4129 nudum
1699 4080 1870 4142 potius
1898 4078 1960 4127 iis
1997 4075 2207 4128 offerret
2230 4075 2543 4126 feriendum.

1482 4155 1603 4204 Non
1642 4155 1871 4203 demovit
1909 4161 2104 4215 tamen,
2127 4158 2182 4201 et
2217 4166 2332 4215 cum
2368 4164 2543 4214 perse-

1481 4238 1729 4280 verarent
1749 4227 1942 4288 furere,
1966 4228 2143 4277 traditi
2167 4228 2396 4289 caesique
2420 4232 2543 4274 sunt

1479 4308 1536 4373 ii,
1562 4322 1691 4373 quos
1715 4307 2154 4381 depoposcerunt.
2202 4303 2333 4354 Haec
2356 4316 2422 4352 ex
2447 4302 2541 4352 Di-
2563 4363 2572 4371 .
