3017 4942
489 339 620 407 840

485 505 542 548 et
566 512 699 556 meo,
724 498 846 548 item
867 498 919 547 in
937 497 1168 547 editione
1188 498 1319 548 Rob.
1337 498 1556 563 Stepha-

489 577 560 633 ni,
587 589 681 639 pro
702 591 862 638 super,
878 575 1069 636 legitur
1085 590 1245 637 supro.
1283 576 1426 625 Nihil
1443 576 1556 640 qui·

489 653 606 702 dem
645 651 828 715 refert,
868 661 984 702 utra
1016 653 1196 702 harum
1229 655 1556 717 praepositio·

485 744 609 780 num
620 729 1070 790 admittatur,cnm
1088 730 1406 792 potissimum
1417 744 1554 780 com-

489 808 739 873 pendiosa
757 807 1016 857 scribendi
1041 806 1176 856 ratio
1203 807 1552 869 promiscuum

481 885 602 935 fere
626 899 800 934 earum
826 898 973 934 nisum
1009 882 1391 932 introduxerit:
1428 885 1554 933 reti·

487 976 587 1011 neo
613 966 787 1010 tamen
824 974 982 1023 super,
1002 959 1139 1023 quod
1177 960 1228 1008 in
1263 959 1471 1024 reliquis
1493 960 1553 1010 li-

479 1039 595 1090 -bris
621 1040 884 1103 vulgatum
911 1038 1249 1101 deprehendi.
1286 1040 1436 1088 Idem.

556 1107 770 1180 Ceteros]
801 1116 1012 1167 Quanta
1046 1121 1103 1164 tu
1138 1114 1411 1179 majestate
1441 1129 1552 1178 eos,

488 1199 635 1243 tanta
670 1192 745 1242 illi
775 1191 1035 1256 dignitate
1056 1197 1307 1257 superant
1327 1197 1554 1244 ceteros.

490 1271 642 1320 Beris.

554 1347 613 1396 Si
635 1345 798 1409 unius]
833 1344 933 1396 Hae
959 1345 1157 1395 voculae
1191 1345 1242 1395 in
1278 1345 1443 1395 tribus
1466 1360 1554 1396 co-

487 1425 687 1475 dicibus
710 1425 842 1474 Mss.
865 1425 1049 1474 vitiose
1071 1430 1191 1474 snut
1212 1425 1443 1488 scriptae.
1489 1425 1553 1474 In

479 1502 748 1559 meo‚.Sed
781 1502 957 1562 unium
987 1501 1037 1551 in
1073 1502 1473 1564 salisburgensi,
1494 1503 1556 1552 Si

481 1581 599 1639 ποκ’,-
635 1581 685 1630 in
707 1580 913 1629 Veneto
937 1583 983 1629 l.
1018 1579 1079 1629 Si
1099 1594 1236 1629 unua.
1300 1578 1404 1628 Sed
1430 1593 1555 1630 sana

486 1656 569 1707 es‘t
611 1656 837 1720 vulgaris
897 1655 1074 1705 lectio.
1139 1654 1556 1717 Argumentatur

488 1734 692 1784 Plinius
725 1747 757 1781 a
790 1732 975 1782 minori
1013 1732 1077 1781 ad
1108 1733 1306 1795 majus:
1362 1733 1418 1782 Si
1444 1734 1554 1783 uni·

487 1825 606 1860 cum
628 1809 884 1859 duntaxat
906 1809 1061 1858 tertio
1078 1810 1339 1858 consulem
1363 1809 1414 1858 in
1431 1824 1552 1860 eun·

485 1888 605 1937 dem
629 1902 819 1937 annum
843 1889 1112 1937 consulatu
1136 1886 1555 1954 condecorasses,

436 1979 443 1983 ·
475 1972 543 2014 et
568 1965 662 2014 tibi
683 1965 737 2014 in
761 1972 854 2013 tuo
869 1964 1027 2012 tertio
1046 1964 1317 2013 consulatu
1338 1964 1556 2028 adjunx-

486 2042 617 2092 isses
632 2041 884 2102 collegam
900 2055 918 2101 ;
942 2041 1053 2105 jam
1074 2041 1242 2101 magni
1260 2040 1415 2090 animi
1437 2056 1551 2104 spe·

485 2118 656 2166 cimen
704 2116 910 2166 dedisse
955 2115 1330 2166 existimandus
1375 2133 1553 2169 esses:

486 2194 634 2257 quid,
655 2193 805 2258 quod
838 2193 965 2243 dnos
1006 2193 1162 2243 tertio
1188 2196 1427 2245 consules
1451 2210 1556 2246 uno

482 2270 537 2320 in
557 2284 692 2320 anno
709 2270 939 2334 collegas
952 2270 1249 2320 adscivisti?
1286 2270 1555 2335 *Interiec-

485 2352 543 2395 ts,
561 2345 736 2407 verba,
751 2359 918 2409 usque
941 2345 1006 2395 ad
1024 2346 1158 2402 liaec,
1186 2346 1202 2373 ‘
1223 2347 1309 2411 qui
1327 2348 1556 2410 capienti

485 2421 685 2486 dedit,'
731 2422 932 2472 Plinius
970 2422 1115 2486 quasi
1151 2437 1244 2486 per
1279 2419 1558 2486 παρένθεσιν

484 2500 639 2551 dixit.
704 2501 812 2550 Cur
846 2514 970 2550 vero
1003 2500 1230 2565 ingentis
1256 2501 1412 2550 animi
1434 2517 1553 2565 spe·

481 2578 655 2627 cimen
687 2577 993 2640 habebatur,
1017 2578 1058 2627 si
1092 2578 1334 2641 princeps
1357 2593 1420 2627 ex
1448 2579 1553 2642 pri-

483 2657 621 2706 vatis
645 2657 744 2706 sibi
759 2658 1013 2721 collegam
1031 2655 1349 2713 adsumeret,
1366 2664 1422 2705 et
1441 2657 1553 2721 qui·

483 2734 603 2784 dem
629 2735 679 2784 in
696 2735 962 2785 consulatu
985 2734 1123 2798 paris
1146 2734 1381 2784 numeri?
1415 2734 1554 2786 Quia

482 2824 691 2874 nempe,
711 2819 869 2875 prout
902 2811 1180 2860 Salmasius
1204 2810 1265 2859 ad
1291 2811 1553 2874 Spartian-

483 2887 536 2935 in
561 2886 852 2951 Hadriano,
874 2902 991 2950 cap.
1015 2890 1064 2934 8.
1077 2886 1338 2950 ostendit,
1361 2887 1426 2936 de
1447 2886 1553 2936 fas-

485 2962 617 3026 tigio
660 2977 755 3013 suo
799 2962 1125 3013 descendere
1168 2961 1553 3027 quodammodo

482 3039 883 3090 existimabatur
896 3040 1263 3102 imperator,et
1278 3041 1327 3088 in
1344 3055 1550 3105 aequum

484 3117 663 3166 venire
696 3131 809 3166 cum
834 3116 1076 3180 privatis,
1106 3117 1227 3165 dum
1252 3130 1367 3166 eum
1391 3119 1552 3167 hono·

391 3236 400 3243 ,
483 3205 591 3241 rem
615 3207 715 3242 non
749 3193 907 3255 solus,
929 3192 1020 3242 sed
1059 3208 1178 3243 cum
1202 3196 1383 3253 altero,
1406 3208 1550 3258 gere·

483 3273 588 3317 ret.
618 3267 859 3319 Schworz.

553 3346 767 3395 Eundem
786 3345 839 3395 in
862 3347 1061 3410 annum]
1094 3348 1215 3398 Non
1234 3348 1392 3397 etiam
1408 3361 1552 3398 men·

479 3437 588 3484 ses,
611 3423 748 3489 qnod
771 3420 962 3473 fecisti.
994 3425 1129 3489 Lips.

551 3501 796 3557 Quantum
815 3500 953 3565 velis]
987 3501 1140 3553 Quod
1180 3501 1403 3566 principi
1427 3516 1551 3552 eve·

482 3576 591 3626 nit:
626 3575 716 3642 qui
738 3577 953 3640 Jupiter
975 3578 1108 3626 alter
1138 3578 1190 3626 in
1218 3578 1387 3628 terris.
1456 3578 1549 3627 Se·

482 3667 612 3703 neca
628 3654 679 3703 in
708 3667 932 3718 persona
950 3655 1093 3718 ejus:
1130 3655 1147 3683 ‘
1171 3655 1390 3706 Qualem
1409 3656 1548 3720 quis-

484 3744 585 3792 que
609 3737 800 3781 sortem
822 3737 1120 3796 statumque
1136 3732 1409 3793 habeat‚in
1436 3747 1549 3782 mea

482 3822 637 3857 mann
664 3809 885 3871 positum
911 3814 1021 3858 est:
1060 3809 1184 3870 quid
1205 3809 1390 3873 cuique
1414 3823 1550 3859 mor-

484 3885 662 3933 talium
698 3885 927 3934 Fortuna
949 3885 1125 3934 datum
1153 3885 1298 3943 velit,
1321 3900 1437 3935 meo
1460 3900 1552 3937 ore

482 3961 825 4024 pronunciat.’
857 3963 1010 4011 Idem.

548 4038 811 4086 Praeminm
823 4037 971 4101 cepit]
994 4036 1247 4102 Equidem
1265 4037 1413 4099 alias,
1431 4043 1445 4066 ‘
1464 4053 1549 4087 ca·

483 4114 639 4175 pere'
670 4115 1042 4176 magistratum,
1072 4115 1309 4173 honores,
1340 4115 1551 4178 pecuni-

482 4202 558 4244 as,
580 4186 823 4250 fructum,
847 4196 904 4238 et
935 4189 1143 4250 similia,
1178 4204 1321 4252 saepe
1355 4191 1548 4254 simpli·

485 4266 637 4330 citer,
660 4271 717 4315 et
743 4265 853 4315 sine
885 4273 1128 4328 respectu
1154 4265 1425 4329 dignitatis
1461 4268 1550 4317 vel

1182 357 1404 406 No'rAE
1452 356 1546 407 vA
1562 356 1863 408 Rtolwst
1916 354 2001 407 m

1634 498 1966 562 capacitatis,
2028 497 2227 549 dicitur
2280 512 2376 562 pro
2433 496 2702 562 accipere,

1632 578 1897 640 consequi.
1953 574 2257 638 impetrare.
2335 575 2422 624 Sic
2479 576 2702 625 Sueton.

1632 652 1762 703 Ner.
1796 667 1914 716 cap.
1947 656 2032 702 44.
2077 653 2093 680 ‘
2118 650 2162 701 A
2201 650 2528 701 delatoribus
2552 667 2700 701 revo-

1629 728 1797 778 canda
1816 729 2047 792 praemia,
2065 742 2385 793 quecunque
2401 728 2705 793 cepissent!

1631 804 1791 854 Ovid.
1822 820 1886 854 ex
1916 805 2087 855 Ponto
2122 819 2210 855 nt.
2242 808 2291 855 3.
2312 810 2397 856 43.
2431 813 2447 836 ·
2475 806 2704 855 Praemia

1630 897 1726 933 nec
1772 883 1963 933 Chiron
2005 882 2073 933 ab
2117 881 2306 933 Achilli
2341 883 2475 932 talia
2522 881 2705 946 cepit!

1627 960 1733 1010 Sed
1759 961 1855 1009 hoc
1877 962 1993 1010 loco
2019 960 2225 1024 Lipsius
2244 959 2459 1010 'verbum
2478 960 2604 1024 cepit
2629 960 2704 1008 in·

1626 1043 1976 1101 terpretatur,
2000 1043 2015 1066 ‘
2030 1051 2196 1101 capax
2215 1038 2413 1101 praemii
2436 1045 2495 1087 et
2518 1039 2703 1101 dignus

1628 1111 1767 1164 fuit)
1835 1114 2007 1164 Etiam
2043 1114 2304 1164 Baudius:
2339 1115 2354 1144 ‘
2381 1114 2548 1177 Cepit,
2585 1115 2619 1162 i.
2656 1129 2706 1164 e.

1630 1204 1796 1253 capax
1839 1189 1972 1251 fuit3
2028 1205 2146 1241 nam
2178 1190 2487 1256 simpliciter
2531 1205 2704 1249 nemo,

1633 1273 1876 1332 tanquam
1941 1282 2156 1333 magnus
2210 1267 2708 1332 memorandusque‚

1630 1343 1917 1393 laudandus
1939 1345 2007 1395 ob
2029 1347 2248 1395 honores
2273 1351 2524 1408 acceptos
2546 1361 2563 1404 ς
2585 1344 2707 1409 quia

1629 1435 1772 1484 sepe
1805 1422 1972 1484 gratia
2007 1421 2327 1486 aequitatem,
2346 1420 2572 1471 ambitio
2607 1422 2711 1470 vir-

1632 1506 1819 1561 tutem,
1860 1499 2061 1551 vincit?
2127 1498 2283 1549 Adde
2323 1500 2424 1564 his,
2470 1500 2707 1550 Plinium

1622 1575 1735 1639 jam
1760 1587 1860 1624 non
1883 1575 2094 1639 dixisse,
2113 1575 2425 1626 laudandum
2448 1583 2509 1625 et
2540 1577 2710 1638 illum,

1630 1652 1720 1716 qui
1772 1653 1982 1702 tertium
2026 1652 2351 1703 consulatum
2401 1653 2711 1717 acceperit3

1630 1727 1744 1789 sed,
1768 1728 1856 1792 qui
1880 1729 2127 1778 meruerit
2145 1743 2158 1775 ε
2195 1729 2411 1792 curjam
2427 1742 2551 1777 enm
2567 1743 2709 1792 mag-

1629 1819 1751 1853 num
1788 1805 2275 1870 memorandumque
2312 1808 2574 1869 appellet,
2616 1806 2708 1870 qni

1629 1893 1732 1928 non
1764 1880 1859 1929 nisi
1897 1881 2163 1945 acceperit
2198 1884 2525 1932 consulatum
2558 1883 2711 1937 terti-

1630 1957 1753 2006 um?
1807 1958 2250 2009 verisimillimum
2297 1959 2462 2022 igitur
2506 1967 2609 2016 est,
2651 1961 2706 2013 in

1632 2033 1790 2082 verbo
1816 2034 1944 2097 cepit
1981 2036 2226 2100 majorem
2267 2034 2478 2099 ἔμφασιν
2518 2038 2707 2089 latere.

1629 2111 1644 2140 ‘
1667 2110 1902 2175 Capere’
1939 2127 2066 2176 ergo
2090 2115 2106 2142 ‘
2134 2114 2443 2176 premium?
2463 2115 2566 2164 hoc
2590 2115 2706 2165 loco

1629 2195 1794 2247 notat,
1818 2189 2030 2252 dignum
2050 2197 2107 2241 et
2131 2191 2373 2241 idoneum
2391 2205 2511 2241 esse
2530 2191 2596 2241 ad
2617 2206 2703 2242 ac·-

1630 2268 1928 2331 cipiendum
1965 2269 2261 2330 premium,
2285 2269 2505 2334 alicujus
2545 2268 2704 2323 bene·

1627 2345 1748 2396 ficia
1784 2355 1839 2396 et
1875 2348 2094 2410 praemia
2124 2348 2384 2398 sustinere
2407 2363 2597 2412 posse,
2621 2350 2707 2403 iis-

1628 2439 1729 2488 que
1752 2438 1928 2489 parem
1969 2439 2104 2475 esse.
2173 2424 2337 2489 Cujus
2359 2426 2590 2475 notionis
2613 2440 2703 2481 ex-

1609 2503 1800 2566 empla
1835 2502 2072 2567 quasdam
2097 2503 2207 2567 jam
2244 2517 2428 2566 snpra,
2448 2502 2519 2553 ad
2551 2517 2705 2567 xus.

1627 2585 1676 2630 5.
1697 2579 1960 2630 annotavi.
2026 2579 2275 2631 Similiter
2310 2585 2368 2630 et
2403 2580 2518 2630 Cic.
2553 2581 2702 2635 Fam.

1627 2670 1691 2707 n.
1725 2660 1776 2706 6.
1817 2656 2145 2718 distinguere
2169 2657 2379 2706 videtur
2401 2656 2547 2706 inter
2580 2659 2596 2686 ⁸
2617 2671 2706 2709 ac·

1627 2731 1915 2796 cipere’-et
1953 2731 1968 2761 ‘
1993 2731 2223 2797 capere.’
2286 2732 2518 2797 ‘Neque
2566 2734 2703 2783 enim

1627 2824 1737 2858 sum
1782 2807 2017 2873 veritus,'
2056 2809 2239 2874 inquit,
2283 2810 2299 2837 ‘
2334 2822 2401 2860 ne
2442 2811 2706 2859 sustinere

1627 2892 1716 2935 tua
1739 2886 1790 2935 in
1815 2901 1898 2935 me
1923 2887 2004 2935 vel
2029 2884 2425 2937 innumerabilia
2440 2884 2706 2939 beneficia

1627 2978 1729 3013 non
1769 2977 2016 3026 possem3
2049 2977 2168 3012 cum
2209 2963 2505 3027 presertim
2542 2962 2705 3014 couti·

1626 3038 1824 3101 derem,
1859 3039 2052 3089 nullam
2089 3053 2207 3088 esse
2236 3039 2499 3104 gratiam,
2546 3053 2706 3105 qnam

1627 3129 1728 3164 non
1756 3115 1838 3163 vel
1868 3128 2062 3178 capere
2096 3115 2294 3164 animus
2326 3130 2475 3169 meus
2513 3117 2710 3181 accipi·

1627 3190 1782 3253 endo,
1822 3191 1906 3240 vel
1946 3190 2328 3241 remunerando
2362 3193 2708 3247 cumulando·

1627 3282 1726 3331 que
1764 3269 2026 3317 illustrare
2063 3266 2280 3332 posset!
2346 3269 2469 3318 Hoc
2500 3274 2606 3335 est,
2640 3284 2708 3321 ex

1625 3336 1852 3395 Manutii
1871 3345 2309 3408 interpretatione
2327 3359 2343 3396 ε
2383 3346 2512 3396 Non
2526 3346 2605 3397 ita
2619 3361 2710 3396 an*

1628 3427 1780 3483 gusto
1803 3420 1973 3469 animo
1994 3434 2126 3482 sum,
2151 3428 2210 3472 ut
2234 3422 2315 3472 vel
2331 3424 2709 3486 amplissimam

1626 3498 1848 3562 gratiam
1915 3512 2109 3562 capere
2165 3513 2270 3549 non
2332 3502 2552 3565 possim,
2610 3506 2712 3567 ὄις.
2802 3504 2809 3513 “

1627 3576 1882 3627 Quinctil.
1906 3577 2142 3629 Declam.
2167 3581 2286 3627 ³81.
2316 3578 2333 3604 ‘
2359 3578 2484 3628 Non
2509 3587 2592 3630 est
2616 3580 2711 3633 hu·

1627 3652 1763 3702 milis
1801 3652 2054 3715 pectoris,
2093 3653 2394 3703 libertatem
2440 3656 2710 3718 publicam

1626 3744 1836 3793 capere.
1842 3728 1857 3751 ’
1926 3729 2025 3780 Ubi
2049 3730 2406 3781 Burmannus:
2444 3731 2566 3783 Le.
2590 3747 2710 3782 sen-

1624 3807 1728 3861 tire
1751 3816 1805 3858 et
1826 3808 2142 3870 intelligere,
2167 3810 2528 3873 quantipretii
2546 3810 2709 3863 liber·

1629 3888 1710 3932 tas
1735 3884 1824 3932 sit.
1872 3883 2074 3933 Seneca
2102 3883 2316 3935 Hercul.
2339 3884 2463 3933 For.
2480 3900 2568 3935 vs.
2591 3889 2708 3936 412.

1629 3959 1799 4010 ‘Hoc
1836 3959 2003 4022 ipsum
2049 3960 2241 4023 placet,
2286 3960 2482 4011 Animo
2520 3962 2713 4017 ruinas'

1628 4035 1765 4100 qnod
1790 4035 1935 4099 capis
1960 4049 2149 4098 magno
2170 4034 2324 4086 tuas?
2372 4035 2514 4086 Vide
2536 4038 2706 4088 Heio.-

1626 4113 1758 4162 sium
1776 4112 1841 4160 ad
1868 4112 2026 4162 ovid.
2053 4109 2273 4162 Remed.
2301 4127 2370 4163 vs.
2392 4117 2514 4164 392.
2549 4114 2707 4178 Equie

1627 4188 1746 4237 dem
1771 4189 2156 4252 Berneggerus,
2185 4204 2216 4238 a
2239 4189 2404 4252 Lipsii
2427 4191 2706 4254 explicati·

1621 4279 1727 4328 ,pne
1759 4265 1956 4324 abiens,
1993 4264 2226 4319 addidit:
2263 4266 2464 4318 -Malim
2503 4268 2588 4320 bic
2628 4269 2704 4321 ias·
