3017 4942
742 435 807 483 c.
858 432 1105 483 ruffin
1153 429 1505 483 saeuum·
1539 430 1816 481 nune.
1894 416 2080 482 ι.83.

306 579 470 631 vertit
504 593 562 629 se
584 576 651 629 ad
681 578 953 643 populum,
986 579 1097 643 jam
1136 582 1283 627 stans
1311 577 1374 626 in

308 654 593 722 gradibus:
650 654 743 705 Kal
760 652 981 716 πισός-«η,
1014 655 1200 718 inquit,
1238 653 1378 717 δεῦρο

305 732 603 797 εἰσέρχομαι,
625 729 790 796 οἷάπερ
807 730 884 780 καὶ
906 730 1116 794 ἐξελθεῖν
1135 729 1198 780 δν
1215 729 1379 792 εὖχοί-

304 828 418 872 pnr-
466 810 602 861 Talis
627 810 718 859 hnc
736 809 1000 872 medior,
1019 809 1204 871 qualem
1222 812 1270 857 et
1290 821 1375 856 ex-

303 888 382 936 s're
399 900 476 936 me
491 886 776 950 ορωυενίικ.
845 884 1062 935 Liberos
1084 899 1185 933 non
1211 896 1376 948 pepe·

310 965 381 1013 rit
401 964 599 1026 optimo
624 962 755 1017 viro,
775 961 870 1010 sed
893 959 1088 1011 fautrix
1104 960 1376 1010 Hadriano

310 1040 377 1090 ad
402 1039 672 1104 imperium
695 1037 816 1099 fuit,
831 1036 1091 1102 condigno
1113 1037 1236 1087 item
1260 1050 1376 1087 suc·

310 1120 522 1169 cessuri.
611 1118 668 1167 Is
707 1132 821 1168 eam
861 1118 1214 1180 consecravit,
1256 1123 1376 1180 post

311 1198 558 1246 maritum
587 1202 863 1252 mortuam,
883 1201 940 1244 et
961 1193 1223 1243 basilicam
1248 1194 1378 1243 miro

312 1284 498 1337 opere,
536 1271 787 1323 Nemausi
830 1272 884 1321 in
926 1272 1222 1322 memoriam
1263 1270 1377 1336 ejus

314 1349 523 1399 struxit.
546 1348 680 1412 [ἐρα.

321 1438 328 1445 ·
386 1426 548 1489 Uxor]
587 1426 820 1492 Plotina,
849 1426 918 1477 de
948 1438 1051 1491 qua
1094 1424 1214 1476 vide
1252 1424 1377 1475 Dio·

313 1512 451 1552 nem.
475 1500 699 1552 Pater-ol.

381 1582 572 1638 Nonae,
595 1581 641 1630 si
673 1578 894 1645 pontiflci
927 1578 1160 1644 maximo]
1194 1579 1379 1631 Qualis

312 1658 426 1722 ipse
455 1656 739 1721 Trajanns,
771 1665 828 1706 et
862 1671 1041 1706 omnes
1082 1657 1317 1708 Caesares
1351 1669 1382 1704 a

311 1734 460 1786 sntio
480 1732 704 1785 fuerunt.
771 1732 845 1784 At
868 1748 1058 1784 uxores
1079 1748 1258 1785 eorum
1282 1744 1381 1784 nec

314 1816 480 1860 castae·
498 1820 727 1872 semper,'
746 1822 844 1858 nee
880 1810 1020 1859 inter
1042 1809 1268 1875 probas:
1304 1816 1382 1859 at·

314 1899 416 1952 que
436 1885 569 1935 edeo
607 1885 785 1935 nescio
807 1898 870 1935 an
910 1886 1053 1950 leges
1089 1886 1280 1951 aliquae
1316 1886 1383 1937 de

315 1961 580 2027 pontificis
617 1967 750 2012 toro.
833 1963 975 2025 Scio,
1006 1964 1383 2014 Tertullianum

315 2040 423 2089 tale
440 2039 784 2101 scribere,bis
803 2047 1006 2105 terque,
1025 2040 1118 2091 sed
1135 2041 1227 2090 viri
1244 2039 1387 2091 docti

317 2115 385 2165 de
406 2115 426 2151 ⁴
447 2113 661 2165 flanrine
682 2113 698 2137 ’
717 2123 862 2166 recte
887 2117 1226 2181 interpretati
1248 2124 1385 2177 sunt,

314 2202 467 2257 quem
492 2192 578 2241 ille
594 2197 612 2222 ⁸
630 2191 925 2255 pontificem
961 2195 1241 2244 maximnm
1259 2194 1275 2218 ’
1296 2209 1386 2259 ap·

316 2269 499 2332 pellat.
564 2267 638 2318 At
672 2269 871 2319 curiose
906 2269 1019 2319 baec
1046 2284 1148 2320 nou
1170 2285 1386 2336 qnoeroz

316 2352 548 2396 mentem
573 2342 738 2392 Plinii
761 2343 1010 2407 arbitror,
1046 2345 1103 2394 si
1132 2344 1391 2409 pontifici,

315 2432 415 2484 pro
457 2434 732 2471 sacrorum
776 2422 1088 2480 reverentia,
1132 2421 1391 2486 condigna

316 2513 453 2550 uxor
494 2501 722 2566 legenda
770 2502 858 2567 sit,
905 2503 1044 2570 lianc
1080 2502 1220 2552 illam
1256 2500 1391 2552 fore.

318 2576 461 2641 Lips-

329 2676 336 2688 -·
389 2654 581 2719 Nonne,
600 2653 647 2703 si
673 2653 891 2719 pontifici
909 2655 1143 2719 mxime]
1168 2654 1242 2704 At
1262 2668 1386 2704 non-

319 2744 387 2780 ne
406 2731 749 2795 et'Trajanus
773 2731 933 2781 Pont.
950 2731 1102 2781 Max.
1121 2729 1258 2780 fuit?
1279 2743 1389 2781 cer·

321 2813 379 2857 te
413 2806 546 2857 faits
601 2807 696 2857 sed
734 2813 913 2871 postea
951 2807 1162 2857 demum
1200 2806 1390 2872 factus,

320 2894 441 2933 eum
456 2884 568 2947 jam
592 2889 736 2933 esset
759 2884 995 2933 maritus.
1020 2883 1260 2934 Rittersla.

388 2959 619 3024 Pontifici
634 2957 870 3022 maximo]
884 2960 970 3009 De
987 2958 1236 3024 pontifice
1248 2972 1389 3008 max-

323 3037 428 3086 imo
453 3036 564 3100 jam
590 3049 763 3101 supra,
787 3037 850 3085 ad
875 3046 1031 3085 mxiv.
1064 3041 1115 3086 2.
1134 3050 1235 3085 non
1264 3037 1392 3086 nihil

325 3112 591 3163 annotavi.
658 3112 761 3162 Hic
784 3112 930 3162 locus
968 3127 1070 3161 non
1105 3126 1285 3176 parurn
1309 3127 1392 3163 me

321 3191 581 3241 solicitum
604 3190 783 3248 habet,
802 3191 895 3253 ita,
919 3196 978 3239 ut
998 3191 1261 3254 vulgatam
1286 3191 1391 3240 lec·

323 3268 521 3317 tionem
556 3268 818 3316 extricare
845 3266 1091 3316 nesciam.
1158 3267 1391 3316 Primum

323 3343 461 3393 enim
500 3343 705 3393 Plinius
741 3343 819 3393 ita
851 3344 1084 3408 loquitur
1117 3341 1185 3393 de
1220 3344 1395 3409 ponti·

324 3421 428 3471 fiee
452 3422 691 3477 maxime,
716 3428 775 3471 ut
803 3436 906 3471 non
942 3421 1198 3485 cogitasse
1220 3420 1395 3470 videa-

325 3499 613 3563 tur-,ipsum
625 3499 901 3564 'trajanum
918 3497 1074 3548 fuisse
1098 3497 1393 3562 pontificem

324 3577 626 3637 maximum,
656 3575 794 3640 quod
831 3581 1003 3624 tamen
1042 3581 1124 3623 est
1169 3573 1397 3624 certissi-

325 3665 502 3715 mnm3
545 3657 602 3702 et
638 3653 750 3717 ipse
788 3650 991 3701 Plinius
1024 3664 1140 3700 eum
1166 3649 1278 3714 jam
1313 3664 1396 3698 su·

328 3742 443 3795 pra,
465 3729 583 3779 loco
606 3728 788 3792 citato,
812 3734 969 3794 atque
993 3725 1151 3790 infra,
1177 3740 1330 3778 xclv.
1348 3730 1398 3775 6.

327 3806 539 3855 vocavit
583 3804 880 3869 pontificem
920 3804 1215 3854 maximum.
1280 3805 1398 3854 Nec

327 3879 589 3931 satisfacit
635 3881 755 3931 huic
807 3880 963 3930 dnbio
1020 3878 1397 3930 Rittershusius

328 3963 523 4014 noster,
546 3957 633 4023 qni
672 3965 869 4022 monet,
888 3957 1173 4022 Trajanum
1212 3963 1399 4022 postea

329 4035 535 4085 demum
571 4033 768 4085 factum
796 4034 1116 4099 pontificem,
1144 4049 1260 4085 cum
1284 4034 1397 4099 jam

329 4118 471 4162 esset
491 4112 727 4161 maritus.
792 4110 1049 4175 Trajanus
1074 4110 1257 4175 utique
1284 4111 1397 4175 jam

329 4194 444 4239 erat
489 4194 545 4238 et
586 4189 827 4251 maritus,
861 4196 916 4237 et
954 4186 1196 4252 pontifex
1233 4187 1396 4237 maxi·

328 4277 477 4324 mus;
532 4274 650 4313 cum
696 4264 898 4326 statim,
940 4270 1146 4314 mortuo
1197 4263 1397 4325 Nerva,

329 4338 645 4404 suscepisset
688 4339 1052 4405 pontificatum
1101 4339 1399 4392 maximum.

460 4420 639 4489 Delph.
659 4426 707 4474 et
734 4420 853 4475 Var.
873 4421 1004 4471 Clas.

1281 4421 1475 4485 Panes.
1503 4422 1617 4474 Vel.

2338 418 2514 484 1025

1449 575 1722 631 Quaeritur
1746 574 1925 638 igitur,
1941 586 2006 625 an
2040 588 2142 631 aon
2165 579 2292 639 tunc
2309 574 2512 628 Plinius

1448 653 1586 705 bunc
1609 652 1829 703 fortasse
1850 653 1905 702 in
1919 652 2126 703 modum
2149 653 2288 718 loqui
2311 653 2515 704 debuis-

1448 736 1531 780 set
1557 745 1572 778 ε
1620 728 1890 791 Nonne,si
1906 727 2002 779 tibi
2018 734 2263 793 tanquam
2280 728 2517 794 pontifici

1448 806 1694 867 maxime,
1716 804 1961 871 eiigenda
1981 804 2169 855 fuisset
2191 806 2402 870 conjux,
2424 807 2518 856 uli-
2571 866 2575 870 ⁵

1450 896 1555 948 qua
1568 882 1748 933 similis
1763 883 1887 946 eligi
1902 882 2200 946 potuisset?
2223 881 2428 933 Deinde
2449 896 2518 934 ex

1450 963 1604 1012 nullis
1627 962 1784 1012 certis
1806 968 2042 1012 veterum
2065 961 2378 1011 testimoniis
2397 974 2522 1011 con·

1450 1046 1574 1095 stat,
1598 1038 1779 1088 sivein
1803 1038 2070 1103 republica
2092 1039 2274 1104 libera,
2293 1039 2400 1089 sive
2423 1038 2521 1089 snb

1451 1119 1874 1183 imperatoribus,
1910 1116 2200 1183 peculiares
2234 1120 2376 1183 leges
2415 1134 2523 1169 ma·

1453 1197 1773 1248 trimoniaies
1798 1199 1878 1247 vel
1904 1197 2001 1261 ipsi
2029 1196 2266 1262 pontifici
2286 1198 2527 1260 maximo,

1453 1276 1537 1325 vel
1563 1275 1676 1340 ejus
1694 1275 1862 1331 uxori,
1878 1274 2211 1338 praescriptas
2233 1273 2412 1325 fuisse.
2434 1274 2524 1324 ·Ea

1455 1352 1612 1408 enim,
1636 1366 1755 1417 quae
1796 1366 1862 1402 ex
1886 1351 2211 1401 Tertulliano
2232 1348 2409 1401 afferri
2443 1366 2525 1402 so-

1455 1430 1587 1485 lent,
1603 1426 1740 1478 infra
1756 1428 2043 1479 excutiam·
2074 1428 2136 1477 Id
2154 1430 2526 1477 verosatisma·

1455 1503 1700 1554 nifestum
1727 1511 1826 1570 est,
1849 1507 1865 1533 ‘
1883 1502 2143 1555 flaminem
2163 1504 2413 1568 Dialem,’
2434 1505 2526 1554 bu·

1447 1581 1640 1646 jusque
1665 1584 1905 1639 tiatorem,¹
1921 1580 2081 1631 certis
2108 1579 2205 1630 tori
2222 1580 2421 1644 legibus
2443 1577 2524 1629 fu·

1457 1659 1560 1708 isse
1586 1659 1888 1710 obstrictos.
1952 1657 2107 1708 Unde
2125 1658 2357 1719 cogitare
2374 1655 2528 1721 coepi,

1457 1735 1688 1787 Plinium
1724 1736 2013 1799 scripsisse,
2045 1734 2244 1800 flentini
2285 1733 2530 1792 mxime,-

1459 1817 1517 1863 at
1533 1812 1645 1877 jam
1669 1813 1789 1862 olim
1816 1811 2057 1862 librarios
2101 1811 2405 1860 vocabulum
2430 1810 2530 1859 sibi

1460 1891 1654 1947 notius,
1670 1894 1747 1951 et,
1766 1894 1825 1937 ut
1843 1886 2067 1937 fortasse
2086 1892 2356 1951 putarunt,
2377 1899 2530 1935 vene·

1458 1966 1692 2027 rabiiius,
1746 1964 2094 2029 substituisse,
2161 1961 2531 2022 rescribentes,

1456 2043 1675 2109 pontifici
1713 2040 1939 2091 maximo.
2003 2041 2219 2091 Scilicet
2259 2038 2396 2103 apud
2428 2038 2552 2095 Re·>

1458 2130 1639 2168 manos
1663 2124 1814 2167 erant
1837 2116 1969 2166 certi
1986 2114 2309 2172 sacerdotes,
2331 2114 2416 2178 qui
2442 2129 2532 2176 ap-

1461 2194 1795 2258 pellabantur
1815 2191 1832 2221 ‘
1854 2189 2127 2255 flamines,’
2150 2189 2296 2256 quasi
2318 2197 2334 2220 ⁸
2352 2189 2534 2240 filami-

1462 2284 1558 2320 nes
1577 2269 1592 2293 ’
1613 2269 1760 2326 dicti,
1785 2269 1943 2334 quod,
1966 2282 2083 2319 eum
2105 2268 2227 2331 ipsis
2245 2268 2419 2330 capite
2439 2280 2535 2316 nn·

1463 2349 1532 2398 do
1555 2347 1607 2397 in
1629 2348 1893 2412 pubiicum
1918 2346 2127 2409 prodire
2150 2343 2231 2394 fas
2251 2359 2353 2394 non
2377 2351 2534 2401 esset,

1466 2425 1667 2489 apicem
1693 2436 1826 2489 pone
1852 2422 2187 2486 regerebant,
2217 2429 2272 2472 et
2306 2422 2324 2450 ‘
2339 2421 2426 2471 filo
2448 2436 2536 2471 ve·

1465 2500 1560 2551 lati
1579 2499 1594 2522 ’
1618 2496 1951 2550 incedebant.
1997 2499 2015 2527 ‘
2033 2498 2204 2547 Filnm
2221 2498 2237 2520 ’
2259 2503 2435 2548 autem
2459 2499 2536 2547 di-

1464 2577 1684 2629 cebatur
1718 2578 1735 2606 ‘
1753 2578 1987 2627 velamen
2014 2575 2393 2637 lansr‚’;indice
2418 2575 2535 2625 Liv.

1466 2671 1506 2706 1.
1530 2660 1614 2706 32.
1650 2654 1797 2705 Pone
1821 2653 1956 2704 enim
1977 2652 2292 2716 regerebant
2316 2652 2538 2717 apicem,

1465 2733 1576 2784 sive
1602 2733 1854 2796 galerum,
1876 2734 1955 2780 ne·
1968 2730 2138 2796 gravis
2163 2737 2304 2779 esset
2327 2729 2539 2779 summis

1466 2810 1665 2860 aestatis
1680 2807 1959 2859 caloribus.
2027 2806 2167 2857 Vide
2181 2806 2216 2858 J
2221 2807 2400 2870 oseph.
2415 2806 2538 2856 Sca-

1464 2886 1616 2950 liger.
1655 2885 1720 2934 ad
1761 2885 1993 2940 Festum,
2032 2882 2128 2932 sub
2158 2896 2289 2932 vace
2324 2882 2341 2910 ‘
2357 2884 2539 2947 epicn-

1466 2962 1611 3011 ium!
1674 2961 1852 3011 Taceo
1875 2973 2015 3008 nunc
2031 2958 2158 3008 alias
2179 2958 2554 3022 etymologias.-

1467 3038 1634 3088 Sieuti
1677 3051 1801 3089 vero
1846 3036 2142 3102 pontifices,
2195 3035 2386 3101 aliique
2435 3049 2540 3085 non

1469 3116 1623 3182 pauci
1649 3129 1911 3166 sacrorum
1932 3113 2168 3171 ministri,
2199 3120 2349 3164 erant
2379 3114 2543 3162 omni·

1467 3208 1555 3244 nm
1593 3194 1828 3243 Deorum
1878 3193 2192 3250 sacerdotes,
2236 3205 2409 3256 neque
2454 3189 2542 3240 nni

1467 3278 1617 3322 certo
1632 3271 1830 3321 numini
1854 3269 2047 3321 addicti
2067 3286 2083 3332 3
2119 3270 2208 3327 ita,
2231 3275 2428 3335 praeter
2451 3267 2542 3317 ali·

1470 3345 1863 3410 os,‘flamines’
1889 3344 2095 3411 plurimi
2120 3361 2222 3396 nou
2255 3345 2354 3395 nisi
2389 3345 2541 3395 nnius

1472 3424 1606 3474 certi
1632 3424 1737 3473 Dei
1762 3437 1915 3473 sacra
1938 3429 2219 3473 curarunt.·
2245 3421 2316 3472 Hi
2341 3421 2543 3472 divide·

1473 3501 1665 3551 bantur
1683 3501 1737 3550 in
1759 3501 1775 3528 ⁸
1790 3497 2025 3549 flamines
2049 3496 2309 3562 majores‚’
2333 3503 2387 3546 et
2419 3497 2544 3546 ‘mi-

1474 3575 1664 3626 nores.’
1723 3574 2062 3639 ‘Majorum,'
2094 3577 2273 3638 quiex
2309 3573 2542 3638 patriciis

1476 3650 1841 3716 capiebantur,
1881 3666 1982 3701 non
2042 3652 2144 3700 nisi
2199 3658 2306 3701 tres
2352 3655 2500 3700 erant
2523 3666 2538 3701 ε

1472 3733 1490 3759 0
1507 3725 1700 3777 flamen
1737 3726 1918 3788 Dialis,
1957 3726 2236 3790 Martialis,
2273 3733 2329 3776 et
2368 3724 2545 3779 Quiri·

1473 3803 1643 3855 nalis!
1711 3809 1726 3834 ¹
1747 3804 1963 3854 Flamen
1998 3800 2203 3860 Dialis,’
2239 3802 2383 3867 quasi
2421 3801 2543 3852 ‘Jo-

1473 3878 1707 3943 vialis‚’a
1721 3880 1850 3944 Dio,
1868 3877 1963 3929 &vrb
1972 3879 2062 3929 τοῦ
2073 3878 2204 3939 Acon
2219 3878 2412 3942 dictus,
2430 3884 2544 3927 erat

1472 3957 1626 4009 Jovis
1650 3955 1913 4008 sacerdos.
1980 3955 2128 4005 Livio
2163 3954 2300 4005 enim
2325 3959 2480 4010 teste,
2507 3966 2545 4002 ι.

1471 4039 1556 4085 21.
1625 4035 1801 4085 Numa
1837 4032 2097 4084 flaminem
2120 4031 2242 4083 Jovi
2279 4031 2544 4081 assiduum

1473 4111 1804 4163 sacerdotem
1837 4110 2055 4168 creavit,
2094 4108 2387 4173 insignique
2425 4120 2544 4158 eum

1474 4195 1638 4249 veste,
1659 4184 1995 4253 (praetextum)
2014 4190 2069 4236 et
2092 4184 2258 4235 curuli
2280 4183 2424 4249 regia
2445 4184 2544 4232 sel-

1472 4265 1544 4328 la,
1568 4264 1860 4315 adornavit.
1929 4262 1999 4312 Et
2011 4262 2097 4311 hic
2117 4266 2231 4311 erat
2248 4259 2265 4289 ‘
2285 4258 2550 4323 summus‚’

1472 4343 1587 4392 sive
1609 4347 1625 4372 ⁶
1641 4339 1935 4400 maximus?
1952 4340 2091 4392 iuter
2108 4352 2284 4391 omnes
2296 4336 2550 4388 flamines·

2302 4417 2416 4471 ΒΤ
