3017 4942
723 409 789 458 c.
834 407 1083 458 Pul-111
1132 408 1464 459 secutam
1517 407 1796 459 nnec.
1873 410 1924 461 1.
1953 393 2062 459 67.

292 559 389 604 est.
425 553 651 619 Primus,
672 552 893 604 nifallor
903 555 1198 620 perspexisse
1212 556 1356 606 evul-

293 631 441 693 gavit
477 630 761 694 Gryphius,
794 632 1067 692 incertum,
1093 641 1265 682 utrum
1289 647 1356 681 ex

291 707 615 769 conjectura,
655 721 722 756 an
765 722 832 756 ex
873 708 1054 758 codice
1117 709 1357 773 quodam.

294 781 454 835 Unde
478 797 659 846 parum
683 781 869 847 abfuit,
902 785 1025 849 quin
1050 783 1261 834 verbum
1281 798 1359 834 re·

287 859 521 923 speci-sse,
553 867 634 909 tot
663 860 912 910 librorum
933 861 1246 924 scriptorum
1268 874 1358 910 ex·

291 949 635 1001 casurumque
691 937 1005 988 auctoritate
1056 936 1358 1001 stabilitum,

292 1013 636 1062 restituissem
682 1013 875 1062 Plinio.
941 1013 1196 1078 Equidem
1234 1013 1252 1042 ‘
1276 1026 1358 1063 re·

291 1087 502 1152 spicere
518 1087 534 1110 '
567 1090 779 1153 proprie
808 1089 1000 1138 dicitur
1022 1096 1162 1139 retro
1186 1087 1357 1152 adspi-

288 1178 415 1214 cere
435 1180 454 1225 3
478 1180 595 1229 qum
624 1173 799 1215 autem
822 1167 965 1217 notio
986 1166 1087 1215 huc
1112 1180 1213 1215 non
1239 1180 1356 1231 per·

288 1240 448 1289 tinet.
495 1239 790 1306 Aliquando
813 1242 973 1292 etiam
993 1249 1142 1292 notat
1163 1241 1359 1306 simpli·

289 1317 427 1366 citer
459 1320 790 1382 conspicere,
811 1319 1166 1382 considerare,
1188 1325 1354 1369 atten-

289 1392 457 1455 dere;
503 1409 618 1459 quae
658 1396 799 1445 notio
842 1397 1021 1459 ntique
1064 1395 1147 1445 bic
1191 1396 1357 1445 locum

288 1469 490 1520 babere
520 1477 711 1535 potest.
778 1471 866 1521 Sic
888 1472 1042 1534 enim,
1067 1486 1132 1522 ue
1155 1471 1359 1534 longius

289 1547 500 1611 abeam,
541 1549 654 1612 ipse
684 1548 887 1598 Plinius
928 1563 1086 1614 supra
1138 1561 1277 1599 xxx.
1308 1553 1358 1598 8.

283 1622 302 1651 ⁴
320 1624 537 1674 Frustra
571 1632 697 1674 tunc
728 1625 986 1689 AEgyptus
1010 1626 1187 1675 nubila
1208 1632 1354 1688 opta·

288 1700 382 1757 vit,
405 1701 701 1766 coelumque
730 1701 1005 1765 respexit!
1069 1702 1174 1753 Ubi
1197 1701 1359 1751 Sene·

285 1789 369 1832 cs,
393 1777 525 1828 Nat.
547 1779 754 1830 Quaest.
771 1782 928 1829 111.2.
951 1793 1071 1828 cum
1092 1778 1159 1828 de
1177 1777 1357 1828 eadem

287 1870 345 1905 re
369 1857 633 1922 loquitur:
655 1864 671 1888 ‘
688 1864 837 1906 nemo
854 1857 1154 1918 aratorum‚’
1172 1856 1358 1922 inquit,

283 1938 302 1962 ‘
321 1935 512 1983 coelum
537 1932 801 1997 adspicit.'
856 1935 997 1995 Ergo
1013 1933 1032 1962 ⁴
1053 1931 1358 1997 adspicere?

238 2008 271 2045 0
284 2015 343 2059 et
358 2011 374 2038 ‘
392 2010 662 2072 respicere
678 2009 693 2032 ⁸
717 2010 784 2060 de
798 2024 900 2059 una
923 2010 1212 2075 eademque
1232 2024 1288 2060 re
1303 2016 1357 2060 et
1395 2008 1398 2015 ’

286 2085 498 2135 actione
521 2086 626 2135 dici
651 2092 844 2150 potest.
880 2085 1029 2136 Idem
1053 2087 1194 2137 Plin.
1217 2098 1362 2137 mxu.

287 2165 337 2211 9.
374 2163 553 2212 ‘Huic
582 2161 794 2228 (famae)
830 2177 1001 2227 aures,
1021 2163 1142 2212 huic
1164 2163 1361 2227 oculos,

289 2238 541 2300 intende;
591 2254 659 2289 ne
694 2240 986 2303 respexeris
1018 2240 1082 2304 (i.
1115 2253 1166 2290 e.
1193 2253 1258 2289 ne
1280 2247 1358 2289 at·

286 2315 571 2381 tenderis,)
625 2316 974 2367 clandestinas
1020 2316 1359 2366 existimatio·

287 2391 421 2443 nes.’
483 2393 634 2442 Idem
668 2394 841 2456 Epist.
877 2406 940 2442 ιι.
971 2396 1021 2441 7.
1059 2393 1208 2441 ‘Erit
1230 2406 1359 2455 ergo

291 2477 599 2532 pergratum
638 2470 782 2526 mihi,
813 2469 943 2518 lianc
974 2466 1197 2532 effigiem
1242 2467 1358 2531 ejus

287 2545 510 2597 subinde
526 2547 808 2611 respicere,
828 2547 887 2611 (i.
911 2559 960 2597 c.
977 2546 1253 2609 diligenter
1267 2545 1357 2594 ad-

288 2624 522 2687 spicere,
564 2622 942 2688 considerare,)
974 2624 1069 2673 sub
1105 2623 1204 2673 hac
1238 2623 1358 2672 sub·

287 2699 499 2762 sistere,
521 2710 718 2766 preter
740 2701 872 2751 banc
892 2699 1216 2751 commeare.’
1272 2699 1358 2750 Ita

288 2783 344 2826 et
367 2777 473 2827 alia
493 2785 612 2828 sunt
636 2777 875 2842 quedam
898 2777 1060 2826 verba
1081 2790 1199 2826 cum
1224 2790 1358 2840 prae·

287 2853 556 2916 positione
592 2853 926 2919 inseparabili
959 2868 1015 2903 re
1047 2854 1361 2918 composita,

290 2944 408 2994 quae
433 2944 535 2980 nec
569 2936 585 2959 ⁴
606 2916 786 2987 ret‘ro,’
822 2942 922 2979 nec
950 2928 1224 2984 ‘rursum,'
1245 2929 1358 2978 sive

288 3006 575 3056 reiterandi
598 3014 794 3067 actum,
812 3003 1121 3068 significant,
1135 3004 1227 3053 sed
1243 3003 1356 3053 fere

290 3083 557 3133 notionem
596 3082 905 3146 simplicium
941 3081 1202 3141 retinent3
1239 3095 1286 3130 v.
1309 3096 1358 3146 g.

284 3164 301 3189 ⁸
320 3161 582 3225 recipere,
620 3160 924 3216 resciscere,
956 3157 1225 3215 revereri,'
1255 3164 1358 3208 otc.

288 3235 355 3286 de
380 3238 572 3303 quibus
605 3252 707 3287 non
743 3238 873 3287 nihil
904 3237 1016 3286 dixi
1050 3238 1101 3286 in
1137 3237 1357 3286 Excurs.

293 3324 461 3362 xuu.
495 3313 742 3362 Schmun.

355 3388 653 3454 Inaffietatu
688 3389 867 3438 veritas
900 3387 1176 3455 verborum]
1214 3387 1359 3436 Bene

273 3462 520 3514 'Baudius
534 3482 550 3515 ς
566 3467 581 3492 ‘
594 3463 660 3514 Id
675 3473 777 3526 est,
788 3465 1013 3515 naturali
1026 3460 1359 3527 simplicitate

291 3555 584 3606 assurgens,
598 3548 746 3591 casta
757 3549 812 3592 et
834 3542 1023 3605 pudica
1040 3542 1229 3603 oratio,
1248 3542 1361 3591 sine

293 3618 626 3679 calamistris,
664 3633 815 3682 quam
850 3619 1110 3685 simulatio
1148 3620 1360 3667 vincere

297 3694 535 3756 artificio,
556 3709 658 3744 uon
681 3709 890 3759 aequare
912 3696 1246 3758 simplicitate
1270 3709 1360 3759 po-

297 3769 438 3819 test.'
493 3770 629 3821 Haec
664 3771 771 3820 ille.
826 3771 1078 3822 Quinctil.
1106 3784 1186 3821 xi.
1227 3777 1275 3821 1.
1309 3772 1360 3819 in

297 3843 428 3896 fine:
467 3848 485 3876 ‘
509 3846 826 3912 Simplicitas
857 3847 943 3896 illa
971 3857 1026 3895 et
1047 3849 1194 3896 velut
1216 3861 1361 3897 secu·

227 3988 232 3993 =
296 3920 421 3972 ritas
444 3921 759 3973 inaffectatae
778 3923 1062 3974 orationis:
1131 3924 1278 3974 Idem
1304 3938 1360 3975 x.

301 4000 348 4046 1.
389 3998 558 4050 ‘Quid
604 4014 703 4063 ego
746 4014 1143 4051 commemorem
1187 4002 1361 4051 Xeno·

299 4074 501 4135 phontis
514 4075 906 4140 jucunditatem
930 4078 1073 4126 illam
1097 4076 1362 4128 inaffecta-

302 4156 435 4213 tam;
456 4150 550 4200 sed
569 4164 723 4216 qnam
747 4153 888 4202 nulla
906 4155 1071 4218 possit
1092 4152 1362 4205 affectatio

209 4282 212 4287 ‚
287 4224 543 4294 *consequi
556 4225 597 4278 2’
649 4227 734 4278 De
754 4226 913 4278 verbo
934 4231 950 4257 ‘
971 4225 1257 4285 affectare,’
1279 4243 1361 4280 sn-

2365 392 2498 460 887

1430 570 1528 619 pra
1561 555 1627 604 ad
1667 571 1720 620 p.
1750 559 1867 607 514.
1901 571 2003 606 non
2038 556 2165 607 nibil
2199 556 2324 607 dixi.
2375 557 2500 608 Non

1430 647 1557 682 vero
1579 633 1660 682 bic
1683 632 2026 696 intelligenda
2047 640 2127 682 est
2148 634 2165 662 ‘
2181 633 2371 683 veritas
2391 648 2500 682 mo-

1430 707 1592 766 ralis,'
1621 723 1789 775 neque
1827 708 2067 773 ‘logics,’
2094 709 2185 759 sed
2212 716 2227 739 ⁸
2246 723 2499 774 gramma-

1432 785 1571 834 tica'
1607 793 1663 838 et
1695 790 1712 816 ⁴
1732 788 1988 837 rhetorica
2007 785 2042 848 ς’
2077 802 2215 852 quae,
2246 787 2298 835 ni
2327 785 2500 845 failor,

1430 864 1746 915 Germanice
1782 866 1888 916 dici
1917 872 2094 929 potest
2128 865 2208 915 die
2234 863 2500 914 natiirliclte

1428 940 1699 990 schoenheit
1738 942 1838 991 und
1884 942 2161 992 nachar-niele
2201 942 2288 991 der
2332 946 2500 990 morte.

1431 1016 1683 1066 Quinctil.
1715 1030 1841 1068 vm.
1870 1023 1919 1068 2.
1948 1017 2137 1068 dicitur
2164 1019 2180 1045 ‘
2197 1017 2273 1069 vis
2294 1031 2356 1066 ac
2379 1031 2500 1080 pro-

1430 1093 1628 1156 prietas
1653 1094 1925 1145 verborum
1944 1094 1979 1156 3’
2003 1103 2077 1151 et,
2095 1095 2276 1145 eodem
2294 1094 2502 1157 judice,

1429 1176 1631 1221 vunz.
1666 1172 1911 1235 ‘proprie
1948 1171 2143 1222 dictum
2179 1170 2231 1220 id
2266 1175 2365 1225 est,
2395 1183 2501 1233 quo

1428 1245 1558 1294 nibil
1604 1246 1826 1295 inveniri
1870 1247 2038 1310 possit
2087 1243 2504 1310 significantius!

1431 1322 1552 1371 Nec
1573 1321 1775 1385 dubito,
1797 1324 1922 1387 quin
1947 1324 2056 1372 baec
2085 1320 2390 1372 inaffectata
2410 1335 2504 1371 ve-

1431 1399 1560 1449 ritas
1583 1399 1860 1449 verborum
1883 1400 2040 1453 etiam
2070 1396 2376 1461 designetur
2406 1410 2502 1461 per

1428 1475 1568 1525 illam
1591 1473 1838 1539 ἀφέλειαν,
1859 1477 1926 1526 de
1958 1491 2062 1537 qua
2094 1475 2346 1526 Quinctil.
2372 1487 2500 1524 vm.

1431 1555 1481 1600 8.
1530 1552 1636 1602 ‘Et
1671 1553 1784 1617 ipsa
1817 1553 1906 1603 illa
1940 1550 2143 1616 διφέλεια
2185 1551 2405 1616 simplex
2442 1558 2502 1602 et

1430 1625 1737 1678 inaffectata
1780 1628 1939 1680 baliet
1994 1626 2251 1693 quendam
2295 1640 2501 1692 pnrnm,

1432 1705 1601 1769 qualis
1636 1706 1793 1755 etiam
1826 1706 1877 1754 in
1915 1704 2120 1754 feminis
2154 1710 2375 1758 amatur,
2415 1716 2500 1751 or·

1432 1786 1631 1846 ustum,
1655 1790 1711 1832 et
1734 1789 1854 1833 sunt
1877 1781 2112 1847 quasdam
2137 1780 2283 1829 velut
2304 1793 2335 1828 e
2353 1779 2503 1828 tenui

1432 1857 1707 1922 diligentia
1729 1859 1871 1910 circa
1895 1858 2272 1923 proprietatem
2306 1854 2505 1920 signifi-

1432 1937 1796 2001 cationemque
1825 1935 2127 1987 munditias!
2192 1933 2339 1985 Sicut
2372 1946 2501 1984 vero

1431 2013 1488 2063 in
1534 2013 1896 2064 Grammaticis
1946 2008 2241 2074 ἐτυμολογία
2292 2009 2506 2076 potissi-

1432 2103 1572 2139 mum
1598 2090 1811 2153 respicit
1832 2090 2108 2139 veritatem
2137 2086 2276 2137 illam
2300 2094 2357 2136 et
2380 2099 2503 2150 pro-

1435 2166 1719 2230 prietatem
1744 2165 2054 2226 verbornm3
2089 2163 2162 2214 ita
2185 2162 2298 2214 Cic.
2317 2160 2504 2226 Topic.

1433 2257 1553 2307 csp.
1582 2246 1630 2292 8.
1657 2242 1864 2306 putavit
1886 2237 2193 2304 ἐνυμολογία,
2216 2239 2403 2290 Latine
2425 2236 2506 2288 di-

1432 2316 1658 2368 cendum
1681 2319 1994 2383 veriloquium
2012 2334 2033 2378 ,·
2058 2330 2345 2383 quanquam
2366 2315 2503 2380 ipse,

1433 2395 1523 2459 qui
1547 2394 1698 2445 finxit
1719 2396 1818 2445 hoc
1843 2394 2170 2457 vocabulum,
2189 2391 2256 2442 ab
2274 2392 2385 2455 ejus
2409 2404 2505 2441 usu

1433 2471 1703 2521 abstinuit.
1769 2472 2033 2526 Ceterum,
2061 2470 2257 2519 inertes
2293 2467 2504 2533 quidam

1432 2547 1631 2597 librarii
1655 2549 1731 2598 sic
1752 2555 2008 2597 auxerunt
2030 2548 2143 2595 haec
2164 2545 2339 2601 verba,
2360 2558 2506 2608 quam

1430 2624 1715 2690 inaffectata
1747 2624 1924 2674 ceritas
1945 2623 2194 2672 verborum
2218 2618 2506 2685 rerumque!

1433 2701 1540 2750 Sed
1566 2700 1639 2749 ita
1656 2707 1933 2755 auxerunt,
1952 2706 2012 2748 ut
2025 2697 2270 2747 nonnulla
2287 2709 2503 2760 corrup·

1435 2776 1556 2826 telae
1579 2775 1773 2826 indicis
1796 2773 2125 2839 reliquerint.
2187 2772 2253 2821 In
2284 2770 2503 2821 Venetis

1431 2852 1701 2901 codicibus
1733 2865 1827 2915 pro
1849 2851 2110 2906 verboram,
2140 2848 2393 2911 scriptum
2418 2854 2504 2897 est

1431 2929 1571 2979 verbo
1605 2942 1872 2991 rerumque.
1934 2927 2002 2976 In
2031 2925 2322 2982 Vaticanis,
2344 2925 2503 2974 Salis·

1432 3009 1697 3072 burgensi,
1745 3004 2234 3070 Guelpherbytsno,
2273 3010 2328 3053 et
2366 3017 2502 3065 meo,

1430 3086 1608 3136 ver-itas
1641 3083 1889 3134 verboram
1925 3095 2177 3144 rerumque
2214 3078 2505 3130 asseveratio

1429 3169 1483 3216 in
1518 3179 1644 3215 voce.
1717 3164 1933 3228 Verum,
1970 3175 2070 3211 non
2106 3160 2281 3226 agitur
2309 3160 2394 3210 hic
2435 3159 2505 3209 dc

1435 3243 1659 3293 veritate
1684 3255 1875 3296 rerum.
1891 3254 2008 3304 quae
2030 3239 2201 3301 potius
2227 3236 2504 3299 ad‘gravi-

1434 3325 1596 3369 tatem
1625 3317 2004 3367 sententiarum
2024 3313 2040 3337 '
2079 3312 2360 3364 referenda
2385 3322 2504 3375 est;

1433 3396 1544 3459 sed,
1588 3401 1647 3443 ut
1680 3393 1907 3453 dixi,‘de
1941 3390 2214 3440 verborum
2260 3391 2504 3447 veritate,

1432 3472 1545 3520 sive
1582 3469 1923 3535 proprietate,
1964 3476 2019 3517 et
2056 3466 2283 3518 naturali
2317 3467 2506 3516 nitore.

1435 3552 1589 3600 Idem.

1503 3628 1628 3682 Qaoe
1661 3624 1942 3673 asseveratio
1979 3621 2032 3670 in
2066 3620 2203 3685 voce]
2244 3620 2505 3670 Mendose

1435 3703 1689 3765 scriptum
1726 3706 1806 3748 est
1843 3698 1893 3746 in
1928 3697 2109 3746 codice
2152 3710 2270 3746 meo
2292 3711 2507 3746 asserva-

1434 3778 1522 3829 tio.
1590 3773 2116 3832 Quinctiliano,'loco
2147 3770 2301 3821 modo
2323 3772 2506 3827 citato.

1434 3852 1628 3902 dicitur
1663 3847 2020 3899 ‘asseveratio
2043 3844 2305 3896 dicentis.'
2354 3847 2506 3897 Bene

1436 3926 1733 3978 observavit
1772 3925 1929 3974 Laur.
1974 3922 2127 3971 Valla
2168 3922 2412 3985 Elegant.
2451 3936 2506 3972 v.

1436 4010 1520 4055 87.
1555 4004 1572 4032 ‘
1596 3998 1931 4055 asseverare,’
1970 3998 2095 4054 dici,
2126 3998 2263 4047 inter
2285 4000 2398 4063 ipsa
2420 4012 2504 4048 ar-

1436 4088 1684 4145 gumenta
1730 4073 2168 4140 probationesque
2214 4071 2502 4124 admiscere

1439 4157 1540 4206 vim
1587 4153 1740 4203 animi
1783 4159 2102 4214 motumque.
2135 4155 2151 4179 ‘
2172 4148 2466 4201 Affirmatio
2490 4150 2507 4173 ⁹

1437 4230 1575 4297 apud
1610 4229 1859 4283 Quinctil.
1894 4241 2023 4278 vm.
2063 4232 2112 4277 3.
2145 4225 2254 4278 dici
2292 4225 2501 4280 videtur
2558 4290 2567 4296 Π
