3017 4942
515 338 647 407 546

513 499 700 551 brariis
735 497 948 549 omissas
977 509 1111 562 esse,
1131 493 1219 562 qui
1248 491 1580 566 in‘proximis

518 577 687 628 verbis
743 575 1023 626 omiserant
1084 571 1388 623 vocabulum
1443 570 1582 629 oris,-

516 660 818 718 propterea,
843 643 995 716 quod‘
1016 652 1095 700 sic
1127 650 1266 699 nulla
1299 647 1454 697 facile
1490 661 1581 711 ap-

515 737 729 794 pareret
751 730 932 778 relatio
956 733 1154 789 mutua,
1172 727 1272 775 oris
1297 737 1354 775 et
1373 728 1580 775 dextre.

516 806 714 857 Nescio
737 820 879 868 vero,
899 817 993 854 cur
1014 803 1213 854 eaedem
1239 817 1390 853 voces
1424 801 1582 852 nihilo

514 882 682 932 ininus
716 881 1010 933 exciderint
1044 881 1200 930 etiam
1241 893 1308 929 ex
1344 880 1579 929 omnibus

514 958 704 1010 nostris
722 957 990 1008 codicibus
1011 957 1139 1006 Mss.
1158 957 1208 1005 in
1227 956 1406 1021 quibus
1426 956 1579 1019 plene

514 1036 769 1100 seriptum
806 1037 907 1099 est,
941 1050 1046 1099 quoe
1073 1034 1208 1098 prior
1237 1034 1338 1083 o'ris
1366 1034 1580 1084 humens·-

513 1117 623 1169 tasi
657 1127 773 1162 cum
811 1117 1004 1174 tamen,
1032 1109 1170 1175 quod
1204 1119 1349 1159 recte
1373 1109 1582 1173 judicat

513 1185 850 1253 Arntzenius,
880 1189 1119 1238 ‘omnino
1154 1188 1361 1251 sapiant
1393 1187 1579 1237 dictio·-

514 1279 634 1315 nem
679 1266 992 1326 Plinianam,
1032 1272 1089 1314 ut
1130 1264 1212 1313 vel
1250 1265 1362 1313 sola
1399 1264 1487 1313 illa
1522 1278 1578 1313 re

502 1356 629 1391 sese
660 1344 797 1392 tueri
829 1342 1048 1407 possint,
1071 1340 1272 1391 etiamsi
1303 1342 1486 1390 relatio
1512 1342 1578 1392 ad

510 1420 785 1485 superiora
804 1421 961 1472 verba
981 1418 1226 1470 abesset.’
1270 1419 1579 1484 cuspiniani

513 1498 791 1549 lectionem
810 1498 1071 1562 amplexus
1089 1503 1188 1560 est,
1202 1496 1419 1560 aliisque
1439 1512 1578 1547 com·

510 1573 777 1624 mendavit
805 1574 1032 1638 Lipsius,
1053 1580 1110 1624 et
1130 1587 1241 1622 eam
1275 1572 1340 1622 ad
1366 1582 1578 1623 antece·

510 1648 689 1699 dentis
720 1651 879 1700 verba
909 1647 1229 1700 referendam
1261 1662 1377 1699 esse
1402 1655 1577 1699 osten-

513 1725 619 1777 dit:
660 1732 676 1755 ‘
700 1727 811 1778 Ore
843 1727 1070 1777 osculum
1102 1725 1310 1786 reddis3
1344 1725 1576 1775 humani*

512 1807 593 1852 tas
610 1803 712 1852 oris
729 1810 839 1864 est;
870 1802 1107 1852 dextram
1125 1802 1451 1852 osculandam
1472 1816 1576 1852 non

513 1876 701 1939 offers3
736 1878 939 1928 dextrae
959 1877 1272 1928 verecundia
1289 1877 1407 1928 est.’
1453 1879 1576 1928 For·

500 1961 652 2005 tasse
678 1955 878 2006 Plinius
900 1956 975 2005 sic
998 1955 1150 2004 simul
1167 1954 1464 2021 oblique‚et
1483 1971 1577 2020 per

508 2030 749 2095 figuram,
773 2032 947 2096 tetigit
980 2031 1276 2096 exemplum
1309 2032 1578 2095 Caligulae,

513 2109 620 2172 qui,
642 2107 905 2158 referente
936 2110 1152 2158 Sueten.
1175 2123 1225 2159 c.
1249 2113 1329 2159 66.
1399 2109 1577 2159 Cassio

512 2186 766 2242 Chaereae‚
798 2185 1006 2254 tribuno
1039 2186 1262 2236 cohortis
1299 2188 1577 2254 praetoria»,

509 2263 526 2291 ‘
551 2278 616 2312 ex
639 2264 811 2329 aliqua
832 2277 1020 2313 caussa
1051 2263 1226 2325 agenti
1249 2263 1459 2327 gratias,
1482 2264 1578 2314 mi·

512 2354 609 2390 nus
654 2341 947 2390 verecunde
992 2341 1319 2391 osculandam
1367 2357 1576 2392 manum

509 2418 717 2481 obtulit,
754 2416 1023 2469 formatam
1068 2427 1478 2488 commotamque
1521 2422 1576 2472 in

511 2495 804 2545 obscoennm
864 2494 1111 2546 modum.’
1211 2498 1579 2561 significanter

511 2580 685 2623 autem
708 2575 724 2602 ‘
749 2573 1014 2622 dextram’
1045 2574 1290 2631 nominat,
1313 2590 1432 2625 cum
1461 2577 1577 2641 eJus

508 2650 791 2700 avunculus
829 2650 973 2700 Hist.
999 2651 1125 2701 Nat.
1148 2665 1228 2703 xr.
1248 2658 1332 2703 45.
1355 2654 1569 2720 scripse·

507 2726 596 2782 rit,
631 2734 647 2758 ‘
666 2726 811 2776 Inest
842 2735 898 2777 et
927 2728 1040 2777 aliis
1072 2728 1306 2791 partibus
1337 2732 1578 2795 quaedam

507 2803 727 2869 religi03
774 2806 909 2856 sieut
947 2806 1131 2857 dextra
1165 2809 1355 2858 osculis
1393 2823 1577 2859 aversa

510 2885 808 2948 appetitur3
843 2884 894 2932 in
917 2884 1022 2933 fide
1041 2885 1360 2950 porrigitur?
1390 2887 1545 2938 Idem·

497 2999 504 3008 .
573 2960 780 3010 Dextra·
805 2961 1112 3024 verecundia]
1152 2963 1249 3012 Hae
1280 2963 1398 3012 duae
1424 2978 1576 3013 voces

507 3053 538 3088 a
568 3045 719 3089 textu
748 3040 967 3091 Livineii
996 3042 1215 3104 absunt;
1249 3042 1342 3092 sed
1372 3056 1460 3091 eas
1487 3042 1575 3092 ha·

494 3115 601 3166 'b'et
624 3116 685 3166 C·-
717 3116 886 3166 Livin-

561 3193 771 3244 Dexeroe
783 3194 1087 3258 verecundia]
1113 3195 1464 3247 osculandam
1483 3196 1575 3246 da·

506 3270 636 3320 bant
671 3271 911 3321 dextram
947 3273 1165 3338 civibus,
1189 3278 1433 3338 tanquam
1465 3287 1575 3323 ser·

509 3347 606 3396 vis.
668 3348 777 3397 Soli
800 3350 936 3398 enim
962 3350 1098 3400 servi
1120 3364 1323 3414 manus,
1345 3351 1431 3400 alii
1453 3366 1574 3400 ocu·

494 3422 607 3485 (los,
623 3423 708 3473 alii
731 3425 939 3487 collum,
961 3426 1344 3478 osculabantur.
1391 3428 1576 3478 Senec.

504 3500 679 3564 Epist.
714 3504 797 3552 47.
834 3500 1045 3551 Ari-iana
1086 3516 1148 3555 n.
1189 3508 1271 3554 20.
1304 3526 1308 3530 <
1347 3503 1577 3554 Invaluit

508 3583 683 3627 tamen
710 3585 911 3641 postea,
932 3585 989 3628 ut
1009 3587 1062 3629 et
1085 3581 1432 3643 potentiorum
1469 3596 1575 3631 ma-

500 3665 602 3703 nus
640 3654 815 3703 osculo
852 3654 1150 3706 libarentur.
1218 3658 1486 3709 Plutarch.
1522 3660 1575 3709 in

507 3730 693 3781 Caton.
717 3732 995 3785 Hotoman.
1022 3733 1304 3785 Observat.
1326 3736 1448 3784 Vet.
1470 3737 1579 3787 Rit.

507 3808 678 3872 Nupt.
701 3824 748 3858 c.
771 3814 820 3858 2.
843 3809 988 3874 Lips.
1012 3811 1180 3861 Elect.
1204 3825 1266 3861 11.
1290 3817 1338 3863 6.
1372 3812 1529 3861 Rern.

574 3886 828 3936 Ine-edebas
850 3888 1071 3953 pedibus]
1107 3889 1317 3952 Magnae
1346 3889 1488 3938 laudi
1518 3895 1578 3939 et

507 3960 683 4023 glorias
709 3961 999 4013 ducebatur
1022 3965 1248 4031 antiquis
1272 3964 1506 4031 ducibus,
1520 3970 1575 4015 et

508 4036 927 4101 imperatoribus,
948 4040 991 4089 si
1026 4041 1230 4105 quando
1262 4040 1466 4104 pedites
1497 4042 1575 4091 in-

506 4112 775 4163 cederent.
831 4114 995 4164 Silius
1034 4129 1073 4164 r.
1110 4119 1226 4166 242.
1268 4116 1333 4166 de
1374 4117 1570 4168 Hanni-

500 4189 663 4239 »balez
718 4197 732 4219 ⁶
767 4191 973 4241 Primus
1026 4193 1271 4242 sumsisse
1325 4195 1572 4253 laborem,

502 4266 718 4317 ‘Primus
772 4268 878 4319 iter
921 4270 1180 4334 carpsisse
1224 4270 1433 4334 pedess’
1486 4274 1574 4324 ‘Et

1215 350 1434 400 ⁸001·AE
1482 346 1893 398 vammum
1944 344 2027 397 m

1659 501 1730 543 ss.
1751 496 1870 544 249.
1911 492 1925 521 ‘
1952 490 2131 543 Celsus
2153 495 2208 541 et
2237 488 2292 542 ln
2314 493 2501 556 magno
2524 504 2723 557 praece·

1656 568 1786 619 dens
1819 568 2023 633 agmine
2056 568 2265 631 ductor,
2286 569 2571 633 Imperium
2609 582 2724 633 per·

1654 644 1795 697 ferre
1825 645 2007 701 suum?
2071 647 2157 697 De
2192 646 2268 696 M.
2292 646 2492 697 Catone
2515 646 2723 696 Seneca

1649 723 1827 786 Epist.
1861 736 1975 773 civ.
2004 723 2204 785 scribit,
2236 724 2253 750 ‘
2277 723 2388 773 Per
2421 721 2617 771 medias
2648 720 2722 772 A·

1653 796 1802 849 fricas
1825 801 2129 851 solitudines
2152 799 2313 865 pedes
2335 800 2490 850 duait
2520 798 2724 849 exerci-

1657 875 1803 927 tum-²
1868 878 2029 928 Plura
2062 878 2210 943 hujus
2243 878 2447 943 generis
2480 877 2724 942 exempla

1656 955 1866 1019 collegit
1879 955 2039 1007 Grut.
2053 955 2287 1006 Discurs.
2300 955 2462 1004 Polit.
2476 954 2542 1004 ad
2556 953 2725 1007 Tacit.

1655 1044 1702 1082 c.
1725 1036 1806 1082 15.
1831 1031 1918 1082 ubi
1941 1032 2115 1096 docet,
2134 1032 2152 1061 ‘
2177 1032 2555 1098 Imperatorem
2589 1045 2722 1096 prae-

1657 1115 1867 1159 euntem
1901 1111 2045 1162 nullo
2077 1124 2202 1163 casu
2226 1109 2443 1159 destitui
2470 1123 2500 1159 a
2519 1106 2724 1159 milite?

1656 1185 1824 1236 Quem
1849 1199 2044 1237 morem
2069 1188 2225 1236 etiam
2249 1184 2589 1237 imitabantur
2612 1184 2722 1249 qui-

1656 1260 1774 1311 dam
1796 1262 2142 1313 Romanorum
2163 1264 2524 1327 imperatores.
2555 1261 2721 1311 Tacit·
2749 1311 2758 1316 ,

1658 1338 1804 1389 nist.
1843 1354 1912 1390 n.
1950 1344 2030 1391 11.
2068 1340 2137 1391 de
2173 1341 2405 1404 Othone,
2440 1348 2455 1371 ⁸
2480 1341 2600 1391 Nec
2649 1339 2722 1390 illi
2814 1359 2824 1372 .

1653 1425 1832 1480 segne,
1852 1425 1943 1467 aut
1970 1423 2270 1482 corruptum
2292 1418 2435 1481 luxu,
2457 1417 2592 1479 iter;
2628 1416 2720 1466 sed

1653 1493 1821 1544 lorica
1854 1492 2030 1546 ferrea
2066 1510 2187 1546 usus
2216 1502 2316 1559 est,
2340 1502 2397 1544 et
2424 1503 2545 1544 ante
2574 1495 2723 1559 signa

1655 1570 1935 1635 pedester!
2002 1572 2288 1637 'trajanum
2316 1573 2472 1622 etiam
2503 1571 2720 1635 pedibus

1653 1646 1754 1696 iter
1786 1645 1972 1699 fecisse
2002 1664 2119 1700 cum
2144 1650 2399 1707 exercitu,
2420 1648 2721 1714 xiphilinus

1652 1739 1719 1773 ex
1745 1725 1931 1787 Dione,
1956 1743 2005 1789 p.
2022 1732 2136 1777 781.
2160 1734 2214 1777 et
2236 1741 2408 1791 supra,
2434 1740 2492 1777 x.
2513 1730 2566 1777 3.
2612 1725 2722 1776 Pli-

1652 1801 1769 1851 nius
1790 1810 1967 1854 noster
1996 1811 2272 1856 testantur.
2337 1805 2486 1855 Idem
2520 1804 2720 1862 Plinius

1654 1890 1805 1928 xxn.
1844 1884 1895 1932 2.
1941 1881 2126 1939 innuit,
2172 1881 2449 1945 Trajanum
2498 1893 2719 1943 qnoque,

1653 1968 1769 2006 cum
1793 1959 2037 2021 ·primurn
2083 1960 2366 2022 imperator
2407 1958 2722 2019 adventarit,

1655 2033 1972 2098 pedestrem,
1994 2043 2049 2087 et
2082 2037 2193 2087 sola
2226 2037 2457 2099 corporis
2489 2034 2720 2099 proceri-

1654 2115 1765 2162 tate
1808 2114 2165 2179 excelsiorem,
2209 2113 2388 2163 urbem
2438 2111 2722 2162 solenniter

1654 2189 1941 2252 ingressum
1974 2205 2107 2241 esse.
2174 2190 2328 2241 Nunc
2359 2188 2582 2239 eundem
2609 2188 2721 2238 lau·

1655 2264 1766 2323 dat,
1789 2267 1927 2332 quod
1952 2274 2006 2318 et
2029 2268 2081 2317 in
2109 2281 2258 2332 pace,
2279 2275 2334 2317 et
2359 2266 2410 2315 in
2432 2266 2549 2330 ipsa
2573 2264 2723 2328 urbe,

1647 2341 1875 2407 pedibus
1907 2345 2208 2408 incesserit;
2246 2351 2305 2395 ut
2335 2344 2540 2395 scilicet
2562 2357 2619 2393 se
2647 2342 2720 2393 ci·

1653 2420 1807 2470 vilem
1843 2421 2092 2485 probaret
2126 2422 2379 2485 omnihus,
2409 2426 2464 2470 et
2495 2419 2719 2471 libenter

1651 2495 1901 2562 obvieque
1920 2498 2194 2563 exciperet
2211 2498 2475 2548 desideria
2492 2509 2718 2546 suorum.

1650 2573 1870 2626 Qualem
1887 2577 2191 2627 modestiam
2203 2576 2315 2641 jam
2329 2590 2535 2640 quoque
2549 2575 2601 2625 in
2616 2574 2722 2625 Au·

1650 2658 1801 2714 gusto
1822 2652 2054 2703 laudavit
2070 2653 2288 2705 Sueton.
2304 2668 2354 2703 c.
2371 2657 2454 2704 53.
2487 2660 2501 2681 ‘
2518 2651 2583 2701 Iu
2600 2665 2720 2702 con-

1650 2729 1821 2779 sulatu
1860 2731 2080 2794 pedibus
2120 2731 2262 2794 fere3
2302 2738 2453 2782 extra
2485 2731 2720 2781 consuls-

1650 2809 1778 2869 tum,
1795 2804 1937 2870 'soepe
1962 2807 2217 2872 adaperta
2236 2809 2382 2871 sella,
2398 2810 2484 2874 [ut
2499 2807 2578 2857 sic
2593 2821 2721 2872 quo-

1650 2898 1753 2948 que
1791 2893 2000 2948 pateret
2037 2887 2391 2952 adeuntibus‚]
2426 2893 2520 2951 pei·
2555 2885 2719 2952 publi·

1641 2974 1763 3014 ,cum
1791 2961 2041 3012 incessit.’
2078 2964 2323 3014 Schwarz.

1714 3039 1932 3104 lucedis]
1976 3042 2046 3091 Et
2069 3041 2178 3091 'hoc
2214 3038 2583 3091 moderationis
2616 3038 2718 3102 sig·

1646 3131 1768 3167 num
1794 3117 1846 3167 in
1871 3117 2127 3183 principe.
2182 3115 2370 3167 Refert
2391 3118 2460 3166 de
2479 3116 2721 3181 Augusto

1646 3195 1863 3244 Sueton.
1887 3209 1934 3245 c.
1956 3198 2041 3244 68·-
2074 3195 2294 3244 Patarol.

1713 3269 1928 3333 lucedis]
1967 3269 2223 3322 Ammian.
2248 3284 2393 3321 xxu.
2417 3275 2468 3321 9.
2495 3269 2564 3319 de
2584 3267 2719 3321 Juli-

1648 3361 1783 3397 ano:
1825 3354 1841 3377 ⁶
1868 3344 2169 3405 Humilior,¹
2213 3348 2400 3411 inquit,
2430 3348 2448 3373 ‘
2472 3347 2718 3411 princeps

1648 3426 1788 3474 visus
1811 3431 1893 3473 est
1915 3424 1968 3473 in
1991 3422 2164 3474 officio
2188 3424 2412 3489 pedibus
2430 3422 2718 3487 gradiendo

1648 3516 1765 3551 cum
1797 3501 2094 3553 honoratisx
2130 3500 2266 3567 quod
2299 3500 2585 3552 laudabant
2615 3499 2719 3554 alii,

1649 3578 1858 3642 quidam
1893 3586 1953 3628 ut
1984 3576 2287 3629 affectatum
2319 3584 2377 3627 et
2406 3578 2506 3626 vile
2536 3587 2716 3639 carpe-

1649 3658 1812 3709 bant.’
1878 3659 1983 3709 Sed
2011 3657 2226 3708 audiant
2243 3658 2554 3719 Vologesen)
2579 3655 2716 3720 apud

1646 3736 1816 3786 Tacit.
1839 3735 1977 3786 Anu-
2000 3748 2093 3785 xv.
2113 3740 2163 3785 2.
2177 3739 2227 3785 6.
2260 3742 2276 3765 ⁴
2300 3735 2491 3785 Vestra
2505 3733 2716 3799 quidem

1645 3812 1725 3861 vis
1766 3820 1823 3861 et
1862 3811 2023 3877 gloria
2059 3813 2111 3861 in
2147 3813 2358 3875 integro
2389 3817 2500 3867 est,
2540 3808 2717 3860 addita

1647 3889 1917 3939 ‘modestia
1954 3889 2112 3949 fama,
2147 3904 2263 3953 quae
2297 3902 2466 3953 neque
2504 3888 2717 3937 summis

1647 3968 1939 4017 mortalium
1976 3967 2270 4031 spernenda
2301 3974 2406 4030 est,
2442 3969 2497 4015 et
2533 3979 2565 4014 a
2597 3963 2715 4017 Diis.

1639 4043 1979 4094 ‘aestimaturss
2008 4044 2163 4093 Beris.

1712 4122 1981 4185 Eademque
1993 4122 2151 4171 omnia
2165 4118 2273 4183 illa]
2294 4118 2427 4169 Vide
2441 4132 2505 4168 ne
2522 4118 2716 4182 arguti·

1646 4209 1707 4247 us
1727 4199 2281 4264 veriusque‚eademqsts
2291 4197 2463 4246 mnnioe.
2494 4197 2578 4247 Ita
2588 4198 2717 4247 circs

1648 4278 1712 4331 ee,
1729 4274 1852 4324 nihil
1867 4274 1920 4324 ξπ
1937 4275 2037 4340 ipso
2052 4274 2314 4335 isson-tuno
2327 4273 2546 4325 mutavit.
2561 4273 2631 4324 —Li
2638 4279 2711 4339 p‘s.
