3017 4942
498 387 636 456 '782

565 548 970 615 Excessamsqae]
1006 548 1301 603 Altitudine
1319 564 1475 617 super
1493 551 1566 618 ip·

434 678 443 684 ,
499 639 558 677 sa
582 629 798 691 templa.
867 627 1006 678 Nam
1027 627 1130 679 hoc
1152 634 1252 686 est,
1285 629 1423 693 quod
1458 629 1570 679 ‘in-

500 703 718 769 gentes’
764 705 1051 769 praemisitt
1098 713 1155 756 et
1199 706 1252 755 in
1299 706 1570 762 Suetonio,

493 781 511 810 ⁸
528 795 679 831 arcus
702 786 875 831 tantos
898 796 961 831 ac
982 789 1059 832 tot
1082 783 1278 834 struxit
1294 777 1338 832 :'
1374 790 1568 846 tantos,

496 854 562 904 ad
583 854 1015 919 magnitudinem.
1078 857 1414 909 Describitur
1436 872 1569 908 unus

496 932 619 983 talis
643 933 897 996 Martiali,
922 947 1049 983 vm.
1067 938 1151 983 65.
1186 933 1323 998 Lips.

563 1009 945 1073 Excessurosqae
989 1011 1269 1073 emptorum
1304 1008 1570 1074 fastigium

496 1082 685 1147 titulos]
722 1084 971 1136 Quamvis
994 1085 1258 1147 fastigium
1279 1085 1566 1149 generatim

493 1160 754 1225 significet
785 1161 1167 1223 summitatem,
1202 1161 1466 1222 sigillatim
1489 1166 1569 1212 ta-

494 1252 614 1290 men
649 1252 763 1289 eam
788 1237 1113 1302 potissimum
1142 1238 1451 1301 templorum
1476 1252 1566 1288 no·

496 1323 579 1366 tat
602 1322 826 1380 partem,
862 1328 979 1380 quoe
1017 1315 1068 1364 in
1108 1315 1273 1364 aciem
1303 1313 1565 1376 desinens,

496 1396 764 1456 tympano,
786 1405 994 1449 corona,
1018 1400 1071 1439 et
1095 1389 1419 1446 acroateriis,
1442 1403 1564 1438 con·

494 1468 689 1519 stabat.
756 1468 958 1517 Dehinc
980 1467 1136 1518 etiarn
1172 1465 1354 1516 domus
1387 1466 1564 1517 Caesa·

492 1558 627 1602 rum,
666 1550 723 1596 et
744 1559 1037 1610 procerum,
1057 1558 1175 1594 cum
1198 1541 1410 1606 fastigio
1435 1543 1564 1592 aedi-

493 1619 667 1672 ficatae
719 1627 855 1671 suut.
923 1620 1142 1670 Primus·
1169 1619 1342 1671 Julius
1387 1619 1566 1669 Caesar

488 1697 758 1764 fastigium
796 1699 990 1750 habere
1017 1699 1177 1764 coepit
1201 1699 1252 1749 iu
1277 1698 1430 1748 domo
1451 1712 1562 1757 sua,

492 1774 631 1825 inter
651 1777 753 1825 alia
774 1775 1062 1826 divinitatis
1083 1775 1325 1837 insignia,
1345 1789 1463 1839 qure
1488 1775 1565 1825 illi

493 1852 749 1902 attributa
788 1851 973 1914 fuere;
1019 1852 1161 1917 quod
1192 1859 1250 1902 et
1282 1857 1563 1916 sequentes

493 1930 759 1993 principes
796 1928 984 1978 imitati
1018 1935 1159 1992 sunt,
1186 1935 1242 1977 et
1268 1934 1450 1992 postea
1473 1927 1563 1977 alii

492 2003 653 2053 etiam
693 2016 938 2068 proceres
975 2010 1314 2068 usurparunt.
1380 2003 1567 2055 Priva-

492 2085 665 2131 torum
688 2088 863 2131 autem
885 2081 1070 2131 domus
1108 2086 1255 2132 tecta
1286 2081 1441 2146 plana
1475 2082 1569 2133 ba-

494 2157 742 2220 buerunt,
777 2171 946 2223 neque
983 2158 1036 2207 in
1071 2160 1235 2207 altum
1277 2160 1564 2220 surgentia.

493 2234 649 2287 Quod
691 2234 856 2286 docet
883 2235 1230 2285 Bernaldinns
1268 2234 1465 2286 Baldus
1496 2236 1563 2285 ad

494 2310 707 2361 Viti-nv.
729 2325 781 2374 p.
802 2316 884 2362 51.
933 2320 950 2343 ‘
968 2311 1154 2362 Tituli'
1188 2312 1287 2362 hoc
1308 2313 1424 2362 loco
1443 2312 1565 2364 sunt

492 2385 855 2451 inscriptiones
876 2395 937 2438 et
958 2388 1128 2451 elogia
1149 2390 1451 2439 meritorum
1476 2385 1576 2439 lio·-⁴

491 2476 797 2529 notumque,
820 2480 937 2530 quae
954 2467 1160 2523 statuis,
1181 2465 1421 2527 arcubus,
1443 2466 1565 2530 aris,

491 2541 719 2606 templis,
750 2542 981 2607 palatiis,
1011 2543 1265 2600 domibus,
1287 2544 1563 2609 sepulcris,

492 2616 703 2682 tabulis,
732 2619 951 2685 aliisque
990 2621 1340 2677 monimentis,
1373 2620 1564 2671 inscul-

490 2693 752 2758 pebantur
770 2704 823 2745 et
840 2695 1258 2747 inscribebantur
1275 2712 1291 2758 3
1315 2711 1362 2746 v.
1379 2710 1428 2760 g.
1451 2697 1565 2746 Liv-

494 2782 705 2821 xxvur.
734 2775 819 2822 46.
853 2778 869 2803 ‘
894 2772 1126 2835 Propter
1152 2767 1379 2823 Junonis
1414 2773 1562 2822 Laci-

493 2848 595 2897 nioe
620 2849 872 2913 tempium
895 2856 1133 2899 aestatem
1170 2848 1396 2898 Annibal
1423 2849 1562 2910 egit;

490 2923 667 2988 ibique
708 2939 849 2974 aram
893 2924 1150 2987 condidit,
1191 2925 1562 2989 dedicavitque

490 3013 608 3050 eum
632 3000 1024 3062 ingenti-rerum
1044 3001 1109 3050 ab
1133 3016 1189 3050 se
1215 3011 1475 3065 gestarum
1495 3002 1563 3052 ti·-

491 3076 623 3138 tulo,
668 3077 883 3126 Punicis
927 3077 1234 3143 Graecisque
1278 3079 1448 3128 literis
1483 3079 1563 3128 iu-

490 3153 732 3217 scripto!
760 3156 929 3204 Tacit.
949 3154 1137 3208 Annal.
1160 3169 1223 3206 11.
1240 3160 1323 3207 64.
1342 3158 1411 3208 de
1427 3173 1565 3207 mor-

494 3237 548 3279 te
571 3229 873 3280 Germanici
894 3247 908 3280 :
944 3231 961 3258 ‘
984 3229 1152 3281 Arcus
1171 3232 1338 3283 additi
1360 3234 1563 3296 Romae,

490 3314 547 3357 et
565 3307 705 3371 apud
724 3307 891 3370 ripam
913 3307 1098 3371 Rheni,
1117 3314 1174 3357 et
1195 3309 1247 3357 in
1269 3317 1445 3358 moute
1468 3310 1563 3372 Sy·-

485 3384 584 3433 riae
619 3382 843 3446 Amano,
862 3397 980 3432 cum
1010 3383 1349 3447 inscriptione
1383 3399 1561 3435 rerum

490 3458 792 3525 gestarum!
846 3460 1057 3511 Sueten.
1095 3461 1297 3510 Domit.
1325 3475 1445 3525 cap.
1481 3466 1562 3512 15.

489 3537 506 3565 ‘
529 3534 709 3600 Atque
744 3535 903 3586 etiam
940 3549 971 3585 e
1005 3530 1117 3586 basi
1153 3542 1341 3587 statuas
1377 3537 1561 3588 trium-

488 3612 654 3678 phalis
690 3612 873 3663 titulus
887 3624 1143 3662 ‘excussus
1165 3612 1217 3662 vi
1242 3613 1483 3676 procellae
1504 3615 1560 3664 in

487 3684 863 3739 monimentum
888 3688 1178 3753 proximum
1202 3689 1442 3748 decidit,'
1458 3693 1560 3743 dre.

490 3765 658 3816 Sicuti
680 3780 807 3816 vero
839 3763 1060 3829 fastigiis
1083 3767 1393 3829 templorum
1419 3767 1562 3831 pala-

488 3843 783 3906 tiorumque
793 3842 1125 3892 addebantur
1141 3843 1280 3892 varia
1292 3857 1381 3892 orn
1388 3858 1560 3894 arnen-

488 3923 566 3982 ta‚
591 3925 648 3967 ut
669 3925 877 3982 statuas,
908 3919 1180 3978 Victoriae,
1217 3924 1273 3969 et
1294 3921 1396 3968 alia
1416 3919 1560 3970 Deo-

491 4008 605 4042 rum
641 3993 945 4054 simulacra3
977 3993 1120 4058 quod
1157 3994 1359 4044 Plinius
1384 3995 1560 4059 Major

490 4069 683 4132 passim
699 4075 958 4132 testatur3
981 4085 1029 4119 v.
1046 4084 1095 4134 g.
1114 4082 1315 4121 xxxvi.
1331 4075 1383 4121 5.
1420 4072 1438 4102 ‘
1454 4073 1559 4122 Ro-

489 4156 588 4193 mae
609 4144 757 4207 signa
777 4159 956 4195 eornm
979 4144 1352 4209 [sculptorum]
1370 4148 1559 4197 suntin

491 4218 736 4268 Palatina
757 4220 873 4269 aede
894 4219 1152 4283 Apollinis
1177 4222 1230 4270 in
1249 4219 1478 4286 fastigio,
1502 4230 1579 4273 et¹

489 4295 546 4348 in
566 4286 956 4362 omnibus't'ere,
978 4309 1095 4363 quas
1119 4296 1267 4349 divus
1290 4295 1561 4363 Augustus

1180 406 1398 459 NOTAE
1447 407 1858 459 vAluoRtJM
1914 408 1999 460 m

1646 551 1805 616 fecit3
1823 551 1836 573 '
1870 554 1944 603 ita
1961 550 2210 604 credibile
2228 555 2328 610 est.
2344 548 2540 601 ibidem
2558 546 2716 602 etiam

1647 630 1814 694 elogia
1835 629 2086 680 honorum
2110 636 2166 681 et
2197 628 2404 680 laudum
2441 628 2617 694 posita
2634 627 2718 678 fu·

1646 706 1767 754 isse.
1819 705 1971 757 Idem
1996 705 2137 755 Plin.
2162 718 2341 757 xxxv.
2365 708 2414 755 3.
2440 706 2593 755 testis
2617 710 2719 764 est,

1642 780 1660 806 ⁸
1679 780 1855 845 Appio
1874 780 2109 846 Claudio,
2128 783 2214 847 qui
2240 782 2418 832 consul
2451 790 2571 831 cum
2594 781 2721 833 Ser-

1648 858 1770 907 vilio
1785 855 1890 908 fuit
1917 858 1978 908 Α.
2001 857 2069 909 U.
2090 871 2275 909 ccmx.
2305 858 2584 922 placuisse,
2608 856 2718 921 cly-

1645 948 1772 998 peos
1808 949 2015 985 sitorum
2053 937 2104 985 in
2144 937 2351 986 excelso
2388 936 2643 999 spectari,
2667 939 2722 985 et

1645 1008 1828 1060 titulos
1850 1010 2100 1060 bonorum
2127 1009 2272 1075 legi-³
2338 1011 2431 1070 Et,
2453 1024 2611 1075 quem
2648 1012 2719 1060 lo-

1643 1100 1763 1135 cum
1797 1086 1908 1150 jam
1961 1086 2276 1137 Arntzenius
2326 1087 2550 1143 notavit,
2595 1078 2717 1136 Val.

1643 1162 1792 1211 Max.
1817 1176 1897 1212 vr.
1912 1167 1962 1212 9.
1984 1167 2034 1212 5.
2056 1162 2122 1212 de
2142 1164 2211 1215 Q.
2229 1162 2446 1212 Catulo:
2485 1167 2504 1191 ‘
2526 1177 2720 1214 nomen

1643 1237 1757 1301 ejus
1788 1238 1842 1288 in
1876 1238 2175 1303 Capitolino
2206 1236 2416 1300 fastigio
2453 1235 2733 1304 fulgerem*-

1645 1315 1842 1364 Noster
1875 1313 2078 1364 Plinius
2109 1315 2202 1372 ait,
2240 1314 2550 1380 quibusdam
2579 1316 2721 1378 priu-

1642 1390 1845 1455 cipibus
1869 1390 2172 1456 ambitiosis,
2207 1391 2276 1441 ob
2303 1404 2481 1448 vanas,
2505 1398 2561 1440 et
2587 1390 2720 1441 levis

1640 1462 1889 1518 momenti
1912 1482 1994 1517 res
2024 1477 2218 1529 gestas,
2249 1468 2396 1532 quasi
2434 1467 2503 1517 ob
2541 1468 2720 1532 prola·

1641 1550 1722 1594 tos
1759 1544 1963 1609 imperii
1996 1543 2146 1601 fines,
2169 1543 2409 1606 ingentes
2446 1557 2632 1606 arcus,
2655 1544 2723 1594 ti-

1642 1621 1880 1686 tulosque
1905 1621 2218 1685 templorum
2243 1617 2508 1684 fastigium
2532 1633 2725 1669 exces-

1641 1712 1810 1761 suros,
1846 1696 2085 1747 decretos
2113 1697 2419 1762 dicatosque
2442 1693 2651 1758 fuisse3
2683 1697 2721 1751 i.

1640 1792 1689 1828 e.
1714 1776 1895 1828 titulos
1918 1784 2027 1827 tam
2064 1777 2261 1840 amplos
2296 1775 2723 1841 cumulataeque,

1642 1860 1699 1903 ut
1723 1853 1808 1902 vix
1838 1865 1869 1901 a
1889 1850 2110 1916 fastigiis
2138 1850 2447 1914 templorum
2471 1851 2598 1914 capi
2626 1864 2724 1913 po·

1641 1930 1855 1980 tuerint.
1911 1928 2167 1994 Equidem
2202 1941 2298 1991 pro
2322 1926 2611 1991 participio
2635 1941 2723 1977 ex·

1638 2020 1868 2069 cessuros,
1889 2005 2057 2056 codex
2097 2004 2388 2065 Vaticanus
2422 2006 2575 2053 3461.
2599 2004 2725 2055 viti·

1638 2097 1730 2133 ose
1749 2083 1911 2133 habet
1922 2082 2242 2140 necessarios,-
2263 2081 2430 2132 codex
2450 2081 2738 2131 Salisbur-

1639 2159 1813 2223 gensis
1836 2172 2139 2218 acmwrosg
2172 2171 2486 2222 quamquam
2522 2157 2593 2207 ab
2618 2159 2727 2208 alia

1638 2250 1793 2285 manu
1812 2247 1816 2251 ·
1836 2234 2249 2298 superscriptum
2295 2233 2366 2282 sit
2417 2246 2723 2285 excessuros.

1639 2312 1759 2362 Nec
1794 2312 1923 2361 satis
1956 2312 2168 2375 placent
2188 2309 2490 2373 Boxbornii,
2519 2309 2741 2360 Kirclr--

1639 2388 1836 2449 maieri,
1862 2394 1916 2440 et
1945 2389 2155 2438 Cellarii
2188 2387 2465 2444 editiones,
2507 2387 2561 2436 in
2604 2384 2741 2453 qut-'

1638 2464 1733 2515 bus
1753 2466 1944 2530 legitur
1960 2479 2240 2515 accessuros·
2306 2464 2593 2527 Vulgatam
2612 2464 2723 2515 lec·

1640 2544 1831 2593 tionem
1846 2542 2157 2593 confirmant
2172 2543 2337 2592 ceteri
2350 2541 2565 2591 codices
2582 2542 2727 2592 Mss-

1637 2618 1945 2682 Hujusmudi
1969 2627 2143 2668 autem
2177 2618 2405 2667 inanium
2433 2617 2720 2669 titulorum

1637 2708 1739 2744 non
1765 2710 1934 2759 pauca
1956 2696 2198 2759 exempla
2233 2695 2402 2745 adhuc
2428 2702 2721 2746 occurrunt

1636 2772 1691 2820 in
1727 2772 1990 2836 Operibus
2027 2770 2455 2835 inscriptionum.
2521 2772 2723 2825 Talem

1637 2845 1867 2912 titulum,
1901 2858 2121 2912 eumque
2144 2846 2588 2911 superbissimum,
2612 2850 2722 2912 pri-

1637 2923 1747 2973 vati
1770 2923 2007 2980 bominis,
2029 2923 2205 2972 liberti
2229 2922 2476 2983 Caesaris,
2501 2919 2721 2973 Pallan·

1639 2999 1726 3061 tis,
1748 3000 1912 3050 refert
1935 3000 2140 3050 Plinius
2158 3006 2359 3064 noster,
2383 2998 2557 3062 Epist.
2586 3012 2721 3051 vnt-

1637 3080 1689 3128 6.
1723 3075 1965 3126 Schwart-

1703 3152 1896 3202 Menses
1926 3150 2094 3217 etiam]
2129 3151 2410 3201 Suetonius
2433 3151 2640 3202 Domit.
2663 3165 2717 3204 c.

1639 3232 1721 3278 18.
1751 3228 2147 3292 “Septembrem
2184 3241 2434 3288 mensem,
2458 3235 2514 3276 et
2538 3226 2716 3279 Octo-

1640 3306 1784 3356 brem
1825 3320 1892 3355 ex
1936 3304 2370 3369 appellationibus
2420 3304 2527 3353 suis
2544 3338 2551 3343 -
2570 3304 2725 3354 Ger-⁵

1638 3383 1895 3446 manicam
1915 3383 2369 3446 Domitianumque
2393 3382 2714 3431 transnomi-

1637 3460 1801 3524 navit,
1824 3459 1960 3525 quod
1993 3460 2161 3510 altero
2185 3459 2505 3522 suscepisset
2540 3458 2733 3522 impe-'

1634 3538 1787 3601 rium,
1823 3538 1994 3587 altero
2029 3542 2179 3587 natus
2213 3534 2393 3586 esset.'
2456 3535 2717 3585 Meminit

1636 3620 1693 3662 et
1717 3612 2034 3662 Plutarchus
2059 3611 2249 3662 Numa.
2292 3609 2495 3661 Statius
2516 3610 2612 3661 Sil.
2630 3623 2716 3660 tv.

1634 3691 1687 3739 iu
1698 3702 1843 3740 xvu.
1857 3689 2194 3739 Consulatum
2210 3687 2514 3751 Domitiani,
2524 3687 2542 3713 ‘
2559 3687 2729 3737 Non-1

1635 3764 1758 3814 dum
1803 3764 1969 3814 omnis
2010 3763 2256 3813 honorem
2292 3762 2477 3813 Annus
2521 3761 2709 3820 habet.

1636 3841 1954 3905 capiuntque
1977 3840 2160 3890 decem
2192 3847 2283 3890 tua
2318 3840 2530 3890 nomina
2559 3853 2708 3890 men·

1635 3916 1756 3968 ses-⁹
1822 3916 1926 3966 Adi
1952 3917 2173 3967 eundem
2205 3917 2422 3968 Sueton.
2444 3915 2564 3966 Tib.
2584 3931 2724 3981 cap*

1634 3997 1718 4044 26.
1760 3992 1923 4043 Motu.
2724 4009 2731 4015 ·

1699 4068 1914 4132 Menses]
1950 4070 2115 4134 Duos,
2134 4069 2494 4134 Septembrem
2516 4072 2577 4119 et
2588 4068 2707 4120 Oc-

1635 4144 1840 4196 tobrem
1859 4161 1888 4195 a
1904 4159 1960 4195 se
1981 4146 2408 4196 transnominavit
2420 4146 2709 4196 Germani-

1634 4237 1750 4272 cum
1786 4229 1843 4272 et
1875 4223 2255 4273 Domitianumt
2293 4224 2591 4275 suetorum
2612 4226 2703 4274 la.

1634 4298 1926 4353 Martialis:
1963 4299 2133 4350 “Dum
2154 4299 2317 4353 ,lanus
2350 4300 2564 4356 hiemes,
2585 4298 2701 4351 Do·
