3017 4942
467 370 600 443 748

469 532 590 582 dam
637 529 958 598 frugalitatis
1009 531 1216 584 laudem
1271 530 1453 598 faeiat,
1491 531 1537 583 si

467 610 726 674 Trajanus
747 624 850 661 non
885 610 1193 675 simpliciter
1212 610 1419 675 aliquid,
1439 608 1535 661 sed

466 686 651 750 aliquid
678 702 920 750 mecam,
942 702 1008 737 ex
1043 686 1199 739 rebus
1235 687 1537 751 principaii-

469 762 568 813 bus
589 763 687 812 sibi
711 764 927 829 relictis,
949 770 1193 830 tanquam
1216 761 1535 828 superfluum

469 852 730 903 resecare,
771 845 830 891 et
870 840 1273 891 moderationem
1320 841 1536 906 Nervae,

467 914 805 981 frugalissimi
839 917 1111 982 principis,
1135 924 1241 970 tam
1269 917 1534 969 luculento

466 994 713 1058 exemplo
732 1008 981 1058 superare
1018 996 1269 1059 potuerit.
1333 995 1424 1045 Sic
1448 1008 1534 1043 ve-

466 1082 527 1120 ro
564 1078 622 1120 et
656 1069 768 1135 ipse
807 1069 944 1123 Pliu.
977 1070 1149 1134 Epist.
1170 1083 1275 1120 vu.
1300 1073 1385 1120 2⁹.
1410 1069 1535 1120 ‘Ne

466 1162 525 1203 ae
546 1161 785 1213 magnum
820 1146 1016 1214 aliquid
1049 1147 1270 1212 adeptos
1306 1145 1536 1211 putent.'

465 1233 525 1275 et
563 1225 732 1290 Epist.
764 1237 846 1277 lx.
874 1229 952 1276 19.
981 1225 997 1254 ‘
1017 1224 1122 1276 Qui
1158 1238 1403 1288 maguum
1441 1224 1531 1275 aii·

466 1300 604 1371 quod
624 1300 1118 1366 memorandumque
1135 1297 1413 1359 feceruut-⁹
1435 1300 1472 1353 J
1477 1316 1532 1351 m

469 1379 641 1430 venal.
672 1379 786 1429 Sat.
806 1391 937 1429 vrn-
957 1382 1073 1429 26⁸.
1095 1379 1111 1406 ‘
1129 1379 1202 1430 Et
1224 1394 1354 1443 quos
1382 1378 1533 1443 Mag·

465 1470 583 1511 uum
613 1455 810 1521 aliquid
843 1455 1008 1507 dubia
1039 1472 1135 1523 pro
1171 1457 1419 1509 libertate
1442 1457 1531 1507 de·

463 1535 645 1587 ‹teret-⁹
705 1536 788 1587 Ex
811 1550 913 1586 una
936 1550 1058 1587 vero
1089 1537 1388 1601 corruptela
1409 1543 1534 1587 nata

383 1640 396 1657 ‚
464 1610 642 1665 fuerat
661 1619 718 1663 et
740 1612 924 1665 altera.
990 1612 1252 1677 Corrupta
1274 1614 1534 1678 particula

463 1689 622 1751 magis
675 1694 1039 1754 suppresserat
1083 1689 1293 1740 verbum
1344 1691 1535 1750 moire

463 1767 749 1832 eademque
764 1766 1088 1817 occasionem
1110 1765 1333 1817 dederat
1351 1768 1531 1831 expel-

461 1844 604 1897 lendi
636 1843 859 1908 epitheti
889 1857 1133 1907 magnast,
1167 1850 1411 1908 tanquam
1445 1859 1531 1894 su·

462 1922 805 1986 pervacanei3
837 1934 959 1971 cum
987 1920 1224 1984 inprimis
1245 1922 1531 1972 insolenter

463 1998 730 2051 diceretur
765 1998 921 2062 mis
948 2014 1176 2062 moenam
1192 1999 1389 2064 aliquid.
1453 2000 1532 2052 At

462 2090 623 2132 nune,
644 2092 763 2127 cum
795 2091 865 2128 ex
899 2078 1157 2141 particula
1187 2079 1361 2141 magis,
1384 2079 1532 2143 quasi

462 2153 530 2202 ad
575 2153 732 2203 vitam
773 2160 1052 2204 revocatur
1096 2154 1312 2206 verbum
1357 2157 1530 2220 mavis,

463 2231 621 2282 etiam
644 2231 918 2296 epitheton
937 2246 1164 2295 mnam
1184 2234 1357 2285 locum
1380 2248 1530 2285 suum

463 2321 778 2372 recuperare
802 2313 995 2372 potest.
1026 2308 1179 2360 Idem.

530 2384 747 2446 Reiieere
784 2384 994 2449 aliquid]
1040 2386 1095 2439 J.
1128 2386 1189 2435 F.
1230 2385 1528 2439 Gronovius

463 2460 690 2512 Observ.
712 2475 791 2512 ιν.
817 2466 898 2514 lo.
916 2476 1020 2513 non
1055 2463 1220 2514 solum
1250 2463 1530 2527 Bongarsii

462 2539 823 2603 conjecturam
846 2538 915 2588 de
940 2538 1099 2593 verbo
1132 2539 1284 2589 mavis
1318 2541 1530 2591 restitu-

461 2617 597 2666 endo
613 2616 996 2682 comprobavit,
1013 2617 1105 2669 sed
1120 2617 1278 2668 etism
1298 2633 1393 2683 pro
1413 2634 1530 2669 ver·

460 2693 530 2745 bo
551 2694 764 2756 reficere,
786 2694 1139 2760 reponendum
1176 2695 1380 2747 censuit
1408 2697 1529 2746 reci·

457 2772 589 2822 dere.
639 2771 659 2803 ‘
698 2770 902 2831 Recte‚'
934 2773 1124 2838 iuquit,
1158 2780 1174 2803 ⁴
1209 2774 1530 2839 Bongarsius

460 2850 837 2901 restituendum
859 2850 1175 2902 duxitmavis
1190 2866 1212 2908 ς
1245 2851 1336 2903 sed
1355 2858 1410 2901 et
1434 2866 1531 2916 pro

456 2927 674 2992 rejicere,
682 2931 1031 2994 reponendum
1045 2938 1122 2981 eat
1137 2929 1346 2980 reddere
1354 2946 1376 2989 ,·
1391 2929 1530 2995 quod

458 3007 902 3061 solesueaverbum
927 3008 978 3056 in
994 3007 1095 3058 hac
1117 3021 1195 3069 re,
1215 3013 1271 3057 et
1288 3007 1532 3057 similiter

459 3081 647 3132 Latino
672 3083 872 3133 Pacato
889 3083 1225 3134 restituimus.
1257 3085 1530 3136 Plutarch.

460 3157 662 3209 Catone
683 3159 814 3225 Msj.
831 3159 915 3211 καὶ
945 3159 1228 3225 περιέκοπτε
1262 3162 1356 3223 τὴν
1382 3171 1533 3215 πολιν,-

457 3233 669 3287 ranan.
703 3238 938 3288 Frontin.
955 3240 1187 3304 Strateg.
1203 3241 1296 3291 lib.
1313 3256 1390 3291 tv.
1412 3250 1429 3273 ⁴
1450 3257 1530 3293 re·

369 3360 374 3363 ,
459 3312 801 3364 cidendornm
825 3314 1310 3379 impedimentorum
1329 3316 1531 3380 gratia)

460 3389 669 3439 Seneca
688 3389 817 3440 Nat.
841 3391 1044 3443 Qnaest.
1063 3391 1102 3440 l.
1125 3406 1212 3442 ιιι.
1245 3401 1262 3425 ⁸
1285 3392 1529 3459 Occupa-

458 3466 630 3517 tiones
653 3467 986 3529 recidantur;
1012 3469 1307 3533 patrimonii
1326 3471 1479 3534 longe
1496 3487 1530 3522 a

458 3544 665 3595 domino
670 3545 899 3610 jacentis
913 3559 1041 3598 cura
1058 3546 1324 3597 solvatur!
1336 3547 1352 3569 ’
1386 3547 1530 3598 Hac·

455 3628 611 3673 tenus
631 3622 946 3674 Gronovius.
990 3623 1066 3675 At
1086 3625 1278 3688 largior
1298 3624 1532 3691 quidem,

456 3700 677 3751 verbum
711 3702 939 3766 recidere,
972 3716 1067 3767 pro
1102 3701 1320 3767 rejicere,
1357 3703 1529 3759 videri

456 3776 752 3841 elegantius
771 3779 891 3843 poni
915 3794 932 3841 ;
963 3794 1079 3829 cum
1097 3780 1150 3828 in
1169 3780 1220 3830 id
1240 3780 1429 3844 saepius
1454 3781 1529 3830 in·

454 3854 649 3904 ciderit
686 3855 1016 3917 Gronovius3
1058 3855 1210 3919 hujus
1240 3857 1400 3907 etiam
1437 3871 1528 3908 ex·

455 3932 792 3992 quisitissimo
825 3934 1052 3999 alioquin
1089 3942 1146 3984 et
1178 3934 1528 3986 moderatissi-

456 4020 543 4057 mo
569 4008 771 4070 judicio
804 4010 1082 4074 plurimum
1126 4009 1331 4061 tribnoz
1388 4026 1528 4064 nunc

453 4089 633 4134 tamen
655 4084 832 4136 induci
863 4100 966 4136 non
1001 4099 1225 4152 possum,
1246 4095 1307 4139 ut
1336 4088 1385 4138 ei
1405 4087 1527 4139 sub-

453 4160 699 4213 scribam.
765 4163 954 4228 Neque
983 4164 1121 4215 enim
1156 4165 1526 4215 necessitatem

453 4239 714 4304 quandam
737 4239 891 4290 video
920 4242 1065 4292 verbi
1088 4242 1281 4304 reficere
1314 4257 1382 4293 ex
1405 4257 1526 4308 per-

454 4327 621 4385 petua
641 4317 968 4384 possessione
995 4318 1326 4384 depellendi3
1353 4333 1524 4386 neque

1171 387 1391 439 1⁴01·AE
1440 387 1850 441 vammum
1901 388 1984 441 nt

1610 532 1869 583 caleulum
1891 531 2111 599 alicuius
2132 531 2252 584 libri
2272 546 2368 598 pro
2386 531 2684 586 adsciscen-

1610 609 1679 661 do
1714 610 1875 661 verbo
1911 610 2124 662 recidere
2161 610 2499 676 deprehendo
2510 627 2533 674 3
2579 611 2685 662 nisi

1608 685 1748 751 quod
1792 688 1929 738 solus
1974 688 2257 747 Genetos,
2291 688 2683 740 Gronovianam

1610 764 1966 828 conjecturam
2016 772 2246 829 secutus,
2294 766 2346 815 in
2384 767 2684 816 recentiore

1608 838 1843 891 editione
1880 842 1930 892 ei
1974 843 2144 893 locum
2188 841 2413 894 dederit.
2483 843 2683 893 Nescio

1609 924 1777 982 certe,
1834 933 1930 969 cur
1980 919 2070 969 ille
2119 933 2222 971 nou
2277 927 2422 970 reete
2475 919 2683 969 dicatur

1608 994 1805 1060 aliquid
1857 1010 2098 1059 maguum
2152 1011 2217 1046 ex
2262 996 2365 1047 suis
2410 993 2682 1058 facultati-

1610 1069 1704 1121 bus
1732 1070 1948 1135 rejicere,
1975 1072 2062 1137 qui
2099 1072 2151 1123 in
2189 1073 2471 1137 seligendis
2504 1087 2683 1125 secer-

1607 1148 1899 1214 nendisque
1940 1150 2096 1201 rebus
2146 1151 2252 1201 suis
2296 1157 2500 1215 partem
2554 1151 2682 1202 reti·

1608 1231 1723 1287 net,
1746 1234 1951 1289 partem
1978 1227 2232 1287 inutilem,
2252 1234 2343 1280 aut
2365 1242 2470 1279 non
2495 1242 2681 1279 neces·

1606 1301 1812 1361 sariam,
1844 1304 2085 1364 dimittit,
2115 1312 2172 1356 et
2201 1305 2416 1356 alienat.
2468 1305 2586 1356 Cic.
2611 1304 2681 1367 de

1608 1379 1737 1443 Leg.
1774 1393 1815 1431 ι.
1853 1384 1937 1431 28.
1981 1380 2232 1432 ‘Animus
2264 1380 2478 1431 exacuit
2517 1382 2682 1443 illam,

1607 1466 1666 1511 ut
1703 1458 1991 1523 oculorum,
2023 1458 2097 1510 sic
2133 1458 2353 1523 ingenii,
2389 1458 2586 1520 aciem,
2610 1457 2680 1509 ad

1606 1533 1741 1584 bona
1762 1535 2061 1602 deligenda,
2085 1544 2143 1588 et
2165 1535 2453 1600 rejicienda
2467 1543 2680 1587 eontra·

1607 1611 1717 1663 ria?
1752 1613 2002 1666 Quinctil.
2017 1614 2198 1665 Instit.
2213 1615 2319 1665 Ora
2327 1620 2367 1664 t.
2378 1627 2458 1666 vr.
2472 1617 2523 1664 3.
2543 1614 2562 1640 ‘
2580 1614 2679 1671 Fa·

1605 1691 1757 1742 cilius
1780 1691 1907 1755 quid
1949 1690 2120 1755 rejici,
2150 1706 2307 1757 quarn
2341 1691 2466 1757 quid
2501 1691 2682 1756 adjici,

1605 1770 1817 1836 potest-⁹
1870 1772 2013 1822 Hinc
2034 1772 2204 1821 Varro
2226 1770 2382 1820 etiam
2402 1776 2421 1803 ⁸
2445 1768 2681 1834 pecudes

1605 1849 1844 1913 rejiculas
1857 1846 1873 1869 ’
1897 1864 1928 1898 a
1948 1850 1963 1877 ‘
1974 1847 2257 1912 rejiciendo
2269 1845 2284 1868 '
2299 1847 2678 1909 denominavit,

1605 1941 1722 1991 qum
1746 1942 1777 1978 a
1798 1932 1983 1977 cetero
2006 1940 2166 1989 grege
2191 1931 2434 1990 tanquam
2457 1937 2561 1973 non
2582 1938 2679 1985 neq

1604 2002 1844 2053 cessariae
1875 2008 1933 2053 et
1968 2003 2179 2054 inutiles
2219 2008 2587 2066 segregantur,
2620 2006 2678 2065 et

1605 2079 1920 2137 alienantur,
1940 2077 2008 2129 de
2039 2078 2119 2128 Re
2143 2077 2295 2128 Rust.
2317 2091 2380 2128 ιι.
2403 2080 2452 2128 1.
2486 2080 2503 2107 ‘
2528 2077 2675 2128 Prai-

1604 2162 1749 2206 terea
1770 2155 1905 2206 scire
1927 2162 2158 2220 oportet,
2184 2155 2237 2206 iu
2261 2168 2419 2220 grege
2442 2161 2574 2218 quot
2598 2151 2678 2204 fe·

1603 2233 1767 2283 minas
1789 2230 2002 2296 habeat,
2022 2264 2039 2282 .
2061 2267 2079 2285 .
2103 2268 2118 2284 .
2142 2241 2272 2297 quot
2303 2232 2534 2297 rejiculae
2567 2232 2677 2283 sint

1603 2310 1930 2363 alienanda!
1984 2311 2057 2365 Et
2080 2325 2146 2361 11.
2167 2317 2217 2363 6.
2252 2312 2270 2340 ‘
2294 2312 2365 2362 Ut
2387 2310 2440 2363 in
2464 2309 2678 2377 reliquis

1604 2387 1851 2453 gregibus
1884 2388 2142 2452 pecuariis
2178 2387 2415 2443 delectus
2453 2393 2674 2452 quotan-

1602 2469 1683 2521 nis
1699 2467 1982 2532 habendus,
1997 2476 2052 2518 et
2075 2467 2308 2531 rejiculae
2332 2463 2677 2531 rejiciundae.'

1608 2544 1717 2607 Ego
1739 2550 1884 2608 puto,
1901 2543 1952 2597 iu
1971 2545 2205 2597 oratione
2227 2544 2541 2609 panegyrica
2558 2558 2684 2608 gra-⁸

1605 2621 1720 2673 vius
1741 2622 1865 2688 dici,
1887 2636 1952 2673 ex
1978 2622 2292 2687 patrimonio
2314 2621 2507 2687 aliquid
2531 2635 2672 2687 mag·

1603 2711 1726 2748 num
1746 2698 1964 2763 reficere,
1984 2714 2138 2766 quam
2161 2699 2400 2749 recidere.-
2432 2704 2488 2748 at
2516 2712 2673 2762 pone,

1605 2776 1790 2830 melius
1830 2775 1998 2827 videri
2036 2776 2251 2827 verbnm
2287 2775 2531 2833 recidere,-
2581 2789 2673 2824 ne·

1605 2851 1760 2909 scies,
1792 2867 1857 2902 an
1891 2857 1950 2902 et
1979 2850 2206 2918 antiquis
2236 2850 2575 2916 scriptoribus
2608 2865 2672 2903 ea

1606 2942 1815 2991 semper
1846 2928 2062 2985 meliora
2089 2929 2196 2979 sint
2220 2928 2352 2991 visa,
2375 2943 2493 2995 quae
2521 2926 2671 2979 nobis

1599 3003 1755 3055 hodie
1791 3004 2071 3067 videntur3
2108 3019 2191 3063 ac,
2227 3005 2274 3056 si
2311 3019 2369 3055 re
2405 3019 2528 3055 vera
2561 3005 2669 3056 sint

1599 3081 1833 3143 meliora,
1850 3096 1919 3132 an
1944 3082 2010 3132 iis
2039 3081 2199 3133 etiam
2223 3095 2431 3146 semper
2452 3082 2668 3143 meliora

1599 3160 1653 3213 in
1697 3169 1927 3213 mentem
1991 3160 2351 3226 calamumque
2402 3160 2666 3213 venerint.

1599 3238 1752 3293 Idm

1663 3313 1830 3369 Masis
1863 3327 2090 3375 maguum
2123 3312 2346 3379 reficere]
2391 3311 2561 3375 Magis
2590 3327 2667 3371 re-

1583 3391 1739 3454 jicere
1773 3391 1940 3442 Livin-
1966 3392 2019 3441 iu
2048 3398 2182 3443 text.
2205 3390 2300 3441 sed
2330 3392 2383 3441 iu
2411 3391 2666 3456 margine,

1597 3469 1834 3531 Magum
1855 3467 2052 3529 νῶι-ενι
2070 3468 2136 3519 V.
2161 3469 2223 3519 C.

1661 3545 1829 3597 Manio
1852 3560 2077 3608 mgnum
2100 3543 2319 3608 reficere]
2353 3545 2527 3609 Magis
2553 3543 2668 3607 reji-

1595 3636 1702 3673 cere
1726 3623 1930 3687 aliquid.
1997 3621 2155 3675 Haud
2188 3621 2415 3671 absurda
2439 3627 2525 3671 est
2543 3636 2666 3672 con-

1589 3700 1800 3764 jecturs
1827 3699 2200 3763 Boingarsiaua,
2220 3697 2365 3751 Satis
2382 3704 2457 3749 est
2477 3699 2569 3749 tibi
2588 3699 2668 3749 ni·

1596 3777 1851 3841 mitemque,
1881 3791 1989 3827 cum
2018 3775 2296 3827 successa-is
2322 3775 2532 3841 principi
2548 3777 2664 3838 sru-

1591 3854 1873 3915 galiasimw
1903 3853 2053 3904 mavis
2073 3851 2286 3917 reiicere,
2307 3854 2391 3914 ξε.
2426 3854 2585 3905 Grut.

1662 3930 1734 3981 Tu
1752 3929 1983 3993 “⁸5qu
1993 3928 2158 3993 puter]
2183 3928 2352 3979 Tutius
2368 3931 2492 3994 quod
2509 3935 2668 3994 pater·

1570 4006 1686 4059 ‘Ita
1715 4013 1797 4056 est
1824 4008 1876 4056 iu
1911 4005 2149 4056 omuibus
2185 4006 2400 4066 nostris,
2433 4017 2663 4073 excepto

1596 4084 1658 4142 C.
1681 4084 1732 4133 iu
1768 4097 1870 4148 quo
1903 4082 2081 4133 editur
2102 4083 2231 4147 ded„
2254 4083 2416 4148 potius
2440 4101 2547 4149 quoe
2575 4101 2661 4150 ρας.

1592 4166 1684 4218 ter,
1707 4161 1908 4225 longius
1930 4177 1961 4210 a
1982 4174 2107 4213 vero
2121 4177 2139 4222 ς
2174 4175 2291 4211 nsm
2320 4161 2533 4213 dubium
2556 4178 2661 4227 non

1593 4245 1693 4304 est,
1716 4240 1844 4305 quin
1874 4244 2059 4302 aperte
2090 4245 2289 4291 rectum
2313 4240 2443 4302 ded..
2479 4244 2535 4290 ta
2562 4241 2663 4311 cuiq

1591 4318 1714 4381 qaod
1726 4319 1885 4382 pater.
1951 4315 2160 4368 Clarum
2181 4329 2248 4367 ex
2271 4315 2535 4369 antithesi.
2589 4318 2660 4368 Et
