<?xml version="1.0" encoding="UTF-8"?>
<!DOCTYPE html PUBLIC "-//W3C//DTD XHTML 1.0 Transitional//EN"
    "http://www.w3.org/TR/xhtml1/DTD/xhtml1-transitional.dtd">
<html xmlns="http://www.w3.org/1999/xhtml" xml:lang="en" lang="en">
 <head>
  <title>
</title>
<meta http-equiv="Content-Type" content="text/html;charset=utf-8" />
  <meta name='ocr-system' content='tesseract 3.04.00' />
  <meta name='ocr-capabilities' content='ocr_page ocr_carea ocr_par ocr_line ocrx_word'/>
</head>
<body>
  <div class='ocr_page' id='page_1' title='image "./panegyriciveter01unkngoog_0604.png"; bbox 0 0 3017 4942; ppageno 0'>
   <div class='ocr_carea' id='block_1_1' title="bbox 516 527 1620 4348">
    <p class='ocr_par' dir='ltr' id='par_1_1' title="bbox 532 527 1620 2051">
     <span class='ocr_line' id='line_1_1' title="bbox 549 527 1618 588; baseline -0.007 -1"><span class='ocrx_word' id='word_1_1' title='bbox 549 548 675 588; x_wconf 84' lang='lat' dir='ltr'>num</span> <span class='ocrx_word' id='word_1_2' title='bbox 698 541 714 566; x_wconf 73' lang='lat'><em>⁸</em></span> <span class='ocrx_word' id='word_1_3' title='bbox 731 539 837 585; x_wconf 80' lang='lat' dir='ltr'>tam</span> <span class='ocrx_word' id='word_1_4' title='bbox 859 530 1119 582; x_wconf 84' lang='lat' dir='ltr'>assiduum</span> <span class='ocrx_word' id='word_1_5' title='bbox 1133 527 1297 580; x_wconf 79' lang='lat' dir='ltr'>fnisse</span> <span class='ocrx_word' id='word_1_6' title='bbox 1313 529 1367 580; x_wconf 88' lang='lat' dir='ltr'>in</span> <span class='ocrx_word' id='word_1_7' title='bbox 1384 529 1618 581; x_wconf 85' lang='lat' dir='ltr'>tribuna·</span> 
     </span>
     <span class='ocr_line' id='line_1_2' title="bbox 549 600 1620 670; baseline -0.007 -8"><span class='ocrx_word' id='word_1_8' title='bbox 549 613 606 668; x_wconf 87' lang='lat' dir='ltr'>li,</span> <span class='ocrx_word' id='word_1_9' title='bbox 631 619 690 661; x_wconf 88' lang='lat' dir='ltr'>nt</span> <span class='ocrx_word' id='word_1_10' title='bbox 711 609 891 660; x_wconf 81' lang='lat' dir='ltr'>labore</span> <span class='ocrx_word' id='word_1_11' title='bbox 916 600 1060 657; x_wconf 79' lang='lat' dir='ltr'>refici</span> <span class='ocrx_word' id='word_1_12' title='bbox 1084 621 1146 656; x_wconf 82' lang='lat' dir='ltr'>ac</span> <span class='ocrx_word' id='word_1_13' title='bbox 1169 607 1401 670; x_wconf 87' lang='lat' dir='ltr'>reparari</span> <span class='ocrx_word' id='word_1_14' title='bbox 1418 605 1620 656; x_wconf 81' lang='lat' dir='ltr'>videre·</span> 
     </span>
     <span class='ocr_line' id='line_1_3' title="bbox 550 683 1618 746; baseline -0.006 -8"><span class='ocrx_word' id='word_1_15' title='bbox 550 685 676 738; x_wconf 60' lang='lat' dir='ltr'>tur!</span> <span class='ocrx_word' id='word_1_16' title='bbox 740 687 887 736; x_wconf 87' lang='lat' dir='ltr'>Bene</span> <span class='ocrx_word' id='word_1_17' title='bbox 909 685 1043 734; x_wconf 88' lang='lat' dir='ltr'>enim</span> <span class='ocrx_word' id='word_1_18' title='bbox 1070 683 1362 746; x_wconf 83' lang='lat' dir='ltr'>Xenophon</span> <span class='ocrx_word' id='word_1_19' title='bbox 1400 683 1491 738; x_wconf 85' lang='lat' dir='ltr'>ait,</span> <span class='ocrx_word' id='word_1_20' title='bbox 1516 683 1618 745; x_wconf 85' lang='lat' dir='ltr'>Cy·</span> 
     </span>
     <span class='ocr_line' id='line_1_4' title="bbox 548 757 1618 827; baseline -0.006 -12"><span class='ocrx_word' id='word_1_21' title='bbox 548 764 746 827; x_wconf 73' lang='lat' dir='ltr'>ropaed.</span> <span class='ocrx_word' id='word_1_22' title='bbox 765 763 858 813; x_wconf 85' lang='lat' dir='ltr'>lib.</span> <span class='ocrx_word' id='word_1_23' title='bbox 889 775 992 811; x_wconf 75' lang='lat' dir='ltr'>vu.</span> <span class='ocrx_word' id='word_1_24' title='bbox 1016 759 1078 810; x_wconf 84' lang='grc' dir='ltr'>Οἱ</span> <span class='ocrx_word' id='word_1_25' title='bbox 1097 758 1193 823; x_wconf 67' lang='grc' dir='ltr'>’γὰρ</span> <span class='ocrx_word' id='word_1_26' title='bbox 1211 758 1348 809; x_wconf 76' lang='grc' dir='ltr'><strong>πόνοι</strong></span> <span class='ocrx_word' id='word_1_27' title='bbox 1375 757 1492 822; x_wconf 68' lang='grc' dir='ltr'>ὄψον</span> <span class='ocrx_word' id='word_1_28' title='bbox 1516 761 1618 809; x_wconf 69' lang='grc' dir='ltr'>τοῖς</span> 
     </span>
     <span class='ocr_line' id='line_1_5' title="bbox 546 837 1620 907; baseline -0.004 -17"><span class='ocrx_word' id='word_1_29' title='bbox 546 840 759 902; x_wconf 48' lang='lat' dir='ltr'>&amp;oflois-</span> <span class='ocrx_word' id='word_1_30' title='bbox 808 838 1020 900; x_wconf 63' lang='lat' dir='ltr'>Labores</span> <span class='ocrx_word' id='word_1_31' title='bbox 1042 838 1258 907; x_wconf 73' lang='lat' dir='ltr'>sortibus</span> <span class='ocrx_word' id='word_1_32' title='bbox 1289 844 1399 887; x_wconf 74' lang='lat' dir='ltr'>sunt</span> <span class='ocrx_word' id='word_1_33' title='bbox 1435 837 1620 902; x_wconf 77' lang='lat' dir='ltr'>opsonii</span> 
     </span>
     <span class='ocr_line' id='line_1_6' title="bbox 546 915 1618 977; baseline -0.005 -9"><span class='ocrx_word' id='word_1_34' title='bbox 546 920 664 968; x_wconf 78' lang='lat' dir='ltr'>loco.</span> <span class='ocrx_word' id='word_1_35' title='bbox 729 917 794 967; x_wconf 87' lang='lat' dir='ltr'>In</span> <span class='ocrx_word' id='word_1_36' title='bbox 830 929 945 965; x_wconf 88' lang='lat' dir='ltr'>meo</span> <span class='ocrx_word' id='word_1_37' title='bbox 969 915 1150 964; x_wconf 85' lang='lat' dir='ltr'>codice</span> <span class='ocrx_word' id='word_1_38' title='bbox 1184 929 1278 977; x_wconf 82' lang='lat' dir='ltr'>pro</span> <span class='ocrx_word' id='word_1_39' title='bbox 1301 929 1429 964; x_wconf 85' lang='lat' dir='ltr'>voce</span> <span class='ocrx_word' id='word_1_40' title='bbox 1459 920 1618 964; x_wconf 77' lang='lat' dir='ltr'>muta-</span> 
     </span>
     <span class='ocr_line' id='line_1_7' title="bbox 544 991 1617 1056; baseline -0.007 -9"><span class='ocrx_word' id='word_1_41' title='bbox 544 995 741 1056; x_wconf 57' lang='lat' dir='ltr'>ranem,</span> <span class='ocrx_word' id='word_1_42' title='bbox 763 991 903 1042; x_wconf 84' lang='lat' dir='ltr'>facili</span> <span class='ocrx_word' id='word_1_43' title='bbox 926 1000 1102 1041; x_wconf 76' lang='lat' dir='ltr'>eri-&#39;ore</span> <span class='ocrx_word' id='word_1_44' title='bbox 1126 992 1380 1054; x_wconf 85' lang='lat' dir='ltr'>scriptum</span> <span class='ocrx_word' id='word_1_45' title='bbox 1405 998 1487 1041; x_wconf 89' lang='lat' dir='ltr'>est</span> <span class='ocrx_word' id='word_1_46' title='bbox 1506 992 1617 1040; x_wconf 74' lang='lat' dir='ltr'>imi·</span> 
     </span>
     <span class='ocr_line' id='line_1_8' title="bbox 544 1067 1616 1131; baseline -0.004 -11"><span class='ocrx_word' id='word_1_47' title='bbox 544 1070 776 1120; x_wconf 74' lang='lat' dir='ltr'>tationem</span> <span class='ocrx_word' id='word_1_48' title='bbox 786 1083 807 1127; x_wconf 81' lang='lat'>,⁰</span> <span class='ocrx_word' id='word_1_49' title='bbox 841 1068 1011 1131; x_wconf 88' lang='lat' dir='ltr'>prima</span> <span class='ocrx_word' id='word_1_50' title='bbox 1042 1067 1178 1116; x_wconf 90' lang='lat' dir='ltr'>enim</span> <span class='ocrx_word' id='word_1_51' title='bbox 1212 1067 1410 1130; x_wconf 78' lang='lat' dir='ltr'>syllaba</span> <span class='ocrx_word' id='word_1_52' title='bbox 1442 1082 1542 1130; x_wconf 78' lang='lat' dir='ltr'>mu,</span> <span class='ocrx_word' id='word_1_53' title='bbox 1563 1067 1616 1117; x_wconf 88' lang='lat' dir='ltr'>in</span> 
     </span>
     <span class='ocr_line' id='line_1_9' title="bbox 538 1140 1618 1209; baseline -0.006 -14"><span class='ocrx_word' id='word_1_54' title='bbox 538 1145 652 1201; x_wconf 65' lang='lat' dir='ltr'>imi,</span> <span class='ocrx_word' id='word_1_55' title='bbox 675 1150 893 1209; x_wconf 86' lang='lat' dir='ltr'>propter</span> <span class='ocrx_word' id='word_1_56' title='bbox 926 1143 1114 1192; x_wconf 83' lang='lat' dir='ltr'>omissa</span> <span class='ocrx_word' id='word_1_57' title='bbox 1145 1148 1337 1206; x_wconf 85' lang='lat' dir='ltr'>puncta</span> <span class='ocrx_word' id='word_1_58' title='bbox 1369 1142 1559 1190; x_wconf 78' lang='lat' dir='ltr'>litterae</span> <span class='ocrx_word' id='word_1_59' title='bbox 1580 1140 1618 1202; x_wconf 80' lang='lat' dir='ltr'>i,</span> 
     </span>
     <span class='ocr_line' id='line_1_10' title="bbox 544 1216 1617 1282; baseline -0.006 -11"><span class='ocrx_word' id='word_1_60' title='bbox 544 1228 629 1271; x_wconf 85' lang='lat' dir='ltr'>est</span> <span class='ocrx_word' id='word_1_61' title='bbox 652 1230 923 1271; x_wconf 81' lang='lat' dir='ltr'>conversa·</span> <span class='ocrx_word' id='word_1_62' title='bbox 966 1219 1128 1282; x_wconf 85' lang='lat' dir='ltr'>Pejus</span> <span class='ocrx_word' id='word_1_63' title='bbox 1151 1228 1382 1269; x_wconf 84' lang='lat' dir='ltr'>erratum</span> <span class='ocrx_word' id='word_1_64' title='bbox 1407 1216 1617 1266; x_wconf 85' lang='lat' dir='ltr'>admisit</span> 
     </span>
     <span class='ocr_line' id='line_1_11' title="bbox 542 1294 1613 1359; baseline -0.003 -12"><span class='ocrx_word' id='word_1_65' title='bbox 542 1297 787 1347; x_wconf 82' lang='lat' dir='ltr'>librarius</span> <span class='ocrx_word' id='word_1_66' title='bbox 833 1296 1030 1345; x_wconf 88' lang='lat' dir='ltr'>codicis</span> <span class='ocrx_word' id='word_1_67' title='bbox 1087 1295 1351 1358; x_wconf 78' lang='lat' dir='ltr'>Patavini,</span> <span class='ocrx_word' id='word_1_68' title='bbox 1395 1294 1486 1359; x_wconf 88' lang='lat' dir='ltr'>qui</span> <span class='ocrx_word' id='word_1_69' title='bbox 1535 1309 1613 1344; x_wconf 80' lang='lat' dir='ltr'>se-</span> 
     </span>
     <span class='ocr_line' id='line_1_12' title="bbox 543 1372 1610 1439; baseline -0.003 -16"><span class='ocrx_word' id='word_1_70' title='bbox 543 1375 757 1439; x_wconf 78' lang='lat' dir='ltr'>quentia</span> <span class='ocrx_word' id='word_1_71' title='bbox 778 1372 955 1429; x_wconf 83' lang='lat' dir='ltr'>verba,</span> <span class='ocrx_word' id='word_1_72' title='bbox 985 1372 1082 1421; x_wconf 74' lang='lat' dir='ltr'>nisi</span> <span class='ocrx_word' id='word_1_73' title='bbox 1115 1373 1320 1421; x_wconf 79' lang='lat' dir='ltr'>lustrare</span> <span class='ocrx_word' id='word_1_74' title='bbox 1339 1374 1505 1426; x_wconf 78' lang='lat' dir='ltr'>sottus,</span> <span class='ocrx_word' id='word_1_75' title='bbox 1529 1386 1610 1420; x_wconf 78' lang='lat' dir='ltr'>ex-</span> 
     </span>
     <span class='ocr_line' id='line_1_13' title="bbox 540 1449 1614 1512; baseline -0.002 -13"><span class='ocrx_word' id='word_1_76' title='bbox 540 1456 702 1501; x_wconf 77' lang='lat' dir='ltr'>cutere</span> <span class='ocrx_word' id='word_1_77' title='bbox 735 1449 967 1500; x_wconf 75' lang='lat' dir='ltr'>cubilibus</span> <span class='ocrx_word' id='word_1_78' title='bbox 987 1449 1144 1511; x_wconf 82' lang='lat' dir='ltr'>seros,</span> <span class='ocrx_word' id='word_1_79' title='bbox 1166 1463 1380 1512; x_wconf 88' lang='lat' dir='ltr'>prorsus</span> <span class='ocrx_word' id='word_1_80' title='bbox 1414 1449 1614 1511; x_wconf 79' lang='lat' dir='ltr'>omisit3</span> 
     </span>
     <span class='ocr_line' id='line_1_14' title="bbox 539 1525 1612 1593; baseline -0.004 -16"><span class='ocrx_word' id='word_1_81' title='bbox 539 1541 642 1591; x_wconf 83' lang='lat' dir='ltr'>pro</span> <span class='ocrx_word' id='word_1_82' title='bbox 683 1526 866 1593; x_wconf 84' lang='lat' dir='ltr'>quibus</span> <span class='ocrx_word' id='word_1_83' title='bbox 907 1526 1013 1575; x_wconf 83' lang='lat' dir='ltr'>duo</span> <span class='ocrx_word' id='word_1_84' title='bbox 1055 1526 1159 1575; x_wconf 82' lang='lat' dir='ltr'>alia</span> <span class='ocrx_word' id='word_1_85' title='bbox 1189 1525 1444 1575; x_wconf 82' lang='lat' dir='ltr'>vocabula</span> <span class='ocrx_word' id='word_1_86' title='bbox 1483 1525 1612 1574; x_wconf 85' lang='lat' dir='ltr'>satis</span> 
     </span>
     <span class='ocr_line' id='line_1_15' title="bbox 541 1603 1614 1668; baseline -0.004 -13"><span class='ocrx_word' id='word_1_87' title='bbox 541 1605 797 1655; x_wconf 77' lang='lat' dir='ltr'>audacter</span> <span class='ocrx_word' id='word_1_88' title='bbox 819 1603 1071 1668; x_wconf 76' lang='lat' dir='ltr'>reposuit,</span> <span class='ocrx_word' id='word_1_89' title='bbox 1093 1608 1149 1652; x_wconf 89' lang='lat' dir='ltr'>et</span> <span class='ocrx_word' id='word_1_90' title='bbox 1171 1617 1288 1652; x_wconf 89' lang='lat' dir='ltr'>cum</span> <span class='ocrx_word' id='word_1_91' title='bbox 1310 1603 1614 1667; x_wconf 77' lang='lat' dir='ltr'>praeceden-</span> 
     </span>
     <span class='ocr_line' id='line_1_16' title="bbox 538 1679 1611 1741; baseline -0.002 -11"><span class='ocrx_word' id='word_1_92' title='bbox 538 1681 678 1731; x_wconf 83' lang='lat' dir='ltr'>tibus</span> <span class='ocrx_word' id='word_1_93' title='bbox 702 1682 777 1731; x_wconf 83' lang='lat' dir='ltr'>ita</span> <span class='ocrx_word' id='word_1_94' title='bbox 797 1679 1086 1741; x_wconf 85' lang='lat' dir='ltr'>conjunxit,</span> <span class='ocrx_word' id='word_1_95' title='bbox 1106 1680 1229 1735; x_wconf 79' lang='lat' dir='ltr'>Qaoe</span> <span class='ocrx_word' id='word_1_96' title='bbox 1245 1679 1372 1728; x_wconf 79' lang='lat' dir='ltr'>enim</span> <span class='ocrx_word' id='word_1_97' title='bbox 1393 1679 1611 1728; x_wconf 76' lang='lat' dir='ltr'>remissio</span> 
     </span>
     <span class='ocr_line' id='line_1_17' title="bbox 535 1755 1610 1818; baseline -0.002 -12"><span class='ocrx_word' id='word_1_98' title='bbox 535 1757 630 1806; x_wconf 68' lang='lat' dir='ltr'>tien·</span> <span class='ocrx_word' id='word_1_99' title='bbox 649 1761 829 1806; x_wconf 73' lang='lat' dir='ltr'>nostroe</span> <span class='ocrx_word' id='word_1_100' title='bbox 849 1756 1052 1806; x_wconf 77' lang='lat' dir='ltr'>solutis?</span> <span class='ocrx_word' id='word_1_101' title='bbox 1120 1755 1337 1805; x_wconf 83' lang='lat' dir='ltr'>Transit</span> <span class='ocrx_word' id='word_1_102' title='bbox 1360 1769 1482 1804; x_wconf 85' lang='lat' dir='ltr'>vero</span> <span class='ocrx_word' id='word_1_103' title='bbox 1497 1755 1610 1818; x_wconf 85' lang='lat' dir='ltr'>jam</span> 
     </span>
     <span class='ocr_line' id='line_1_18' title="bbox 532 1830 1606 1884; baseline -0.001 -1"><span class='ocrx_word' id='word_1_104' title='bbox 532 1830 738 1884; x_wconf 76' lang='lat' dir='ltr'>Plinius</span> <span class='ocrx_word' id='word_1_105' title='bbox 783 1848 814 1883; x_wconf 89' lang='lat' dir='ltr'>a</span> <span class='ocrx_word' id='word_1_106' title='bbox 852 1831 1009 1882; x_wconf 79' lang='lat' dir='ltr'>laude</span> <span class='ocrx_word' id='word_1_107' title='bbox 1056 1832 1307 1882; x_wconf 81' lang='lat' dir='ltr'>virtutum</span> <span class='ocrx_word' id='word_1_108' title='bbox 1348 1832 1502 1881; x_wconf 83' lang='lat' dir='ltr'>animi</span> <span class='ocrx_word' id='word_1_109' title='bbox 1542 1832 1606 1882; x_wconf 86' lang='lat' dir='ltr'>ad</span> 
     </span>
     <span class='ocr_line' id='line_1_19' title="bbox 536 1908 1609 1959; baseline -0.001 0"><span class='ocrx_word' id='word_1_110' title='bbox 536 1909 747 1959; x_wconf 75' lang='lat' dir='ltr'>laudern</span> <span class='ocrx_word' id='word_1_111' title='bbox 801 1908 1053 1959; x_wconf 86' lang='lat' dir='ltr'>bonorum</span> <span class='ocrx_word' id='word_1_112' title='bbox 1107 1915 1166 1957; x_wconf 91' lang='lat' dir='ltr'>et</span> <span class='ocrx_word' id='word_1_113' title='bbox 1218 1908 1609 1959; x_wconf 75' lang='lat' dir='ltr'>exercitationis</span> 
     </span>
     <span class='ocr_line' id='line_1_20' title="bbox 536 1988 981 2051; baseline -0.004 -13"><span class='ocrx_word' id='word_1_114' title='bbox 536 1988 796 2051; x_wconf 84' lang='lat' dir='ltr'>corporis.</span> <span class='ocrx_word' id='word_1_115' title='bbox 829 1988 981 2036; x_wconf 81' lang='lat' dir='ltr'>Idem.</span> 
     </span>
    </p>

    <p class='ocr_par' dir='ltr' id='par_1_2' title="bbox 526 2061 1607 2972">
     <span class='ocr_line' id='line_1_21' title="bbox 601 2061 1607 2125; baseline -0.002 -11"><span class='ocrx_word' id='word_1_116' title='bbox 601 2065 838 2114; x_wconf 70' lang='lat' dir='ltr'>Luserat-c</span> <span class='ocrx_word' id='word_1_117' title='bbox 879 2061 1057 2125; x_wconf 76' lang='lat' dir='ltr'>saltus]</span> <span class='ocrx_word' id='word_1_118' title='bbox 1107 2061 1414 2112; x_wconf 79' lang='lat' dir='ltr'>venationis</span> <span class='ocrx_word' id='word_1_119' title='bbox 1453 2063 1506 2112; x_wconf 90' lang='lat' dir='ltr'>in</span> <span class='ocrx_word' id='word_1_120' title='bbox 1544 2076 1607 2112; x_wconf 87' lang='lat' dir='ltr'>eo</span> 
     </span>
     <span class='ocr_line' id='line_1_22' title="bbox 535 2137 1606 2213; baseline -0.001 -24"><span class='ocrx_word' id='word_1_121' title='bbox 535 2139 765 2213; x_wconf 63' lang='lat' dir='ltr'>studium</span> <span class='ocrx_word' id='word_1_122' title='bbox 797 2138 1160 2188; x_wconf 67' lang='lat' dir='ltr'>commendata</span> <span class='ocrx_word' id='word_1_123' title='bbox 1197 2137 1450 2202; x_wconf 81' lang='lat' dir='ltr'>quidquid</span> <span class='ocrx_word' id='word_1_124' title='bbox 1485 2154 1606 2188; x_wconf 87' lang='lat' dir='ltr'>mox</span> 
     </span>
     <span class='ocr_line' id='line_1_23' title="bbox 536 2213 1604 2278; baseline -0.002 -13"><span class='ocrx_word' id='word_1_125' title='bbox 536 2213 702 2278; x_wconf 83' lang='lat' dir='ltr'>dicet,</span> <span class='ocrx_word' id='word_1_126' title='bbox 740 2229 912 2264; x_wconf 81' lang='lat' dir='ltr'>rarum</span> <span class='ocrx_word' id='word_1_127' title='bbox 950 2222 1145 2274; x_wconf 86' lang='lat' dir='ltr'>tamen,</span> <span class='ocrx_word' id='word_1_128' title='bbox 1179 2227 1276 2263; x_wconf 89' lang='lat' dir='ltr'>nec</span> <span class='ocrx_word' id='word_1_129' title='bbox 1307 2214 1360 2263; x_wconf 92' lang='lat' dir='ltr'>in</span> <span class='ocrx_word' id='word_1_130' title='bbox 1398 2229 1604 2276; x_wconf 84' lang='lat' dir='ltr'>magno,</span> 
     </span>
     <span class='ocr_line' id='line_1_24' title="bbox 533 2290 1605 2359; baseline -0.001 -16"><span class='ocrx_word' id='word_1_131' title='bbox 533 2292 722 2359; x_wconf 80' lang='lat' dir='ltr'>priscis</span> <span class='ocrx_word' id='word_1_132' title='bbox 766 2293 1031 2344; x_wconf 84' lang='lat' dir='ltr'>Romanis.</span> <span class='ocrx_word' id='word_1_133' title='bbox 1121 2290 1196 2342; x_wconf 85' lang='lat' dir='ltr'>At</span> <span class='ocrx_word' id='word_1_134' title='bbox 1251 2291 1366 2341; x_wconf 79' lang='lat' dir='ltr'>aliae</span> <span class='ocrx_word' id='word_1_135' title='bbox 1422 2299 1605 2356; x_wconf 80' lang='lat' dir='ltr'>gentes</span> 
     </span>
     <span class='ocr_line' id='line_1_25' title="bbox 533 2368 1607 2432; baseline -0.003 -11"><span class='ocrx_word' id='word_1_136' title='bbox 533 2377 794 2428; x_wconf 75' lang='lat' dir='ltr'>amarunt,</span> <span class='ocrx_word' id='word_1_137' title='bbox 831 2378 886 2420; x_wconf 88' lang='lat' dir='ltr'>et</span> <span class='ocrx_word' id='word_1_138' title='bbox 922 2370 988 2418; x_wconf 80' lang='lat' dir='ltr'>ab</span> <span class='ocrx_word' id='word_1_139' title='bbox 1019 2368 1267 2432; x_wconf 78' lang='lat' dir='ltr'>Hispanis</span> <span class='ocrx_word' id='word_1_140' title='bbox 1299 2369 1403 2417; x_wconf 80' lang='lat' dir='ltr'>suis</span> <span class='ocrx_word' id='word_1_141' title='bbox 1444 2369 1607 2418; x_wconf 76' lang='lat' dir='ltr'>traxit</span> 
     </span>
     <span class='ocr_line' id='line_1_26' title="bbox 532 2445 1604 2511; baseline -0.004 -13"><span class='ocrx_word' id='word_1_142' title='bbox 532 2447 809 2511; x_wconf 80' lang='lat' dir='ltr'>Trajauns.</span> <span class='ocrx_word' id='word_1_143' title='bbox 843 2445 929 2496; x_wconf 85' lang='lat' dir='ltr'>Ab</span> <span class='ocrx_word' id='word_1_144' title='bbox 949 2461 1012 2495; x_wconf 89' lang='lat' dir='ltr'>eo</span> <span class='ocrx_word' id='word_1_145' title='bbox 1034 2445 1352 2507; x_wconf 80' lang='lat' dir='ltr'>Hadrianus,</span> <span class='ocrx_word' id='word_1_146' title='bbox 1372 2446 1460 2508; x_wconf 85' lang='lat' dir='ltr'>qui</span> <span class='ocrx_word' id='word_1_147' title='bbox 1482 2452 1498 2475; x_wconf 78' lang='lat'><em>⁶</em></span> <span class='ocrx_word' id='word_1_148' title='bbox 1520 2460 1604 2494; x_wconf 88' lang='lat' dir='ltr'>us-</span> 
     </span>
     <span class='ocr_line' id='line_1_27' title="bbox 532 2520 1602 2589; baseline -0.003 -17"><span class='ocrx_word' id='word_1_149' title='bbox 532 2538 634 2589; x_wconf 87' lang='lat' dir='ltr'>que</span> <span class='ocrx_word' id='word_1_150' title='bbox 659 2523 723 2572; x_wconf 86' lang='lat' dir='ltr'>ad</span> <span class='ocrx_word' id='word_1_151' title='bbox 749 2521 994 2572; x_wconf 85' lang='lat' dir='ltr'>insaniam</span> <span class='ocrx_word' id='word_1_152' title='bbox 1029 2526 1085 2570; x_wconf 89' lang='lat' dir='ltr'>et</span> <span class='ocrx_word' id='word_1_153' title='bbox 1115 2521 1401 2583; x_wconf 85' lang='lat' dir='ltr'>periculum</span> <span class='ocrx_word' id='word_1_154' title='bbox 1426 2534 1489 2568; x_wconf 87' lang='lat' dir='ltr'>eo</span> <span class='ocrx_word' id='word_1_155' title='bbox 1511 2520 1602 2569; x_wconf 83' lang='lat' dir='ltr'>de-</span> 
     </span>
     <span class='ocr_line' id='line_1_28' title="bbox 528 2596 1604 2651; baseline -0.006 0"><span class='ocrx_word' id='word_1_156' title='bbox 528 2597 742 2651; x_wconf 70' lang='lat' dir='ltr'>tentus’</span> <span class='ocrx_word' id='word_1_157' title='bbox 780 2597 1046 2647; x_wconf 86' lang='lat' dir='ltr'>scribitur.</span> <span class='ocrx_word' id='word_1_158' title='bbox 1113 2596 1216 2645; x_wconf 87' lang='lat' dir='ltr'>Sed</span> <span class='ocrx_word' id='word_1_159' title='bbox 1247 2603 1302 2645; x_wconf 88' lang='lat' dir='ltr'>et</span> <span class='ocrx_word' id='word_1_160' title='bbox 1332 2597 1408 2646; x_wconf 88' lang='grc' dir='ltr'>Μ.</span> <span class='ocrx_word' id='word_1_161' title='bbox 1436 2596 1604 2646; x_wconf 87' lang='lat' dir='ltr'>Anto·</span> 
     </span>
     <span class='ocr_line' id='line_1_29' title="bbox 529 2674 1601 2740; baseline -0.005 -12"><span class='ocrx_word' id='word_1_162' title='bbox 529 2679 682 2728; x_wconf 79' lang='lat' dir='ltr'>ninus</span> <span class='ocrx_word' id='word_1_163' title='bbox 717 2676 1000 2740; x_wconf 78' lang='lat' dir='ltr'>‘piscando</span> <span class='ocrx_word' id='word_1_164' title='bbox 1023 2681 1080 2724; x_wconf 89' lang='lat' dir='ltr'>et</span> <span class='ocrx_word' id='word_1_165' title='bbox 1113 2674 1351 2724; x_wconf 84' lang='lat' dir='ltr'>venando</span> <span class='ocrx_word' id='word_1_166' title='bbox 1384 2676 1601 2725; x_wconf 84' lang='lat' dir='ltr'>multum</span> 
     </span>
     <span class='ocr_line' id='line_1_30' title="bbox 528 2750 1602 2814; baseline -0.007 -9"><span class='ocrx_word' id='word_1_167' title='bbox 528 2769 588 2805; x_wconf 74' lang='lat' dir='ltr'>se</span> <span class='ocrx_word' id='word_1_168' title='bbox 611 2751 935 2804; x_wconf 65' lang='lat' dir='ltr'>oblectavit!</span> <span class='ocrx_word' id='word_1_169' title='bbox 1004 2752 1137 2802; x_wconf 82' lang='lat' dir='ltr'>Quis</span> <span class='ocrx_word' id='word_1_170' title='bbox 1162 2765 1381 2814; x_wconf 87' lang='lat' dir='ltr'>carpere</span> <span class='ocrx_word' id='word_1_171' title='bbox 1405 2750 1602 2813; x_wconf 87' lang='lat' dir='ltr'>possit?</span> 
     </span>
     <span class='ocr_line' id='line_1_31' title="bbox 528 2802 1600 2890; baseline -0.005 -9"><span class='ocrx_word' id='word_1_172' title='bbox 528 2846 678 2882; x_wconf 80' lang='lat' dir='ltr'>usum</span> <span class='ocrx_word' id='word_1_173' title='bbox 702 2831 880 2887; x_wconf 85' lang='lat' dir='ltr'>habet,</span> <span class='ocrx_word' id='word_1_174' title='bbox 895 2828 940 2877; x_wconf 84' lang='lat' dir='ltr'>si</span> <span class='ocrx_word' id='word_1_175' title='bbox 957 2802 1159 2879; x_wconf 53' lang='lat' dir='ltr'>molum</span> <span class='ocrx_word' id='word_1_176' title='bbox 1176 2843 1192 2889; x_wconf 88' lang='lat'>;</span> <span class='ocrx_word' id='word_1_177' title='bbox 1212 2834 1268 2876; x_wconf 89' lang='lat' dir='ltr'>et</span> <span class='ocrx_word' id='word_1_178' title='bbox 1292 2828 1464 2890; x_wconf 76' lang='lat' dir='ltr'>Plato,</span> <span class='ocrx_word' id='word_1_179' title='bbox 1486 2827 1600 2877; x_wconf 89' lang='lat' dir='ltr'>Xe·</span> 
     </span>
     <span class='ocr_line' id='line_1_32' title="bbox 526 2905 1381 2972; baseline -0.005 -13"><span class='ocrx_word' id='word_1_180' title='bbox 526 2909 758 2972; x_wconf 86' lang='lat' dir='ltr'>nopbon‚</span> <span class='ocrx_word' id='word_1_181' title='bbox 780 2909 887 2967; x_wconf 80' lang='lat' dir='ltr'>alii,</span> <span class='ocrx_word' id='word_1_182' title='bbox 910 2906 1205 2956; x_wconf 78' lang='lat' dir='ltr'><strong>laudarunt.</strong></span> <span class='ocrx_word' id='word_1_183' title='bbox 1240 2905 1381 2968; x_wconf 78' lang='lat' dir='ltr'>Lips.</span> 
     </span>
    </p>

    <p class='ocr_par' dir='ltr' id='par_1_3' title="bbox 518 2980 1599 3338">
     <span class='ocr_line' id='line_1_33' title="bbox 594 2980 1599 3044; baseline -0.002 -10"><span class='ocrx_word' id='word_1_184' title='bbox 594 2986 828 3034; x_wconf 64' lang='lat' dir='ltr'>Lustrat-e</span> <span class='ocrx_word' id='word_1_185' title='bbox 849 2981 1019 3044; x_wconf 80' lang='lat' dir='ltr'>saltus]</span> <span class='ocrx_word' id='word_1_186' title='bbox 1055 2981 1371 3031; x_wconf 75' lang='lat' dir='ltr'>Claudianus</span> <span class='ocrx_word' id='word_1_187' title='bbox 1401 2980 1467 3031; x_wconf 83' lang='lat' dir='ltr'>dc</span> <span class='ocrx_word' id='word_1_188' title='bbox 1495 2981 1599 3032; x_wconf 88' lang='lat' dir='ltr'>Sti·</span> 
     </span>
     <span class='ocr_line' id='line_1_34' title="bbox 525 3058 1598 3122; baseline 0 -13"><span class='ocrx_word' id='word_1_189' title='bbox 525 3059 729 3110; x_wconf 83' lang='lat' dir='ltr'>licone:</span> <span class='ocrx_word' id='word_1_190' title='bbox 764 3064 779 3088; x_wconf 81' lang='lat'>⁸</span> <span class='ocrx_word' id='word_1_191' title='bbox 805 3060 936 3111; x_wconf 82' lang='lat' dir='ltr'>Quis</span> <span class='ocrx_word' id='word_1_192' title='bbox 975 3059 1225 3108; x_wconf 74' lang='lat' dir='ltr'>stilicone</span> <span class='ocrx_word' id='word_1_193' title='bbox 1272 3059 1414 3122; x_wconf 88' lang='lat' dir='ltr'>prior</span> <span class='ocrx_word' id='word_1_194' title='bbox 1452 3058 1598 3110; x_wconf 83' lang='lat' dir='ltr'>ferro</span> 
     </span>
     <span class='ocr_line' id='line_1_35' title="bbox 518 3134 1599 3199; baseline 0.002 -16"><span class='ocrx_word' id='word_1_195' title='bbox 518 3145 802 3199; x_wconf 59' lang='lat' dir='ltr'>&gt;penetrare.</span> <span class='ocrx_word' id='word_1_196' title='bbox 869 3136 1048 3184; x_wconf 87' lang='lat' dir='ltr'>leones</span> <span class='ocrx_word' id='word_1_197' title='bbox 1116 3134 1435 3192; x_wconf 86' lang='lat' dir='ltr'>Comminus,</span> <span class='ocrx_word' id='word_1_198' title='bbox 1505 3140 1599 3185; x_wconf 88' lang='lat' dir='ltr'>aut</span> 
     </span>
     <span class='ocr_line' id='line_1_36' title="bbox 525 3209 1596 3275; baseline 0.001 -13"><span class='ocrx_word' id='word_1_199' title='bbox 525 3214 681 3275; x_wconf 86' lang='lat' dir='ltr'>longe</span> <span class='ocrx_word' id='word_1_200' title='bbox 755 3211 902 3275; x_wconf 82' lang='lat' dir='ltr'>virga</span> <span class='ocrx_word' id='word_1_201' title='bbox 960 3209 1272 3274; x_wconf 82' lang='lat' dir='ltr'>transfigere</span> <span class='ocrx_word' id='word_1_202' title='bbox 1339 3211 1596 3263; x_wconf 81' lang='lat' dir='ltr'>cervos?&#39;</span> 
     </span>
     <span class='ocr_line' id='line_1_37' title="bbox 527 3289 683 3338; baseline -0.019 1"><span class='ocrx_word' id='word_1_203' title='bbox 527 3289 683 3338; x_wconf 77' lang='lat' dir='ltr'>Ber-n.</span> 
     </span>
    </p>

    <p class='ocr_par' dir='ltr' id='par_1_4' title="bbox 516 3364 1598 4348">
     <span class='ocr_line' id='line_1_38' title="bbox 591 3364 1597 3429; baseline 0.002 -15"><span class='ocrx_word' id='word_1_204' title='bbox 591 3364 921 3414; x_wconf 79' lang='lat' dir='ltr'>Horrentibus</span> <span class='ocrx_word' id='word_1_205' title='bbox 955 3365 1182 3428; x_wconf 77' lang='lat' dir='ltr'>scopulis]</span> <span class='ocrx_word' id='word_1_206' title='bbox 1217 3365 1430 3429; x_wconf 81' lang='lat' dir='ltr'>Scopuli</span> <span class='ocrx_word' id='word_1_207' title='bbox 1470 3371 1597 3417; x_wconf 85' lang='lat' dir='ltr'>sunt</span> 
     </span>
     <span class='ocr_line' id='line_1_39' title="bbox 525 3440 1596 3506; baseline 0 -16"><span class='ocrx_word' id='word_1_208' title='bbox 525 3455 656 3491; x_wconf 80' lang='lat' dir='ltr'>saxa</span> <span class='ocrx_word' id='word_1_209' title='bbox 678 3440 1049 3502; x_wconf 49' lang='lat' dir='ltr'>eminentias&amp;</span> <span class='ocrx_word' id='word_1_210' title='bbox 1074 3441 1195 3505; x_wconf 84' lang='lat' dir='ltr'>quia</span> <span class='ocrx_word' id='word_1_211' title='bbox 1229 3442 1375 3505; x_wconf 86' lang='lat' dir='ltr'>quasi</span> <span class='ocrx_word' id='word_1_212' title='bbox 1408 3442 1596 3506; x_wconf 89' lang='lat' dir='ltr'>erecti,</span> 
     </span>
     <span class='ocr_line' id='line_1_40' title="bbox 525 3517 1594 3581; baseline -0.002 -13"><span class='ocrx_word' id='word_1_213' title='bbox 525 3525 581 3568; x_wconf 85' lang='lat' dir='ltr'>et</span> <span class='ocrx_word' id='word_1_214' title='bbox 607 3519 853 3581; x_wconf 86' lang='lat' dir='ltr'>porrecti,</span> <span class='ocrx_word' id='word_1_215' title='bbox 875 3519 1125 3573; x_wconf 79' lang='lat' dir='ltr'>eminent,</span> <span class='ocrx_word' id='word_1_216' title='bbox 1156 3517 1404 3566; x_wconf 83' lang='lat' dir='ltr'>dicuntur</span> <span class='ocrx_word' id='word_1_217' title='bbox 1435 3518 1451 3547; x_wconf 75' lang='lat'>¹</span> <span class='ocrx_word' id='word_1_218' title='bbox 1478 3531 1594 3566; x_wconf 86' lang='lat' dir='ltr'>sco·</span> 
     </span>
     <span class='ocr_line' id='line_1_41' title="bbox 523 3592 1598 3658; baseline -0.001 -15"><span class='ocrx_word' id='word_1_219' title='bbox 523 3596 634 3658; x_wconf 88' lang='lat' dir='ltr'>puli</span> <span class='ocrx_word' id='word_1_220' title='bbox 658 3592 967 3649; x_wconf 81' lang='lat' dir='ltr'>horrentes,’</span> <span class='ocrx_word' id='word_1_221' title='bbox 1004 3595 1151 3657; x_wconf 84' lang='lat' dir='ltr'>quasi</span> <span class='ocrx_word' id='word_1_222' title='bbox 1180 3597 1195 3623; x_wconf 88' lang='lat'>‘</span> <span class='ocrx_word' id='word_1_223' title='bbox 1219 3592 1458 3654; x_wconf 85' lang='lat' dir='ltr'>horridi,’</span> <span class='ocrx_word' id='word_1_224' title='bbox 1491 3594 1525 3643; x_wconf 88' lang='lat' dir='ltr'>i.</span> <span class='ocrx_word' id='word_1_225' title='bbox 1547 3607 1598 3643; x_wconf 88' lang='lat' dir='ltr'>e.</span> 
     </span>
     <span class='ocr_line' id='line_1_42' title="bbox 520 3668 1594 3733; baseline -0.006 -15"><span class='ocrx_word' id='word_1_226' title='bbox 520 3671 715 3733; x_wconf 76' lang='lat' dir='ltr'>asperi.</span> <span class='ocrx_word' id='word_1_227' title='bbox 783 3670 868 3718; x_wconf 89' lang='lat' dir='ltr'>Sic</span> <span class='ocrx_word' id='word_1_228' title='bbox 886 3670 1109 3732; x_wconf 82' lang='lat' dir='ltr'>Virgilio</span> <span class='ocrx_word' id='word_1_229' title='bbox 1133 3669 1249 3718; x_wconf 86' lang='lat' dir='ltr'>AEn.</span> <span class='ocrx_word' id='word_1_230' title='bbox 1274 3682 1356 3718; x_wconf 82' lang='lat' dir='ltr'>tv.</span> <span class='ocrx_word' id='word_1_231' title='bbox 1379 3673 1493 3718; x_wconf 79' lang='lat'><strong>866.</strong></span> <span class='ocrx_word' id='word_1_232' title='bbox 1517 3668 1594 3718; x_wconf 84' lang='lat' dir='ltr'>di.</span> 
     </span>
     <span class='ocr_line' id='line_1_43' title="bbox 523 3745 1595 3795; baseline 0 0"><span class='ocrx_word' id='word_1_233' title='bbox 523 3745 666 3795; x_wconf 82' lang='lat' dir='ltr'>citur</span> <span class='ocrx_word' id='word_1_234' title='bbox 697 3748 713 3774; x_wconf 90' lang='lat'>‘</span> <span class='ocrx_word' id='word_1_235' title='bbox 733 3745 875 3794; x_wconf 88' lang='lat' dir='ltr'>duris</span> <span class='ocrx_word' id='word_1_236' title='bbox 897 3745 1136 3795; x_wconf 76' lang='lat' dir='ltr'>cantibus</span> <span class='ocrx_word' id='word_1_237' title='bbox 1157 3748 1370 3795; x_wconf 87' lang='lat' dir='ltr'>horrens</span> <span class='ocrx_word' id='word_1_238' title='bbox 1394 3746 1595 3795; x_wconf 77' lang='lat' dir='ltr'>Cauca·</span> 
     </span>
     <span class='ocr_line' id='line_1_44' title="bbox 520 3822 1594 3876; baseline -0.002 -4"><span class='ocrx_word' id='word_1_239' title='bbox 520 3822 646 3872; x_wconf 80' lang='lat' dir='ltr'>sus.&#39;</span> <span class='ocrx_word' id='word_1_240' title='bbox 711 3823 827 3873; x_wconf 89' lang='lat' dir='ltr'>AEn.</span> <span class='ocrx_word' id='word_1_241' title='bbox 872 3836 936 3872; x_wconf 88' lang='lat'>11.</span> <span class='ocrx_word' id='word_1_242' title='bbox 977 3828 1094 3876; x_wconf 78' lang='grc'>713.</span> <span class='ocrx_word' id='word_1_243' title='bbox 1130 3825 1146 3852; x_wconf 80' lang='lat'><strong>⁴</strong></span> <span class='ocrx_word' id='word_1_244' title='bbox 1171 3823 1466 3872; x_wconf 87' lang='lat' dir='ltr'>Horrentes</span> <span class='ocrx_word' id='word_1_245' title='bbox 1506 3835 1594 3870; x_wconf 88' lang='lat' dir='ltr'>ru-</span> 
     </span>
     <span class='ocr_line' id='line_1_45' title="bbox 520 3898 1593 3964; baseline -0.001 -15"><span class='ocrx_word' id='word_1_246' title='bbox 520 3898 655 3964; x_wconf 73' lang='lat' dir='ltr'>pes-³</span> <span class='ocrx_word' id='word_1_247' title='bbox 723 3899 885 3949; x_wconf 79' lang='lat' dir='ltr'>Ovid.</span> <span class='ocrx_word' id='word_1_248' title='bbox 929 3901 1062 3948; x_wconf 85' lang='lat' dir='ltr'>Met.</span> <span class='ocrx_word' id='word_1_249' title='bbox 1105 3913 1183 3949; x_wconf 80' lang='lat' dir='ltr'>lv.</span> <span class='ocrx_word' id='word_1_250' title='bbox 1221 3903 1341 3949; x_wconf 86' lang='grc'>777.</span> <span class='ocrx_word' id='word_1_251' title='bbox 1393 3898 1593 3948; x_wconf 69' lang='lat' dir='ltr'>‘Silvis</span> 
     </span>
     <span class='ocr_line' id='line_1_46' title="bbox 519 3975 1593 4038; baseline 0.002 -13"><span class='ocrx_word' id='word_1_252' title='bbox 519 3976 781 4025; x_wconf 75' lang='lat' dir='ltr'>horrentia</span> <span class='ocrx_word' id='word_1_253' title='bbox 803 3991 924 4024; x_wconf 79' lang='lat' dir='ltr'>saxa</span> <span class='ocrx_word' id='word_1_254' title='bbox 945 3975 1201 4038; x_wconf 76' lang='lat' dir='ltr'>fragosis-³</span> <span class='ocrx_word' id='word_1_255' title='bbox 1257 3975 1412 4027; x_wconf 84' lang='lat' dir='ltr'>Quod</span> <span class='ocrx_word' id='word_1_256' title='bbox 1438 3976 1593 4027; x_wconf 72' lang='grc' dir='ltr'><strong><em>ἐπίθε·</em></strong></span> 
     </span>
     <span class='ocr_line' id='line_1_47' title="bbox 516 4051 1593 4103; baseline 0 0"><span class='ocrx_word' id='word_1_257' title='bbox 516 4070 608 4103; x_wconf 72' lang='grc' dir='ltr'>τον</span> <span class='ocrx_word' id='word_1_258' title='bbox 627 4051 944 4101; x_wconf 82' lang='lat' dir='ltr'>transfertur</span> <span class='ocrx_word' id='word_1_259' title='bbox 963 4053 1122 4101; x_wconf 84' lang='lat' dir='ltr'>etiam</span> <span class='ocrx_word' id='word_1_260' title='bbox 1150 4052 1214 4101; x_wconf 85' lang='lat' dir='ltr'>ad</span> <span class='ocrx_word' id='word_1_261' title='bbox 1241 4052 1370 4101; x_wconf 84' lang='lat' dir='ltr'>alias</span> <span class='ocrx_word' id='word_1_262' title='bbox 1388 4067 1472 4102; x_wconf 86' lang='lat' dir='ltr'>res</span> <span class='ocrx_word' id='word_1_263' title='bbox 1491 4054 1593 4103; x_wconf 84' lang='lat' dir='ltr'>bis-</span> 
     </span>
     <span class='ocr_line' id='line_1_48' title="bbox 518 4128 1593 4193; baseline 0.005 -18"><span class='ocrx_word' id='word_1_264' title='bbox 518 4130 687 4193; x_wconf 50' lang='lat' dir='ltr'>pida,</span> <span class='ocrx_word' id='word_1_265' title='bbox 710 4134 764 4176; x_wconf 90' lang='lat' dir='ltr'>et</span> <span class='ocrx_word' id='word_1_266' title='bbox 789 4128 1047 4177; x_wconf 78' lang='lat' dir='ltr'>densatas.</span> <span class='ocrx_word' id='word_1_267' title='bbox 1110 4128 1481 4191; x_wconf 83' lang='lat' dir='ltr'>Virg.-Georg.</span> <span class='ocrx_word' id='word_1_268' title='bbox 1501 4142 1593 4180; x_wconf 90' lang='grc' dir='ltr'>ιιι.</span> 
     </span>
     <span class='ocr_line' id='line_1_49' title="bbox 521 4204 1590 4257; baseline 0 -1"><span class='ocrx_word' id='word_1_269' title='bbox 521 4209 637 4256; x_wconf 78' lang='lat'>815.</span> <span class='ocrx_word' id='word_1_270' title='bbox 659 4205 904 4254; x_wconf 84' lang='lat' dir='ltr'>dicuntur</span> <span class='ocrx_word' id='word_1_271' title='bbox 935 4207 952 4233; x_wconf 90' lang='lat'>‘</span> <span class='ocrx_word' id='word_1_272' title='bbox 977 4205 1094 4256; x_wconf 90' lang='lat' dir='ltr'>rubi</span> <span class='ocrx_word' id='word_1_273' title='bbox 1117 4204 1428 4257; x_wconf 65' lang='lat' dir='ltr'>horrentes!</span> <span class='ocrx_word' id='word_1_274' title='bbox 1480 4207 1590 4256; x_wconf 89' lang='lat' dir='ltr'>Pli-</span> 
     </span>
     <span class='ocr_line' id='line_1_50' title="bbox 516 4281 1591 4348; baseline 0.003 -17"><span class='ocrx_word' id='word_1_275' title='bbox 516 4281 611 4331; x_wconf 82' lang='lat' dir='ltr'>nio</span> <span class='ocrx_word' id='word_1_276' title='bbox 655 4288 833 4333; x_wconf 87' lang='lat' dir='ltr'>nostro</span> <span class='ocrx_word' id='word_1_277' title='bbox 875 4282 1048 4348; x_wconf 75' lang='lat' dir='ltr'>Epist.</span> <span class='ocrx_word' id='word_1_278' title='bbox 1091 4295 1197 4335; x_wconf 81' lang='lat' dir='ltr'>vu.</span> <span class='ocrx_word' id='word_1_279' title='bbox 1238 4287 1329 4339; x_wconf 68' lang='lat'>27.</span> <span class='ocrx_word' id='word_1_280' title='bbox 1372 4284 1389 4314; x_wconf 91' lang='lat'>‘</span> <span class='ocrx_word' id='word_1_281' title='bbox 1413 4283 1591 4336; x_wconf 79' lang='lat' dir='ltr'>Senex</span> 
     </span>
    </p>
   </div>
   <div class='ocr_carea' id='block_1_2' title="bbox 1250 382 2068 438">
    <p class='ocr_par' dir='ltr' id='par_1_5' title="bbox 1250 382 2068 438">
     <span class='ocr_line' id='line_1_51' title="bbox 1250 382 2068 438; baseline -0.001 -1"><span class='ocrx_word' id='word_1_282' title='bbox 1250 386 1476 437; x_wconf 76' lang='lat' dir='ltr'>NOTAE</span> <span class='ocrx_word' id='word_1_283' title='bbox 1514 382 1934 438; x_wconf 62' lang='lat' dir='ltr'>&gt;vammum</span> <span class='ocrx_word' id='word_1_284' title='bbox 1982 386 2068 437; x_wconf 78' lang='lat' dir='ltr'>IN</span> 
     </span>
    </p>
   </div>
   <div class='ocr_carea' id='block_1_3' title="bbox 1667 526 2763 3889">
    <p class='ocr_par' dir='ltr' id='par_1_6' title="bbox 1668 526 2763 3580">
     <span class='ocr_line' id='line_1_52' title="bbox 1694 526 2762 594; baseline 0.002 -17"><span class='ocrx_word' id='word_1_285' title='bbox 1694 529 1948 594; x_wconf 82' lang='lat' dir='ltr'>promissa</span> <span class='ocrx_word' id='word_1_286' title='bbox 1999 527 2185 591; x_wconf 79' lang='lat' dir='ltr'>barba,</span> <span class='ocrx_word' id='word_1_287' title='bbox 2235 526 2472 578; x_wconf 77' lang='lat' dir='ltr'>horrenti</span> <span class='ocrx_word' id='word_1_288' title='bbox 2531 526 2762 591; x_wconf 66' lang='lat' dir='ltr'>capium·</span> 
     </span>
     <span class='ocr_line' id='line_1_53' title="bbox 1695 604 2761 668; baseline 0.001 -14"><span class='ocrx_word' id='word_1_289' title='bbox 1695 605 1854 655; x_wconf 83' lang='lat' dir='ltr'>Haud</span> <span class='ocrx_word' id='word_1_290' title='bbox 1875 619 2027 655; x_wconf 82' lang='lat' dir='ltr'>secus</span> <span class='ocrx_word' id='word_1_291' title='bbox 2050 604 2305 655; x_wconf 85' lang='lat' dir='ltr'>Petronio</span> <span class='ocrx_word' id='word_1_292' title='bbox 2327 619 2445 668; x_wconf 84' lang='lat' dir='ltr'>cap.</span> <span class='ocrx_word' id='word_1_293' title='bbox 2456 607 2542 654; x_wconf 79' lang='lat'>99.</span> <span class='ocrx_word' id='word_1_294' title='bbox 2564 604 2583 631; x_wconf 86' lang='lat'>‘</span> <span class='ocrx_word' id='word_1_295' title='bbox 2598 604 2761 655; x_wconf 78' lang='lat' dir='ltr'>Stetit</span> 
     </span>
     <span class='ocr_line' id='line_1_54' title="bbox 1693 680 2761 732; baseline 0.001 -1"><span class='ocrx_word' id='word_1_296' title='bbox 1693 683 1746 731; x_wconf 87' lang='lat' dir='ltr'>in</span> <span class='ocrx_word' id='word_1_297' title='bbox 1781 683 1957 732; x_wconf 79' lang='lat' dir='ltr'>limine</span> <span class='ocrx_word' id='word_1_298' title='bbox 1992 681 2166 732; x_wconf 84' lang='lat' dir='ltr'>barbis</span> <span class='ocrx_word' id='word_1_299' title='bbox 2194 681 2526 732; x_wconf 72' lang='lat' dir='ltr'>horrentibus</span> <span class='ocrx_word' id='word_1_300' title='bbox 2563 680 2761 732; x_wconf 59' lang='lat' dir='ltr'>nantm&#39;</span> 
     </span>
     <span class='ocr_line' id='line_1_55' title="bbox 1696 756 2761 822; baseline -0.005 -13"><span class='ocrx_word' id='word_1_301' title='bbox 1696 759 1912 809; x_wconf 82' lang='lat' dir='ltr'>Scilicet</span> <span class='ocrx_word' id='word_1_302' title='bbox 1933 760 2110 809; x_wconf 78' lang='lat' dir='ltr'>horror</span> <span class='ocrx_word' id='word_1_303' title='bbox 2128 766 2208 808; x_wconf 86' lang='lat' dir='ltr'>est</span> <span class='ocrx_word' id='word_1_304' title='bbox 2225 756 2485 822; x_wconf 83' lang='lat' dir='ltr'>asperitas</span> <span class='ocrx_word' id='word_1_305' title='bbox 2506 758 2761 822; x_wconf 75' lang='lat' dir='ltr'>corporis.</span> 
     </span>
     <span class='ocr_line' id='line_1_56' title="bbox 1695 833 2763 897; baseline -0.003 -13"><span class='ocrx_word' id='word_1_306' title='bbox 1695 835 1786 884; x_wconf 91' lang='lat' dir='ltr'>ubi</span> <span class='ocrx_word' id='word_1_307' title='bbox 1820 836 2146 886; x_wconf 84' lang='lat' dir='ltr'>contrahitur</span> <span class='ocrx_word' id='word_1_308' title='bbox 2182 835 2336 892; x_wconf 84' lang='lat' dir='ltr'>cutis,</span> <span class='ocrx_word' id='word_1_309' title='bbox 2369 840 2427 883; x_wconf 89' lang='lat' dir='ltr'>et</span> <span class='ocrx_word' id='word_1_310' title='bbox 2463 833 2763 897; x_wconf 76' lang='lat' dir='ltr'>arriguntur</span> 
     </span>
     <span class='ocr_line' id='line_1_57' title="bbox 1694 909 2763 977; baseline -0.002 -14"><span class='ocrx_word' id='word_1_311' title='bbox 1694 927 1877 965; x_wconf 74' lang='lat' dir='ltr'>comae.</span> <span class='ocrx_word' id='word_1_312' title='bbox 1958 914 2074 963; x_wconf 86' lang='lat' dir='ltr'>Etsi</span> <span class='ocrx_word' id='word_1_313' title='bbox 2096 926 2223 977; x_wconf 77' lang='lat' dir='ltr'>ergo</span> <span class='ocrx_word' id='word_1_314' title='bbox 2244 911 2459 962; x_wconf 87' lang='lat' dir='ltr'>verbum</span> <span class='ocrx_word' id='word_1_315' title='bbox 2483 914 2499 940; x_wconf 78' lang='lat'>⁸</span> <span class='ocrx_word' id='word_1_316' title='bbox 2514 909 2763 961; x_wconf 85' lang='lat' dir='ltr'>horrere’</span> 
     </span>
     <span class='ocr_line' id='line_1_58' title="bbox 1696 988 2757 1054; baseline 0.001 -16"><span class='ocrx_word' id='word_1_317' title='bbox 1696 990 1905 1054; x_wconf 78' lang='lat' dir='ltr'>proprie</span> <span class='ocrx_word' id='word_1_318' title='bbox 1959 989 2168 1050; x_wconf 85' lang='lat' dir='ltr'>dicitnr,</span> <span class='ocrx_word' id='word_1_319' title='bbox 2221 988 2477 1054; x_wconf 87' lang='lat' dir='ltr'>ejusmodi</span> <span class='ocrx_word' id='word_1_320' title='bbox 2541 989 2757 1039; x_wconf 81' lang='lat' dir='ltr'>horrore</span> 
     </span>
     <span class='ocr_line' id='line_1_59' title="bbox 1692 1067 2758 1130; baseline 0 -15"><span class='ocrx_word' id='word_1_321' title='bbox 1692 1067 1931 1128; x_wconf 80' lang='lat' dir='ltr'>concuti3</span> <span class='ocrx_word' id='word_1_322' title='bbox 1961 1067 2297 1130; x_wconf 81' lang='lat' dir='ltr'>participium</span> <span class='ocrx_word' id='word_1_323' title='bbox 2321 1075 2495 1114; x_wconf 85' lang='lat' dir='ltr'>tamen</span> <span class='ocrx_word' id='word_1_324' title='bbox 2518 1079 2623 1114; x_wconf 91' lang='lat' dir='ltr'>non</span> <span class='ocrx_word' id='word_1_325' title='bbox 2648 1073 2758 1115; x_wconf 83' lang='lat' dir='ltr'>tan·</span> 
     </span>
     <span class='ocr_line' id='line_1_60' title="bbox 1695 1141 2757 1206; baseline -0.001 -15"><span class='ocrx_word' id='word_1_326' title='bbox 1695 1149 1804 1192; x_wconf 90' lang='lat' dir='ltr'>tum</span> <span class='ocrx_word' id='word_1_327' title='bbox 1842 1144 1909 1192; x_wconf 82' lang='lat' dir='ltr'>de</span> <span class='ocrx_word' id='word_1_328' title='bbox 1943 1142 2255 1204; x_wconf 87' lang='lat' dir='ltr'>homiuibus,</span> <span class='ocrx_word' id='word_1_329' title='bbox 2285 1141 2375 1206; x_wconf 87' lang='lat' dir='ltr'>qui</span> <span class='ocrx_word' id='word_1_330' title='bbox 2408 1142 2506 1190; x_wconf 83' lang='lat' dir='ltr'>boc</span> <span class='ocrx_word' id='word_1_331' title='bbox 2543 1141 2757 1191; x_wconf 83' lang='lat' dir='ltr'>horrore</span> 
     </span>
     <span class='ocr_line' id='line_1_61' title="bbox 1693 1218 2760 1283; baseline 0.001 -16"><span class='ocrx_word' id='word_1_332' title='bbox 1693 1219 2057 1283; x_wconf 86' lang='lat' dir='ltr'>corripiuntur,</span> <span class='ocrx_word' id='word_1_333' title='bbox 2070 1218 2161 1269; x_wconf 86' lang='lat' dir='ltr'>sed</span> <span class='ocrx_word' id='word_1_334' title='bbox 2179 1218 2336 1269; x_wconf 84' lang='lat' dir='ltr'>etiam</span> <span class='ocrx_word' id='word_1_335' title='bbox 2355 1220 2421 1266; x_wconf 87' lang='lat' dir='ltr'>de</span> <span class='ocrx_word' id='word_1_336' title='bbox 2443 1218 2624 1282; x_wconf 84' lang='lat' dir='ltr'>rebus,</span> <span class='ocrx_word' id='word_1_337' title='bbox 2638 1232 2760 1283; x_wconf 75' lang='lat' dir='ltr'>qua·</span> 
     </span>
     <span class='ocr_line' id='line_1_62' title="bbox 1693 1294 2757 1347; baseline 0.001 -3"><span class='ocrx_word' id='word_1_338' title='bbox 1693 1310 1803 1345; x_wconf 90' lang='lat' dir='ltr'>rum</span> <span class='ocrx_word' id='word_1_339' title='bbox 1845 1296 2205 1347; x_wconf 77' lang='lat' dir='ltr'>extremitates</span> <span class='ocrx_word' id='word_1_340' title='bbox 2237 1294 2563 1345; x_wconf 84' lang='lat' dir='ltr'>horrentium</span> <span class='ocrx_word' id='word_1_341' title='bbox 2601 1295 2757 1345; x_wconf 81' lang='lat' dir='ltr'>comis</span> 
     </span>
     <span class='ocr_line' id='line_1_63' title="bbox 1690 1371 2757 1438; baseline -0.001 -17"><span class='ocrx_word' id='word_1_342' title='bbox 1690 1372 1880 1424; x_wconf 85' lang='lat' dir='ltr'>similes</span> <span class='ocrx_word' id='word_1_343' title='bbox 1904 1373 2081 1438; x_wconf 72' lang='lat' dir='ltr'>artigi,</span> <span class='ocrx_word' id='word_1_344' title='bbox 2113 1378 2167 1422; x_wconf 87' lang='lat' dir='ltr'>et</span> <span class='ocrx_word' id='word_1_345' title='bbox 2202 1372 2456 1436; x_wconf 84' lang='lat' dir='ltr'>asperari,</span> <span class='ocrx_word' id='word_1_346' title='bbox 2491 1371 2757 1435; x_wconf 81' lang='lat' dir='ltr'>videntur,</span> 
     </span>
     <span class='ocr_line' id='line_1_64' title="bbox 1689 1449 2754 1512; baseline -0.001 -11"><span class='ocrx_word' id='word_1_347' title='bbox 1689 1450 1798 1501; x_wconf 84' lang='lat' dir='ltr'>dici</span> <span class='ocrx_word' id='word_1_348' title='bbox 1822 1452 1974 1501; x_wconf 87' lang='lat' dir='ltr'>solet.</span> <span class='ocrx_word' id='word_1_349' title='bbox 2041 1450 2208 1500; x_wconf 87' lang='lat' dir='ltr'>Immo</span> <span class='ocrx_word' id='word_1_350' title='bbox 2239 1449 2443 1509; x_wconf 83' lang='lat' dir='ltr'>credas,</span> <span class='ocrx_word' id='word_1_351' title='bbox 2474 1449 2754 1512; x_wconf 82' lang='lat' dir='ltr'>aliqnando</span> 
     </span>
     <span class='ocr_line' id='line_1_65' title="bbox 1692 1526 2752 1591; baseline 0 -15"><span class='ocrx_word' id='word_1_352' title='bbox 1692 1529 1840 1591; x_wconf 83' lang='lat' dir='ltr'>quasi</span> <span class='ocrx_word' id='word_1_353' title='bbox 1875 1529 2097 1577; x_wconf 83' lang='lat' dir='ltr'>activam</span> <span class='ocrx_word' id='word_1_354' title='bbox 2126 1526 2394 1576; x_wconf 86' lang='lat' dir='ltr'>notionem</span> <span class='ocrx_word' id='word_1_355' title='bbox 2423 1526 2666 1589; x_wconf 85' lang='lat' dir='ltr'>induere,</span> <span class='ocrx_word' id='word_1_356' title='bbox 2695 1533 2752 1576; x_wconf 86' lang='lat' dir='ltr'>ut</span> 
     </span>
     <span class='ocr_line' id='line_1_66' title="bbox 1690 1603 2754 1668; baseline -0.001 -15"><span class='ocrx_word' id='word_1_357' title='bbox 1690 1619 1786 1668; x_wconf 91' lang='lat' dir='ltr'>pro</span> <span class='ocrx_word' id='word_1_358' title='bbox 1807 1606 1822 1633; x_wconf 89' lang='lat'>‘</span> <span class='ocrx_word' id='word_1_359' title='bbox 1841 1603 2134 1666; x_wconf 83' lang='lat' dir='ltr'>horribilis,’</span> <span class='ocrx_word' id='word_1_360' title='bbox 2154 1603 2261 1653; x_wconf 84' lang='lat' dir='ltr'>sive</span> <span class='ocrx_word' id='word_1_361' title='bbox 2286 1604 2301 1631; x_wconf 93' lang='lat'>‘</span> <span class='ocrx_word' id='word_1_362' title='bbox 2320 1603 2593 1652; x_wconf 81' lang='lat' dir='ltr'>horrorem</span> <span class='ocrx_word' id='word_1_363' title='bbox 2612 1603 2754 1653; x_wconf 88' lang='lat' dir='ltr'>incu-</span> 
     </span>
     <span class='ocr_line' id='line_1_67' title="bbox 1690 1679 2753 1744; baseline -0.002 -14"><span class='ocrx_word' id='word_1_364' title='bbox 1690 1679 1866 1742; x_wconf 87' lang='lat' dir='ltr'>tiens,&#39;</span> <span class='ocrx_word' id='word_1_365' title='bbox 1889 1688 2131 1744; x_wconf 82' lang='lat' dir='ltr'>ponatur.</span> <span class='ocrx_word' id='word_1_366' title='bbox 2194 1679 2316 1728; x_wconf 87' lang='lat' dir='ltr'>Huc</span> <span class='ocrx_word' id='word_1_367' title='bbox 2337 1692 2445 1728; x_wconf 86' lang='lat' dir='ltr'>non</span> <span class='ocrx_word' id='word_1_368' title='bbox 2472 1693 2639 1742; x_wconf 83' lang='lat' dir='ltr'>pauca</span> <span class='ocrx_word' id='word_1_369' title='bbox 2662 1693 2753 1728; x_wconf 79' lang='lat' dir='ltr'>ex-</span> 
     </span>
     <span class='ocr_line' id='line_1_68' title="bbox 1686 1754 2755 1821; baseline 0 -16"><span class='ocrx_word' id='word_1_370' title='bbox 1686 1758 1860 1821; x_wconf 83' lang='lat' dir='ltr'>empla</span> <span class='ocrx_word' id='word_1_371' title='bbox 1888 1757 1971 1806; x_wconf 72' lang='lat' dir='ltr'>ve}</span> <span class='ocrx_word' id='word_1_372' title='bbox 1993 1770 2058 1804; x_wconf 84' lang='lat' dir='ltr'>ex</span> <span class='ocrx_word' id='word_1_373' title='bbox 2086 1755 2198 1805; x_wconf 86' lang='lat' dir='ltr'>solo</span> <span class='ocrx_word' id='word_1_374' title='bbox 2220 1754 2433 1805; x_wconf 81' lang='lat' dir='ltr'>Vaicrio</span> <span class='ocrx_word' id='word_1_375' title='bbox 2457 1756 2656 1805; x_wconf 81' lang='lat' dir='ltr'>Fiacco</span> <span class='ocrx_word' id='word_1_376' title='bbox 2680 1770 2755 1805; x_wconf 88' lang='lat' dir='ltr'>re·</span> 
     </span>
     <span class='ocr_line' id='line_1_69' title="bbox 1685 1831 2753 1897; baseline -0.001 -14"><span class='ocrx_word' id='word_1_377' title='bbox 1685 1833 1825 1885; x_wconf 82' lang='lat' dir='ltr'>ferre</span> <span class='ocrx_word' id='word_1_378' title='bbox 1859 1848 2013 1897; x_wconf 79' lang='lat' dir='ltr'>posse</span> <span class='ocrx_word' id='word_1_379' title='bbox 2049 1833 2261 1894; x_wconf 72' lang='lat' dir='ltr'>videor-3</span> <span class='ocrx_word' id='word_1_380' title='bbox 2295 1847 2344 1881; x_wconf 83' lang='lat' dir='ltr'>v.</span> <span class='ocrx_word' id='word_1_381' title='bbox 2365 1847 2415 1897; x_wconf 78' lang='lat' dir='ltr'>g.</span> <span class='ocrx_word' id='word_1_382' title='bbox 2450 1831 2652 1894; x_wconf 83' lang='lat' dir='ltr'>Argon.</span> <span class='ocrx_word' id='word_1_383' title='bbox 2678 1844 2753 1884; x_wconf 78' lang='lat' dir='ltr'>vt.</span> 
     </span>
     <span class='ocr_line' id='line_1_70' title="bbox 1682 1907 2752 1972; baseline -0.001 -12"><span class='ocrx_word' id='word_1_384' title='bbox 1682 1914 1801 1960; x_wconf 77' lang='lat'>524.</span> <span class='ocrx_word' id='word_1_385' title='bbox 1823 1912 1839 1940; x_wconf 78' lang='lat'><strong><em>⁴</em></strong></span> <span class='ocrx_word' id='word_1_386' title='bbox 1866 1909 2152 1960; x_wconf 80' lang='lat' dir='ltr'>Horrentia</span> <span class='ocrx_word' id='word_1_387' title='bbox 2174 1907 2349 1964; x_wconf 76' lang='lat' dir='ltr'>arma-³</span> <span class='ocrx_word' id='word_1_388' title='bbox 2406 1922 2447 1958; x_wconf 86' lang='grc' dir='ltr'>ι.</span> <span class='ocrx_word' id='word_1_389' title='bbox 2467 1911 2590 1959; x_wconf 79' lang='grc'><strong>486.</strong></span> <span class='ocrx_word' id='word_1_390' title='bbox 2613 1907 2629 1936; x_wconf 92' lang='lat'>‘</span> <span class='ocrx_word' id='word_1_391' title='bbox 2644 1908 2752 1972; x_wconf 83' lang='lat' dir='ltr'>Ag·</span> 
     </span>
     <span class='ocr_line' id='line_1_71' title="bbox 1683 1985 2754 2049; baseline -0.004 -12"><span class='ocrx_word' id='word_1_392' title='bbox 1683 1988 1851 2037; x_wconf 84' lang='lat' dir='ltr'>noscit</span> <span class='ocrx_word' id='word_1_393' title='bbox 1896 1985 2145 2036; x_wconf 81' lang='lat' dir='ltr'>Acastum</span> <span class='ocrx_word' id='word_1_394' title='bbox 2191 1985 2511 2035; x_wconf 86' lang='lat' dir='ltr'>Horrentem</span> <span class='ocrx_word' id='word_1_395' title='bbox 2541 1985 2754 2049; x_wconf 82' lang='lat' dir='ltr'>jaculis,</span> 
     </span>
     <span class='ocr_line' id='line_1_72' title="bbox 1683 2059 2756 2126; baseline -0.003 -14"><span class='ocrx_word' id='word_1_396' title='bbox 1683 2070 1738 2112; x_wconf 88' lang='lat' dir='ltr'>et</span> <span class='ocrx_word' id='word_1_397' title='bbox 1771 2078 1966 2126; x_wconf 81' lang='lat' dir='ltr'>parmae</span> <span class='ocrx_word' id='word_1_398' title='bbox 2000 2064 2119 2113; x_wconf 87' lang='lat' dir='ltr'>luce</span> <span class='ocrx_word' id='word_1_399' title='bbox 2154 2059 2466 2112; x_wconf 86' lang='lat' dir='ltr'>coruscum.’</span> <span class='ocrx_word' id='word_1_400' title='bbox 2532 2075 2617 2110; x_wconf 78' lang='lat' dir='ltr'>lv·</span> <span class='ocrx_word' id='word_1_401' title='bbox 2637 2064 2756 2110; x_wconf 72' lang='lat'>425.</span> 
     </span>
     <span class='ocr_line' id='line_1_73' title="bbox 1680 2136 2754 2201; baseline -0.004 -12"><span class='ocrx_word' id='word_1_402' title='bbox 1680 2140 1697 2166; x_wconf 91' lang='lat'>‘</span> <span class='ocrx_word' id='word_1_403' title='bbox 1746 2139 1947 2189; x_wconf 82' lang='lat' dir='ltr'>Littora</span> <span class='ocrx_word' id='word_1_404' title='bbox 1996 2137 2201 2188; x_wconf 83' lang='lat' dir='ltr'>fatidici</span> <span class='ocrx_word' id='word_1_405' title='bbox 2256 2137 2422 2201; x_wconf 85' lang='lat' dir='ltr'>poenis</span> <span class='ocrx_word' id='word_1_406' title='bbox 2478 2136 2754 2186; x_wconf 78' lang='lat' dir='ltr'>horrentia</span> 
     </span>
     <span class='ocr_line' id='line_1_74' title="bbox 1681 2213 2755 2277; baseline -0.004 -11"><span class='ocrx_word' id='word_1_407' title='bbox 1681 2215 1909 2267; x_wconf 58' lang='lat' dir='ltr'>Phinei?</span> <span class='ocrx_word' id='word_1_408' title='bbox 1969 2228 2049 2264; x_wconf 79' lang='lat' dir='ltr'>vr.</span> <span class='ocrx_word' id='word_1_409' title='bbox 2086 2219 2199 2264; x_wconf 85' lang='grc'>175.</span> <span class='ocrx_word' id='word_1_410' title='bbox 2246 2214 2262 2241; x_wconf 80' lang='lat'><strong>⁴</strong></span> <span class='ocrx_word' id='word_1_411' title='bbox 2286 2215 2405 2263; x_wconf 87' lang='lat' dir='ltr'>Nec</span> <span class='ocrx_word' id='word_1_412' title='bbox 2446 2223 2605 2277; x_wconf 82' lang='lat' dir='ltr'>pater</span> <span class='ocrx_word' id='word_1_413' title='bbox 2635 2213 2755 2263; x_wconf 85' lang='lat' dir='ltr'>hor-</span> 
     </span>
     <span class='ocr_line' id='line_1_75' title="bbox 1682 2286 2755 2356; baseline -0.002 -16"><span class='ocrx_word' id='word_1_414' title='bbox 1682 2298 1885 2340; x_wconf 84' lang='lat' dir='ltr'>rentem</span> <span class='ocrx_word' id='word_1_415' title='bbox 1922 2286 2260 2356; x_wconf 80' lang='lat' dir='ltr'>(AEsoniden)</span> <span class='ocrx_word' id='word_1_416' title='bbox 2296 2288 2542 2345; x_wconf 84' lang='lat' dir='ltr'>colubris,</span> <span class='ocrx_word' id='word_1_417' title='bbox 2583 2290 2755 2339; x_wconf 79' lang='lat' dir='ltr'>vultu·</span> 
     </span>
     <span class='ocr_line' id='line_1_76' title="bbox 1679 2363 2753 2433; baseline -0.003 -16"><span class='ocrx_word' id='word_1_418' title='bbox 1679 2383 1781 2433; x_wconf 86' lang='lat' dir='ltr'>que</span> <span class='ocrx_word' id='word_1_419' title='bbox 1805 2366 2128 2418; x_wconf 83' lang='lat' dir='ltr'>tremendum</span> <span class='ocrx_word' id='word_1_420' title='bbox 2145 2363 2580 2428; x_wconf 81' lang='lat' dir='ltr'>Gorgoneo,’&amp;c.</span> <span class='ocrx_word' id='word_1_421' title='bbox 2628 2366 2753 2414; x_wconf 72' lang='lat' dir='ltr'>Vir·</span> 
     </span>
     <span class='ocr_line' id='line_1_77' title="bbox 1673 2442 2750 2506; baseline -0.003 -12"><span class='ocrx_word' id='word_1_422' title='bbox 1673 2445 1770 2506; x_wconf 70' lang='lat' dir='ltr'>gil.</span> <span class='ocrx_word' id='word_1_423' title='bbox 1789 2445 1908 2494; x_wconf 83' lang='lat' dir='ltr'>AEn.</span> <span class='ocrx_word' id='word_1_424' title='bbox 1930 2458 1987 2494; x_wconf 87' lang='lat' dir='ltr'>x.</span> <span class='ocrx_word' id='word_1_425' title='bbox 2009 2448 2126 2494; x_wconf 76' lang='lat'>237.</span> <span class='ocrx_word' id='word_1_426' title='bbox 2151 2443 2398 2493; x_wconf 84' lang='lat' dir='ltr'>dicuntur</span> <span class='ocrx_word' id='word_1_427' title='bbox 2418 2443 2436 2472; x_wconf 76' lang='lat'><strong>⁴</strong></span> <span class='ocrx_word' id='word_1_428' title='bbox 2453 2442 2750 2493; x_wconf 78' lang='lat' dir='ltr'>Horrentes</span> 
     </span>
     <span class='ocr_line' id='line_1_78' title="bbox 1678 2518 2748 2584; baseline -0.001 -14"><span class='ocrx_word' id='word_1_429' title='bbox 1678 2521 1856 2571; x_wconf 86' lang='lat' dir='ltr'>Marte</span> <span class='ocrx_word' id='word_1_430' title='bbox 1880 2518 2084 2570; x_wconf 63' lang='lat' dir='ltr'>Latini!</span> <span class='ocrx_word' id='word_1_431' title='bbox 2153 2519 2395 2570; x_wconf 85' lang='lat' dir='ltr'>Ceterum</span> <span class='ocrx_word' id='word_1_432' title='bbox 2415 2521 2469 2568; x_wconf 91' lang='lat' dir='ltr'>in</span> <span class='ocrx_word' id='word_1_433' title='bbox 2485 2519 2748 2584; x_wconf 79' lang='lat' dir='ltr'>sequenti-</span> 
     </span>
     <span class='ocr_line' id='line_1_79' title="bbox 1677 2595 2748 2661; baseline -0.003 -14"><span class='ocrx_word' id='word_1_434' title='bbox 1677 2597 1773 2648; x_wconf 89' lang='lat' dir='ltr'>bus</span> <span class='ocrx_word' id='word_1_435' title='bbox 1791 2598 1950 2648; x_wconf 86' lang='lat' dir='ltr'>Plinii</span> <span class='ocrx_word' id='word_1_436' title='bbox 1968 2597 2137 2648; x_wconf 85' lang='lat' dir='ltr'>verbis</span> <span class='ocrx_word' id='word_1_437' title='bbox 2155 2596 2322 2647; x_wconf 79' lang='lat' dir='ltr'>codex</span> <span class='ocrx_word' id='word_1_438' title='bbox 2342 2595 2635 2645; x_wconf 80' lang='lat' dir='ltr'>Patavinns</span> <span class='ocrx_word' id='word_1_439' title='bbox 2656 2609 2748 2661; x_wconf 87' lang='lat' dir='ltr'>pro</span> 
     </span>
     <span class='ocr_line' id='line_1_80' title="bbox 1675 2672 2744 2738; baseline -0.002 -14"><span class='ocrx_word' id='word_1_440' title='bbox 1675 2673 1873 2734; x_wconf 58' lang='lat' dir='ltr'>inferre,</span> <span class='ocrx_word' id='word_1_441' title='bbox 1915 2674 2078 2724; x_wconf 85' lang='lat' dir='ltr'>habet</span> <span class='ocrx_word' id='word_1_442' title='bbox 2119 2672 2356 2738; x_wconf 75' lang='lat' dir='ltr'>infigere,-</span> <span class='ocrx_word' id='word_1_443' title='bbox 2387 2685 2493 2721; x_wconf 89' lang='lat' dir='ltr'>non</span> <span class='ocrx_word' id='word_1_444' title='bbox 2534 2672 2744 2737; x_wconf 79' lang='lat' dir='ltr'>quidem</span> 
     </span>
     <span class='ocr_line' id='line_1_81' title="bbox 1674 2747 2743 2815; baseline -0.002 -15"><span class='ocrx_word' id='word_1_445' title='bbox 1674 2752 1808 2801; x_wconf 79' lang='lat' dir='ltr'>adeo</span> <span class='ocrx_word' id='word_1_446' title='bbox 1834 2752 2029 2815; x_wconf 82' lang='lat' dir='ltr'>inepte.</span> <span class='ocrx_word' id='word_1_447' title='bbox 2077 2750 2223 2800; x_wconf 90' lang='lat' dir='ltr'>Sicut</span> <span class='ocrx_word' id='word_1_448' title='bbox 2241 2748 2377 2798; x_wconf 88' lang='lat' dir='ltr'>enim</span> <span class='ocrx_word' id='word_1_449' title='bbox 2395 2747 2517 2798; x_wconf 88' lang='lat' dir='ltr'>boni</span> <span class='ocrx_word' id='word_1_450' title='bbox 2537 2748 2743 2813; x_wconf 77' lang='lat' dir='ltr'>qnidam</span> 
     </span>
     <span class='ocr_line' id='line_1_82' title="bbox 1671 2823 2745 2887; baseline -0.003 -10"><span class='ocrx_word' id='word_1_451' title='bbox 1671 2837 1917 2878; x_wconf 81' lang='lat' dir='ltr'>auctores</span> <span class='ocrx_word' id='word_1_452' title='bbox 1941 2827 2142 2883; x_wconf 86' lang='lat' dir='ltr'>dicunt,</span> <span class='ocrx_word' id='word_1_453' title='bbox 2172 2827 2188 2855; x_wconf 87' lang='lat'>‘</span> <span class='ocrx_word' id='word_1_454' title='bbox 2208 2825 2370 2887; x_wconf 75' lang='lat' dir='ltr'>figere</span> <span class='ocrx_word' id='word_1_455' title='bbox 2394 2823 2626 2887; x_wconf 65' lang='lat' dir='ltr'>pedem:</span> <span class='ocrx_word' id='word_1_456' title='bbox 2660 2829 2676 2855; x_wconf 78' lang='lat'>⁸</span> <span class='ocrx_word' id='word_1_457' title='bbox 2692 2824 2745 2874; x_wconf 81' lang='lat' dir='ltr'>fi·</span> 
     </span>
     <span class='ocr_line' id='line_1_83' title="bbox 1676 2899 2738 2968; baseline -0.004 -14"><span class='ocrx_word' id='word_1_458' title='bbox 1676 2919 1803 2968; x_wconf 73' lang='lat' dir='ltr'>gere</span> <span class='ocrx_word' id='word_1_459' title='bbox 1827 2903 2042 2968; x_wconf 84' lang='lat' dir='ltr'>gradum</span> <span class='ocrx_word' id='word_1_460' title='bbox 2058 2903 2099 2965; x_wconf 70' lang='grc' dir='ltr'>ς’</span> <span class='ocrx_word' id='word_1_461' title='bbox 2130 2903 2204 2952; x_wconf 87' lang='lat' dir='ltr'>ita</span> <span class='ocrx_word' id='word_1_462' title='bbox 2227 2899 2427 2964; x_wconf 79' lang='lat' dir='ltr'>credas,</span> <span class='ocrx_word' id='word_1_463' title='bbox 2451 2899 2561 2949; x_wconf 87' lang='lat' dir='ltr'>dici</span> <span class='ocrx_word' id='word_1_464' title='bbox 2583 2900 2738 2950; x_wconf 79' lang='lat' dir='ltr'>etiam</span> 
     </span>
     <span class='ocr_line' id='line_1_84' title="bbox 1677 2974 2739 3046; baseline -0.004 -14"><span class='ocrx_word' id='word_1_465' title='bbox 1677 2996 1850 3046; x_wconf 87' lang='lat' dir='ltr'>posse,</span> <span class='ocrx_word' id='word_1_466' title='bbox 1902 2983 1917 3010; x_wconf 80' lang='lat'>⁸</span> <span class='ocrx_word' id='word_1_467' title='bbox 1953 2979 2180 3044; x_wconf 80' lang='lat' dir='ltr'>scopulis</span> <span class='ocrx_word' id='word_1_468' title='bbox 2222 2977 2439 3041; x_wconf 82' lang='lat' dir='ltr'>gradum</span> <span class='ocrx_word' id='word_1_469' title='bbox 2486 2974 2739 3041; x_wconf 56' lang='lat' dir='ltr'>infigere?</span> 
     </span>
     <span class='ocr_line' id='line_1_85' title="bbox 1676 3052 2740 3115; baseline -0.003 -8"><span class='ocrx_word' id='word_1_470' title='bbox 1676 3058 1797 3108; x_wconf 85' lang='lat' dir='ltr'>Non</span> <span class='ocrx_word' id='word_1_471' title='bbox 1822 3067 1993 3106; x_wconf 87' lang='lat' dir='ltr'>tamen</span> <span class='ocrx_word' id='word_1_472' title='bbox 2015 3068 2229 3105; x_wconf 84' lang='lat' dir='ltr'>necesse</span> <span class='ocrx_word' id='word_1_473' title='bbox 2252 3058 2353 3110; x_wconf 74' lang='lat' dir='ltr'>est,</span> <span class='ocrx_word' id='word_1_474' title='bbox 2370 3061 2431 3102; x_wconf 88' lang='lat' dir='ltr'>ut</span> <span class='ocrx_word' id='word_1_475' title='bbox 2454 3052 2600 3115; x_wconf 86' lang='lat' dir='ltr'>inde,</span> <span class='ocrx_word' id='word_1_476' title='bbox 2620 3067 2740 3104; x_wconf 83' lang='lat' dir='ltr'>cou-</span> 
     </span>
     <span class='ocr_line' id='line_1_86' title="bbox 1675 3129 2741 3201; baseline -0.005 -17"><span class='ocrx_word' id='word_1_477' title='bbox 1675 3141 1758 3184; x_wconf 84' lang='lat' dir='ltr'>tra</span> <span class='ocrx_word' id='word_1_478' title='bbox 1793 3146 2096 3201; x_wconf 85' lang='lat' dir='ltr'>consensum</span> <span class='ocrx_word' id='word_1_479' title='bbox 2129 3136 2210 3181; x_wconf 85' lang='lat' dir='ltr'>tot</span> <span class='ocrx_word' id='word_1_480' title='bbox 2242 3137 2543 3179; x_wconf 83' lang='lat' dir='ltr'>ceterorum</span> <span class='ocrx_word' id='word_1_481' title='bbox 2584 3129 2741 3180; x_wconf 90' lang='lat' dir='ltr'>libro-</span> 
     </span>
     <span class='ocr_line' id='line_1_87' title="bbox 1672 3205 2738 3275; baseline -0.002 -16"><span class='ocrx_word' id='word_1_482' title='bbox 1672 3225 1804 3268; x_wconf 88' lang='lat' dir='ltr'>rum,</span> <span class='ocrx_word' id='word_1_483' title='bbox 1827 3208 2023 3275; x_wconf 84' lang='lat' dir='ltr'>aliquid</span> <span class='ocrx_word' id='word_1_484' title='bbox 2047 3214 2323 3259; x_wconf 75' lang='lat' dir='ltr'>mutemur.</span> <span class='ocrx_word' id='word_1_485' title='bbox 2370 3207 2491 3256; x_wconf 86' lang='lat' dir='ltr'>Nec</span> <span class='ocrx_word' id='word_1_486' title='bbox 2513 3205 2738 3272; x_wconf 74' lang='lat' dir='ltr'>denique</span> 
     </span>
     <span class='ocr_line' id='line_1_88' title="bbox 1670 3283 2738 3351; baseline -0.004 -15"><span class='ocrx_word' id='word_1_487' title='bbox 1670 3287 1859 3351; x_wconf 84' lang='lat' dir='ltr'>probo,</span> <span class='ocrx_word' id='word_1_488' title='bbox 1881 3300 1977 3351; x_wconf 80' lang='lat' dir='ltr'>pro</span> <span class='ocrx_word' id='word_1_489' title='bbox 2012 3283 2294 3350; x_wconf 86' lang='lat' dir='ltr'>participio</span> <span class='ocrx_word' id='word_1_490' title='bbox 2318 3297 2471 3333; x_wconf 86' lang='lat' dir='ltr'>casus</span> <span class='ocrx_word' id='word_1_491' title='bbox 2493 3296 2738 3334; x_wconf 79' lang='lat' dir='ltr'>accusan-</span> 
     </span>
     <span class='ocr_line' id='line_1_89' title="bbox 1669 3361 2739 3425; baseline -0.003 -13"><span class='ocrx_word' id='word_1_492' title='bbox 1669 3363 1728 3412; x_wconf 84' lang='lat' dir='ltr'>di</span> <span class='ocrx_word' id='word_1_493' title='bbox 1759 3364 1991 3425; x_wconf 64' lang='lat' dir='ltr'>adiutum,</span> <span class='ocrx_word' id='word_1_494' title='bbox 2026 3361 2253 3425; x_wconf 85' lang='lat' dir='ltr'>positum</span> <span class='ocrx_word' id='word_1_495' title='bbox 2288 3373 2407 3409; x_wconf 75' lang='lat' dir='ltr'>esse</span> <span class='ocrx_word' id='word_1_496' title='bbox 2444 3373 2622 3410; x_wconf 85' lang='lat' dir='ltr'>casnm</span> <span class='ocrx_word' id='word_1_497' title='bbox 2652 3373 2739 3409; x_wconf 85' lang='lat' dir='ltr'>no·</span> 
     </span>
     <span class='ocr_line' id='line_1_90' title="bbox 1669 3435 2736 3501; baseline -0.004 -11"><span class='ocrx_word' id='word_1_498' title='bbox 1669 3440 1902 3490; x_wconf 86' lang='lat' dir='ltr'>minandi</span> <span class='ocrx_word' id='word_1_499' title='bbox 1929 3438 2143 3500; x_wconf 70' lang='lat' dir='ltr'>adiutus.</span> <span class='ocrx_word' id='word_1_500' title='bbox 2162 3437 2217 3487; x_wconf 90' lang='lat' dir='ltr'>in</span> <span class='ocrx_word' id='word_1_501' title='bbox 2247 3435 2631 3501; x_wconf 76' lang='lat' dir='ltr'>Salisburgensi</span> <span class='ocrx_word' id='word_1_502' title='bbox 2652 3450 2736 3488; x_wconf 85' lang='lat' dir='ltr'>co·</span> 
     </span>
     <span class='ocr_line' id='line_1_91' title="bbox 1668 3513 2681 3580; baseline -0.007 -14"><span class='ocrx_word' id='word_1_503' title='bbox 1668 3516 1810 3580; x_wconf 85' lang='lat' dir='ltr'>dice,</span> <span class='ocrx_word' id='word_1_504' title='bbox 1833 3522 1890 3566; x_wconf 88' lang='lat' dir='ltr'>et</span> <span class='ocrx_word' id='word_1_505' title='bbox 1913 3530 2047 3565; x_wconf 87' lang='lat' dir='ltr'>meo.</span> <span class='ocrx_word' id='word_1_506' title='bbox 2080 3513 2325 3564; x_wconf 78' lang='lat' dir='ltr'>Schwarz.</span> <span class='ocrx_word' id='word_1_507' title='bbox 2670 3534 2681 3563; x_wconf 71' lang='grc' dir='ltr'><strong>ι</strong></span> 
     </span>
    </p>

    <p class='ocr_par' dir='ltr' id='par_1_7' title="bbox 1667 3588 2748 3812">
     <span class='ocr_line' id='line_1_92' title="bbox 1738 3588 2735 3653; baseline -0.003 -11"><span class='ocrx_word' id='word_1_508' title='bbox 1738 3593 1935 3642; x_wconf 74' lang='lat' dir='ltr'>Nullius</span> <span class='ocrx_word' id='word_1_509' title='bbox 1954 3589 2184 3652; x_wconf 74' lang='lat' dir='ltr'>vestigio]</span> <span class='ocrx_word' id='word_1_510' title='bbox 2204 3588 2519 3648; x_wconf 72' lang='lat' dir='ltr'>Proeeuntis,</span> <span class='ocrx_word' id='word_1_511' title='bbox 2534 3589 2735 3653; x_wconf 71' lang='lat' dir='ltr'>opinor,</span> 
     </span>
     <span class='ocr_line' id='line_1_93' title="bbox 1667 3667 2748 3719; baseline -0.004 0"><span class='ocrx_word' id='word_1_512' title='bbox 1667 3675 1728 3719; x_wconf 87' lang='lat' dir='ltr'>et</span> <span class='ocrx_word' id='word_1_513' title='bbox 1774 3670 1907 3719; x_wconf 85' lang='lat' dir='ltr'>viam</span> <span class='ocrx_word' id='word_1_514' title='bbox 1952 3667 2195 3719; x_wconf 80' lang='lat' dir='ltr'>facientis</span> <span class='ocrx_word' id='word_1_515' title='bbox 2238 3672 2330 3716; x_wconf 87' lang='lat' dir='ltr'>aut</span> <span class='ocrx_word' id='word_1_516' title='bbox 2375 3667 2748 3717; x_wconf 81' lang='lat' dir='ltr'>monstrantis..</span> 
     </span>
     <span class='ocr_line' id='line_1_94' title="bbox 1667 3748 1806 3812; baseline 0 -16"><span class='ocrx_word' id='word_1_517' title='bbox 1667 3748 1806 3812; x_wconf 73' lang='lat' dir='ltr'>Lips-</span> 
     </span>
    </p>

    <p class='ocr_par' dir='ltr' id='par_1_8' title="bbox 1732 3820 2732 3889">
     <span class='ocr_line' id='line_1_95' title="bbox 1732 3820 2732 3889; baseline -0.004 -15"><span class='ocrx_word' id='word_1_518' title='bbox 1732 3823 1888 3874; x_wconf 78' lang='lat' dir='ltr'>Adirc</span> <span class='ocrx_word' id='word_1_519' title='bbox 1920 3822 2070 3889; x_wconf 81' lang='lat' dir='ltr'>lucos]</span> <span class='ocrx_word' id='word_1_520' title='bbox 2101 3823 2356 3874; x_wconf 84' lang='lat' dir='ltr'>Veterum</span> <span class='ocrx_word' id='word_1_521' title='bbox 2386 3820 2633 3885; x_wconf 82' lang='lat' dir='ltr'>opinione</span> <span class='ocrx_word' id='word_1_522' title='bbox 2657 3834 2732 3870; x_wconf 74' lang='lat' dir='ltr'>sa·</span> 
     </span>
    </p>
   </div>
   <div class='ocr_carea' id='block_1_4' title="bbox 1668 3901 2731 4044">
    <p class='ocr_par' dir='ltr' id='par_1_9' title="bbox 1668 3901 2731 4044">
     <span class='ocr_line' id='line_1_96' title="bbox 1668 3901 1990 3950; baseline -0.003 -1"><span class='ocrx_word' id='word_1_523' title='bbox 1668 3914 1803 3950; x_wconf 85' lang='lat' dir='ltr'>cros.</span> <span class='ocrx_word' id='word_1_524' title='bbox 1838 3901 1990 3949; x_wconf 81' lang='lat' dir='ltr'>Idem.</span> 
     </span>
     <span class='ocr_line' id='line_1_97' title="bbox 1732 3973 2731 4044; baseline -0.002 -20"><span class='ocrx_word' id='word_1_525' title='bbox 1732 3974 1887 4044; x_wconf 67' lang='lat' dir='ltr'>Adire</span> <span class='ocrx_word' id='word_1_526' title='bbox 1930 3975 2083 4039; x_wconf 75' lang='lat' dir='ltr'>lucos]</span> <span class='ocrx_word' id='word_1_527' title='bbox 2133 3973 2429 4024; x_wconf 73' lang='lat' dir='ltr'>Secundum</span> <span class='ocrx_word' id='word_1_528' title='bbox 2475 3973 2731 4023; x_wconf 76' lang='lat' dir='ltr'>Isidorum</span> 
     </span>
    </p>
   </div>
   <div class='ocr_carea' id='block_1_5' title="bbox 1667 4049 2733 4256">
    <p class='ocr_par' dir='ltr' id='par_1_10' title="bbox 1667 4049 2733 4256">
     <span class='ocr_line' id='line_1_98' title="bbox 1668 4049 2732 4103; baseline -0.004 -1"><span class='ocrx_word' id='word_1_529' title='bbox 1668 4066 1790 4102; x_wconf 85' lang='lat' dir='ltr'>x1v.</span> <span class='ocrx_word' id='word_1_530' title='bbox 1812 4059 1862 4103; x_wconf 86' lang='lat'>8.</span> <span class='ocrx_word' id='word_1_531' title='bbox 1893 4055 1909 4082; x_wconf 76' lang='lat'><strong>⁴</strong></span> <span class='ocrx_word' id='word_1_532' title='bbox 1933 4053 2109 4101; x_wconf 83' lang='lat' dir='ltr'>Lucus</span> <span class='ocrx_word' id='word_1_533' title='bbox 2138 4056 2220 4100; x_wconf 85' lang='lat' dir='ltr'>est</span> <span class='ocrx_word' id='word_1_534' title='bbox 2249 4053 2400 4103; x_wconf 76' lang='lat' dir='ltr'>locus</span> <span class='ocrx_word' id='word_1_535' title='bbox 2435 4049 2629 4102; x_wconf 88' lang='lat' dir='ltr'>densus</span> <span class='ocrx_word' id='word_1_536' title='bbox 2653 4064 2732 4100; x_wconf 82' lang='lat' dir='ltr'>ar·</span> 
     </span>
     <span class='ocr_line' id='line_1_99' title="bbox 1667 4126 2733 4192; baseline -0.004 -13"><span class='ocrx_word' id='word_1_537' title='bbox 1667 4129 1895 4187; x_wconf 83' lang='lat' dir='ltr'>boribus,</span> <span class='ocrx_word' id='word_1_538' title='bbox 1914 4136 2113 4192; x_wconf 84' lang='lat' dir='ltr'>septus,</span> <span class='ocrx_word' id='word_1_539' title='bbox 2132 4129 2226 4178; x_wconf 86' lang='lat' dir='ltr'>soli</span> <span class='ocrx_word' id='word_1_540' title='bbox 2249 4129 2417 4178; x_wconf 83' lang='lat' dir='ltr'>lucem</span> <span class='ocrx_word' id='word_1_541' title='bbox 2435 4126 2733 4178; x_wconf 67' lang='lat' dir='ltr'>detrahens·</span> 
     </span>
     <span class='ocr_line' id='line_1_100' title="bbox 1667 4203 2731 4256; baseline -0.003 -1"><span class='ocrx_word' id='word_1_542' title='bbox 1667 4206 1855 4256; x_wconf 87' lang='lat' dir='ltr'>Potest</span> <span class='ocrx_word' id='word_1_543' title='bbox 1877 4214 1986 4255; x_wconf 64' lang='lat' dir='ltr'>era</span> <span class='ocrx_word' id='word_1_544' title='bbox 2021 4204 2326 4255; x_wconf 89' lang='lat' dir='ltr'>collucendo</span> <span class='ocrx_word' id='word_1_545' title='bbox 2356 4203 2557 4254; x_wconf 83' lang='lat' dir='ltr'>crebris</span> <span class='ocrx_word' id='word_1_546' title='bbox 2587 4204 2731 4253; x_wconf 89' lang='lat' dir='ltr'>lumi·</span> 
     </span>
    </p>
   </div>
   <div class='ocr_carea' id='block_1_6' title="bbox 1665 4280 2727 4355">
    <p class='ocr_par' dir='ltr' id='par_1_11' title="bbox 1665 4280 2727 4355">
     <span class='ocr_line' id='line_1_101' title="bbox 1665 4280 2727 4355; baseline 0.003 -23"><span class='ocrx_word' id='word_1_547' title='bbox 1665 4282 1822 4334; x_wconf 85' lang='lat' dir='ltr'>nibus</span> <span class='ocrx_word' id='word_1_548' title='bbox 1854 4281 1980 4348; x_wconf 85' lang='lat' dir='ltr'>dici,</span> <span class='ocrx_word' id='word_1_549' title='bbox 2010 4295 2129 4355; x_wconf 72' lang='lat' dir='ltr'>quoe</span> <span class='ocrx_word' id='word_1_550' title='bbox 2166 4281 2247 4348; x_wconf 79' lang='lat' dir='ltr'>ibi</span> <span class='ocrx_word' id='word_1_551' title='bbox 2273 4286 2493 4348; x_wconf 79' lang='lat' dir='ltr'>propter</span> <span class='ocrx_word' id='word_1_552' title='bbox 2526 4280 2727 4346; x_wconf 58' lang='lat' dir='ltr'>religio⁴</span> 
     </span>
    </p>
   </div>
   <div class='ocr_carea' id='block_1_7' title="bbox 2941 5 2987 4783">
    <p class='ocr_par' dir='ltr' id='par_1_12' title="bbox 2941 5 2987 4783">
     <span class='ocr_line' id='line_1_102' title="bbox 2941 5 2987 4783; baseline 0 0"><span class='ocrx_word' id='word_1_553' title='bbox 2941 5 2987 4783; x_wconf 95' lang='lat' dir='ltr'> </span> 
     </span>
    </p>
   </div>
  </div>
 </body>
</html>
