3017 4942
434 350 611 418 1096

1127 365 1351 417 No‘rAE
1403 360 1811 416 vulnotum
1861 365 1983 432 m,

435 508 758 574 &Precipue
796 508 939 561 circa
979 509 1144 574 partis
1179 509 1331 574 bojas
1372 523 1502 574 prae·
1570 507 1933 574 perhibuere-rt
1973 508 2185 560 Vossius
2227 507 2280 558 in
2320 507 2502 560 codice
2543 508 2653 559 Hs.

378 632 392 645 ,
435 594 593 652 cepta
625 586 949 638 elaboravit:
984 588 1134 639 Idem
1162 589 1392 639 Prooem.
1414 587 1504 638 lib.

443 677 522 714 vt.
570 663 587 691 ⁶
621 663 800 728 Ipsum
845 663 990 714 illum
1033 665 1273 715 alienate
1315 665 1504 716 mentis

436 752 669 792 errorem
710 739 851 790 circa
894 741 1033 791 solas
1072 741 1251 791 literas
1287 739 1505 793 habuit?

436 817 657 868 Sueten.
686 816 821 878 Aug.
855 832 902 869 c.
924 821 1010 867 64.
1037 818 1053 846 ‘
1076 818 1232 868 Circa
1265 819 1506 870 caerimo·

438 895 553 944 nias
573 895 804 944 correxit
829 893 1106 959 quad-me
1152 895 1260 945 Pro
1283 894 1301 925 ⁴
1322 910 1451 959 erga
1467 894 1505 946 ι’

435 970 605 1022 Tacit.
634 970 826 1021 Annal.
857 984 937 1020 xi.
976 976 1052 1021 15.
1084 970 1102 999 ‘
1129 971 1193 1022 Id
1229 986 1368 1022 nnnc
1389 986 1506 1036 scg-

434 1048 554 1100 nius
575 1047 657 1112 fit,
682 1048 890 1113 publica
910 1049 1054 1098 circa
1075 1047 1235 1099 bonas
1259 1057 1402 1103 artes
1426 1063 1507 1099 so·

438 1124 655 1176 cordia.’
687 1126 907 1176 Sueton.
929 1125 1044 1175 Tib.
1059 1141 1177 1190 cap.
1192 1131 1276 1177 ⁶9.
1305 1130 1319 1156 ‘
1346 1126 1508 1178 Circa

441 1204 581 1253 Deos
596 1209 652 1252 et
669 1201 941 1265 religiones
956 1201 1335 1267 negligentior.⁹
1369 1205 1511 1254 Plin.

438 1277 613 1341 Epist.
637 1290 717 1329 vx.
740 1282 822 1329 21.
858 1282 874 1307 ‘
898 1278 1053 1329 Circa
1090 1293 1170 1327 me
1195 1286 1396 1331 tantum
1418 1281 1511 1331 be·

437 1354 701 1419 nignitate
762 1355 923 1404 nimia
985 1354 1193 1405 modum
1245 1355 1509 1407 excessit.’

440 1431 695 1484 Quinctil.
731 1432 972 1482 Deciani.
1008 1445 1048 1482 1.
1082 1436 1130 1481 7.
1164 1432 1180 1459 ‘
1204 1432 1349 1484 Quid
1371 1433 1508 1483 enim

440 1509 583 1559 circa
601 1516 655 1557 te
675 1508 896 1572 pecunia
913 1515 1090 1573 potest
1104 1507 1145 1556 θ’
1175 1508 1209 1560 J
1216 1511 1371 1561 nstin.
1390 1524 1512 1562 xnr.

442 1588 490 1633 1.
524 1583 543 1611 ‘
564 1585 728 1635 Simul
755 1593 831 1643 ut,
868 1584 1124 1649 quomodo
1155 1586 1299 1636 circa
1321 1600 1377 1637 se
1399 1586 1511 1637 aui·

440 1662 571 1711 mati
589 1669 782 1724 esseut,
797 1662 1205 1723 cognoscerent)
1237 1663 1478 1714 Schmun.

506 1739 557 1787 E
574 1739 748 1789 studiis
766 1737 968 1802 nostris]
999 1739 1063 1789 Id
1088 1745 1190 1804 est,
1222 1755 1316 1803 pro
1349 1740 1513 1791 studi-

442 1822 903 1865 orum=nostrorum
934 1813 1077 1866 fama
1100 1821 1155 1866 et
1178 1816 1515 1868 celebritate.

441 1892 588 1957 Lege
616 1892 752 1942 Plin.
776 1893 946 1957 Epist.
969 1906 1032 1944 ιι.
1055 1897 1135 1942 11.
1167 1892 1334 1943 Liuia.

507 1970 559 2018 Ε
570 1968 769 2032 studiis]
793 1969 1136 2036 Eloquentia,
1159 1978 1216 2020 et
1233 1969 1514 2022 forensium

442 2057 738 2098 causarum.
770 2046 910 2111 Lips.

510 2123 937 2188 Antiquissimum]
969 2121 1279 2182 Maximum,
1300 2124 1516 2176 nobilis·

446 2203 650 2266 simum,
684 2201 909 2265 antiquis
934 2202 1122 2266 simile,
1160 2201 1331 2268 inquit
1359 2204 1517 2255 Cata·

445 2292 609 2328 noeiis.
642 2277 861 2328 Pater-ol.

516 2354 853 2404 Testimonium
892 2354 1225 2421 perhibuistis]
1289 2353 1356 2405 In
1399 2369 1517 2405 meo

447 2431 628 2483 codice
684 2446 780 2497 pro
842 2433 1171 2496 yaerkibaistis,
1238 2447 1515 2498 perperam

444 2509 699 2573 scriptum
740 2516 822 2558 est
861 2508 1192 2573 prohibuistis.
1258 2510 1323 2560 In
1364 2513 1518 2561 unico

446 2584 583 2634 libro
604 2584 858 2634 Vossiano
891 2599 986 2648 pro
1008 2587 1171 2639 verbo
1193 2587 1403 2650 vulgato
1426 2601 1520 2638 an-

446 2668 682 2712 notatum
720 2671 803 2716 est
832 2663 1196 2727 pertribuistis3
1228 2665 1366 2731 quod
1404 2679 1519 2714 ver·

448 2738 570 2788 bum
587 2739 826 2803 arripuit,
843 2740 1145 2806 primusque
1165 2741 1391 2791 omniurn
1406 2741 1520 2792 edi·

449 2812 533 2863 dit
579 2813 940 2876 Arntzeuius3
995 2817 1117 2880 qnia
1162 2817 1301 2868 Plin.
1345 2818 1519 2882 Epist.

452 2904 511 2942 x.
538 2895 617 2940 18.
651 2892 883 2956 scripsit,
915 2893 931 2921 ‘
958 2894 1078 2945 Qua
1115 2888 1378 2959 privatim,
1416 2911 1520 2960 qua

446 2966 681 3030 publice,
704 2968 1060 3018 testimonium
1087 2970 1521 3033 pei-tubueruntss

395 3088 398 3093 .
448 3041 572 3093 Hoc
595 3045 731 3092 enim
754 3044 966 3094 verbum
993 3045 1201 3096 Curtius
1225 3062 1290 3097 ex
1317 3047 1441 3098 Aldi
1465 3054 1523 3099 et

449 3119 675 3184 Gryphii
700 3120 1017 3171 editionibus
1039 3122 1109 3172 ibi
1130 3124 1381 3187 prodidit,
1399 3139 1522 3175 cum

449 3195 578 3245 alias
635 3197 788 3260 vulgo
838 3198 1105 3262 legeretur
1157 3199 1517 3261 retribuerunt,
1506 3216 1521 3232 ·

448 3273 691 3338 quoniam
737 3274 899 3324 verba
944 3275 1055 3337 illa,
1096 3275 1114 3304 ‘
1157 3277 1522 3340 pei-tribuere?

451 3356 467 3379 ·
503 3349 820 3416 perrogare,’
866 3351 882 3379 ‘
910 3353 1202 3416 peragere,’
1247 3363 1262 3385 ⁴
1290 3361 1520 3419 pertrac-

448 3425 605 3488 tare,’
638 3440 755 3476 enim
782 3426 1157 3491 prepositiones
1192 3428 1208 3455 ‘
1234 3443 1327 3492 per
1345 3427 1360 3451 ’
1382 3444 1522 3480 com·

449 3503 643 3567 posite,
697 3503 1093 3553 universitatem
1138 3505 1413 3569 quandam,
1465 3513 1523 3558 et

450 3578 590 3643 quod
621 3578 818 3629 facturn
850 3580 920 3631 sit
944 3579 1011 3629 ab
1033 3582 1295 3646 omnibus,
1335 3589 1523 3640 notare

450 3655 673 3706 soleant.
740 3648 1063 3722 Neutiriuam
1099 3668 1383 3710 contemno
1407 3675 1522 3710 ver·

451 3730 575 3782 bum
610 3732 963 3795 perhibuerunt
980 3749 1001 3791 ‚·
1035 3748 1387 3801 agnoscoque,
1419 3736 1525 3786 ista

452 3808 557 3857 duo
594 3808 754 3859 verba
787 3808 939 3859 facile
978 3811 1115 3860 inter
1150 3826 1207 3861 se
1241 3826 1271 3861 a
1297 3812 1523 3864 librariis

453 3885 755 3947 permisceri
801 3888 1063 3950 potuisse;
1097 3889 1188 3938 sed
1231 3890 1523 3954 neque'ul·

452 3961 554 4009 lam
579 3961 946 4012 necessitatem
981 3963 1152 4028 video,
1172 3979 1268 4015 cur
1292 3968 1520 4032 reJiciam

453 4037 738 4100 vulgatum,
774 4047 829 4088 et
864 4039 928 4089 ab
959 4036 1198 4090 erunibus
1232 4043 1425 4094 ceteris
1461 4045 1524 4094 li·

455 4110 563 4160 bris
585 4106 938 4164 confirmatam
968 4116 1268 4185 lectionem,
1297 4119 1524 4182 perhibu-

1578 586 1860 649 iuveuerit,
1896 601 1961 636 an
1985 600 2052 637 ex
2076 586 2284 650 iugenio
2309 586 2659 650 adscripserit

1579 662 1714 713 libro
1736 677 1850 715 suo.
1919 664 2128 713 Etenim
2157 678 2221 714 ue
2244 664 2412 714 codex
2434 664 2651 729 quidem

1580 738 1869 791 Patavinus
1892 740 1944 790 in
1964 741 2067 790 hoc
2092 740 2251 789 verbo
2270 740 2470 791 recedit
2488 756 2521 790 a
2540 741 2653 789 vul·

1581 824 1703 879 gata
1726 817 1977 879 lectione,
2001 832 2116 867 cum
2141 818 2271 869 alias
2295 819 2507 868 Vossius
2535 819 2653 882 plu-

1582 891 1735 959 rimas
1752 893 2008 944 lectiones
2032 909 2153 944 suas
2178 896 2438 945 variantes
2464 909 2530 944 ex
2551 896 2651 944 lroc

1582 968 1767 1020 codiee
1812 971 2073 1021 Patavina
2130 972 2345 1036 petiisse
2391 971 2653 1023 videatur.

1583 1045 1733 1101 Sicut
1771 1060 1893 1096 vero
1931 1046 2051 1097 boni
2090 1056 2331 1100 auctores
2376 1050 2502 1098 alias
2543 1049 2652 1099 fre-

1579 1129 1806 1186 quenter
1828 1122 2030 1186 dicunt,
2064 1123 2224 1174 alicui
2259 1125 2277 1153 ⁴
2303 1118 2651 1175 testimonium

1582 1197 1730 1264 dare,
1768 1199 2009 1262 reddere,
2048 1202 2301 1259 tribuere,
2345 1201 2602 1267 impertiri
2620 1200 2657 1262 ς’

1582 1275 1661 1337 ita
1682 1276 1842 1327 etiam
1865 1276 2067 1334 dicunt,
2099 1278 2115 1307 ⁸
2139 1278 2496 1329 testimonium
2535 1292 2657 1343 per·

1583 1352 1807 1416 hibere3’
1845 1369 1895 1404 v.
1920 1370 1972 1418 g.
2009 1355 2178 1404 Varro
2203 1357 2269 1405 R.
2292 1356 2359 1407 R.
2382 1370 2449 1405 ιι.
2469 1361 2519 1406 6.
2550 1357 2658 1405 Co·

1586 1430 1796 1479 lumella
1821 1444 1913 1482 111.
1934 1435 1985 1481 9.
2020 1430 2221 1480 Plinius
2242 1432 2420 1496 Major
2440 1446 2550 1483 vn.
2571 1435 2659 1480 3⁰³

1587 1512 1641 1555 et
1663 1509 1747 1555 38.
1815 1506 2084 1569 Ceterum,
2111 1506 2249 1556 inter
2272 1509 2394 1572 alia,
2419 1508 2529 1557 tale
2552 1513 2659 1557 tes·
2704 1530 2711 1533 ,

1587 1582 1852 1633 timonium
1910 1584 2105 1647 Plinio,
2154 1584 2361 1635 nomine
2420 1593 2661 1647 senatus,

1588 1658 1850 1722 perhibuit
1875 1659 2134 1710 Cornutus
2153 1659 2433 1710 Tertullus.
2503 1660 2660 1712 Quod

1588 1734 1703 1798 ipse
1746 1735 1953 1786 Plinius
1997 1743 2198 1794 narrat,
2243 1736 2418 1800 Epist·
2459 1748 2528 1785 ιι.
2575 1740 2661 1786 ll.

1589 1812 1605 1839 ‘
1631 1813 1893 1863 Cornutus
1940 1814 2228 1878 Tertullus,
2267 1830 2377 1865 cos.
2416 1814 2664 1881 designa-

1590 1894 1696 1951 tus,
1718 1889 1798 1939 vir
1818 1891 2082 1956 egregius,
2114 1899 2169 1942 et
2204 1905 2299 1957 pro
2322 1890 2550 1941 veritate
2571 1891 2668 1942 tir·

1588 1966 1843 2018 missimus
1869 2000 1883 2016 .
1899 2003 1914 2018 .
1937 1969 1992 2018 in
2016 1968 2119 2018 tine
2152 1968 2669 2033 sententiandjecit,

1591 2043 1729 2109 qnod
1764 2058 1864 2110 ego
1894 2053 1949 2097 et
1979 2046 2191 2096 Tacitus
2229 2046 2468 2111 injuncta
2501 2047 2670 2097 advo·
2702 2110 2706 2117 ι

1591 2123 1800 2172 catione
1839 2122 2119 2186 diligenter
2145 2122 2460 2189 fortiterque
2490 2121 2668 2174 functi

1591 2210 1835 2255 essemus,
1879 2199 2116 2249 arbitrari
2154 2209 2410 2259 senatum,
2450 2201 2528 2255 ita
2570 2214 2671 2250 nos

1591 2275 1797 2339 fecisse,
1819 2284 1876 2326 ut
1899 2278 2109 2341 dignum
2142 2279 2402 2328 mandatis
2426 2278 2667 2343 partibus

1592 2354 1796 2406 fuerit.’
1827 2356 2073 2406 Schwarz.

1664 2433 2025 2498 Testimonium]
2074 2434 2245 2486 Quale
2282 2435 2502 2484 Tertulli
2536 2448 2665 2484 con-

1594 2510 1719 2560 sulis
1752 2511 1804 2559 in
1828 2510 1981 2559 Marii
2013 2510 2369 2574 accusatione,
2406 2511 2577 2574 Epist.
2603 2524 2667 2560 ιι.

1593 2591 1642 2636 9.
1672 2588 1690 2616 ⁴
1714 2587 1987 2638 Secundus
2009 2595 2065 2636 et
2085 2587 2297 2637 Tacitus
2318 2588 2556 2651 injuncta
2573 2586 2667 2636 ad·

1594 2666 1868 2715 vocatione
1888 2664 2169 2728 diligenter
2191 2671 2247 2713 et
2265 2663 2476 2737 fortiter
2497 2662 2666 2713 functi

1594 2739 1753 2798 sunt‚'
1775 2743 1875 2790 διο.
1905 2741 2062 2792 Rern.

1661 2817 2046 2868 Destiaotiouem
2088 2816 2384 2882 consulatus]
2437 2818 2669 2868 Destinoe

1594 2894 1789 2956 tioium,
1829 2909 1946 2959 quse
1985 2893 2037 2942 in
2076 2894 2241 2951 curia,
2286 2902 2549 2957 praesente
2587 2907 2668 2942 se-

1572 2978 1744 3032 natu,
1776 2968 1957 3033 fiebat,
1993 2969 2160 3019 videri
2195 2971 2540 3020 antecessisse
2577 2971 2669 3020 de·

1596 3046 1964 3111 signationem,
2003 3053 2061 3095 et
2094 3046 2527 3108 declarationem,
2551 3058 2671 3109 quae

1598 3123 1949 3187 peragebatur
1992 3123 2042 3171 in
2084 3136 2272 3186 campo
2313 3122 2529 3185 Martio,
2558 3125 2669 3188 jam

1597 3214 1754 3263 supra
1777 3198 1952 3248 monui
1973 3198 2038 3246 ud
2059 3211 2283 3248 mxxvii.
2310 3202 2355 3248 1.
2341 3213 2670 3264 .quanquam

1563 3295 1570 3301 ·
1596 3276 1680 3324 laic
1702 3275 1855 3325 etiam
1881 3289 1976 3338 pro
1993 3275 2355 3337 designatione
2380 3275 2503 3337 poni
2528 3275 2673 3323 vide-

1598 3360 1732 3402 atur.
1787 3352 2022 3415 Sequens
2048 3351 2280 3414 verbum,
2300 3352 2672 3414 mrobueistr's,

1597 3429 1650 3478 in
1667 3442 1782 3477 meo
1798 3428 1981 3477 codice
1994 3427 2244 3490 scriptum
2259 3435 2339 3478 est
2352 3427 2676 3490 probavistis3

1599 3505 1653 3555 in
1689 3504 1948 3554 Vaticano
1989 3513 2044 3554 et
2080 3504 2553 3570 Guelpberbyteno
2586 3520 2672 3569 ap·

1592 3582 1850 3646 probastis.
1882 3582 2065 3631 Schwa
2073 3595 2145 3632 rz-

1668 3657 1803 3706 Tunc
1839 3656 2105 3720 verissime]
2154 3656 2286 3707 Tunc
2324 3656 2475 3710 abest
2512 3658 2566 3708 in
2603 3659 2671 3708 V.

1599 3731 1851 3783 Livineii.
1878 3734 2032 3783 male.
2067 3733 2310 3783 Rittersh.

1669 3811 1790 3859 Cum
1812 3810 2012 3873 adeptus
2034 3809 2134 3873 est]
2169 3811 2215 3861 1.
2235 3825 2281 3860 e.
2319 3810 2449 3861 cnm
2468 3825 2671 3862 assecu-

1600 3891 1684 3935 tus
1708 3895 1807 3948 est,
1842 3892 1896 3935 et
1919 3886 2058 3948 gerit
2078 3886 2342 3936 honorem.
2412 3888 2669 3952 Adagium

1600 3960 1867 4018 Graecum,
1926 3959 2079 4024 Ἀρχὴ
2120 3959 2209 4010 τὸν
2261 3960 2406 4026 ἄνδρα
2444 3961 2669 4029 δείκνυσι,

1596 4036 1913 4099 magistratus
1932 4038 2115 4087 iudicat
2136 4039 2310 4103 υἰνιιιιι,
2332 4040 2417 4090 alii
2440 4041 2671 4106 Pittaco,

1598 4113 1687 4164 alii
1725 4113 1924 4170 Solnni,
1961 4114 2250 4164 animanti
2277 4114 2547 4179 tribunum
2582 4132 2672 4168 cu-

454 4192 609 4244 ernust,
630 4189 998 4256 cuminprimis
1014 4192 1223 4265 dubium
1242 4197 1329 4260 sit,
1348 4204 1521 4263 utrum
1589 4191 1681 4255 jssss
1719 4204 1902 4241 86118115
1945 4199 2048 4250 est·
2092 4192 2144 4241 in
2186 4192 2293 4245 vita
2332 4194 2539 4257 privum
2585 4197 2669 4268 νίς

424 4635 652 4874 ι]
