3017 4942
494 422 511 451 -.
540 383 676 452 934

610 543 761 595 Nosti
799 542 1126 595 necessitates·
1158 544 1433 609 mustis]
1474 543 1524 596 1.
1561 559 1615 594 e.

541 623 659 688 ipse
692 622 790 672 sub
812 622 954 672 duris
990 621 1313 688 principibus
1338 622 1529 686 vixisti,
1552 626 1610 672 et

540 702 848 752 servitutem
900 700 1042 753 ferre
1096 716 1312 753 necesse
1365 701 1611 753 habuisti.

543 777 783 829 Servitus
822 780 960 830 enim
1002 776 1156 830 effert
1201 780 1606 840 necessitatem3

540 856 832 907 necessitas
884 857 1023 907 tollit
1063 857 1353 908 arbitrium.
1419 857 1509 907 Sic
1552 862 1609 907 et

542 945 700 997 supra
739 933 874 983 dixit
909 934 1051 984 Plin.
1090 947 1245 984 xuv,
1287 937 1335 984 1.
1376 934 1609 984 ‘Vixisti

541 1009 834 1067 nobiscum,
874 1011 1199 1075 periclitatus
1244 1025 1317 1073 es,
1354 1011 1608 1073 timuisti3

541 1101 660 1151 quaa
687 1094 810 1136 tnnc
833 1094 948 1138 erat
971 1086 1322 1137 innocentium
1344 1085 1490 1136 vita?
1536 1087 1610 1136 Et

541 1176 632 1212 ιν.
658 1167 709 1214 2.
734 1163 815 1213 ‘Si
842 1165 1056 1213 velimus
1079 1178 1195 1215 cum
1221 1156 1448 1226 priorum
1474 1167 1608 1212 tem·

540 1252 724 1301 porum
748 1239 1062 1288 necessitate
1082 1245 1308 1301 certare,
1321 1238 1609 1287 vincemur.

541 1315 872 1379 Ingeniosior
907 1323 992 1368 est
1026 1316 1161 1366 euim
1197 1315 1263 1365 ed
1306 1315 1607 1380 excogitan-

540 1392 661 1443 dum
700 1392 962 1443 simulatio
1001 1394 1245 1449 veritate,
1284 1392 1506 1441 servitus
1546 1391 1607 1442 li·

536 1466 761 1527 bertate,
786 1477 955 1520 metus
976 1467 1189 1519 amore.’
1223 1470 1375 1519 Idem.

605 1546 776 1611 Nosti]
812 1546 945 1596 Cum
980 1553 1035 1596 et
1071 1553 1127 1594 tu
1163 1544 1262 1594 sub
1295 1545 1429 1594 malo
1462 1543 1606 1608 prin-

490 1608 517 1634 ⁰
539 1619 658 1684 cipe
682 1623 904 1678 viveres,
928 1635 1115 1686 nempe
1139 1619 1463 1671 Domitiano.
1500 1620 1607 1670 Po·

538 1698 684 1747 terol-

604 1775 780 1839 Nosti]
813 1775 950 1824 Nam
974 1780 1027 1824 et
1053 1773 1164 1837 ipse
1187 1772 1366 1839 paullo
1388 1776 1511 1822 ante
1531 1772 1607 1824 in·

534 1856 624 1901 ter
646 1853 952 1902 servientes.
985 1852 1123 1915 Lips.

475 1919 481 1925 '
608 1927 812 1983 Quando
844 1926 1020 1991 simile]
1067 1926 1130 1975 In
1165 1923 1431 1977 codicibus
1459 1923 1608 1975 Vati-

538 2002 700 2062 canis,
733 2003 972 2060 Venetis,
1010 2001 1308 2064 Parisiensi,
1344 2001 1609 2051 salisbur-

539 2081 709 2142 gensi,
752 2079 1029 2142 Patavino,
1072 2093 1211 2139 meo,
1253 2085 1309 2129 et
1364 2078 1419 2128 in
1472 2078 1607 2127 libro

536 2156 816 2219 Vossiano,
839 2155 1051 2219 prefixa
1086 2155 1272 2217 copula
1292 2159 1360 2217 et,
1382 2153 1606 2218 legimus

535 2238 584 2283 et
619 2235 803 2296 quondo
842 2232 999 2282 simile
1034 2230 1216 2294 aliquid
1247 2230 1447 2281 audisti.
1516 2231 1606 2280 In-

537 2303 756 2359 v‘eneret
790 2309 947 2358 etiam
981 2308 1246 2358 Livineius
1280 2310 1411 2358 hauc
1445 2322 1607 2372 copu-

534 2385 638 2434 lem
674 2385 728 2435 in
763 2385 976 2449 antiquo
1015 2383 1320 2447 exemplari,
1351 2384 1605 2434 malebat·

535 2474 637 2526 que
659 2460 952 2510 rescribere
974 2461 1212 2524 ecquando
1231 2459 1404 2509 simile.
1466 2459 1604 2510 Quae

534 2537 747 2602 quidem
791 2537 1012 2587 mutatio
1057 2534 1108 2587 in
1154 2535 1424 2587 codicibus
1471 2536 1606 2588 Mss.

533 2613 662 2664 sutis
680 2612 927 2679 frequens
950 2620 1065 2674 est3
1098 2611 1138 2661 si
1163 2611 1284 2676 quid
1321 2617 1494 2661 tamen
1522 2610 1606 2673 hic

535 2697 739 2740 mutare
766 2690 938 2754 velim,
960 2689 1131 2739 malim
1152 2694 1206 2737 ot
1226 2689 1432 2752 wando,
1449 2702 1605 2752 quum

531 2768 789 2830 ecquando,
825 2778 1096 2830 reponere.
1161 2764 1279 2815 Nec
1314 2777 1428 2813 raro
1465 2763 1606 2813 enim

532 2842 819 2907 particulas
858 2855 1069 2906 quoque
1105 2845 1154 2890 et
1188 2847 1345 2904 atque
1377 2846 1431 2889 ot
1467 2840 1608 2890 inter

537 2933 596 2968 se
637 2918 943 2982 permutari,
975 2919 1085 2981 jam
1126 2916 1213 2967 alii
1248 2916 1608 2969 observarunt.

534 2995 623 3044 Sic
661 2995 911 3045 Heinsius
949 2994 1000 3042 in
1025 3007 1178 3043 versu
1214 2996 1328 3042 570.
1363 2990 1481 3041 iibri
1517 3002 1609 3041 ιιι.

518 3072 684 3125 „silue
718 3072 855 3122 ‘His
893 3070 1102 3132 Venus3
1152 3077 1209 3120 et
1242 3077 1423 3120 contra
1461 3069 1607 3133 geni·

534 3154 621 3198 tor
641 3149 715 3198 sic
738 3148 928 3198 deinde
954 3145 1227 3212 profatur!
1300 3147 1372 3196 Et
1393 3146 1444 3194 in
1466 3159 1606 3195 vers.

534 3228 652 3274 825.
676 3223 768 3274 lib.
792 3237 832 3274 ι.
848 3223 963 3273 AEn.
980 3222 1223 3287 virgilii:
1256 3222 1273 3251 ‘
1292 3223 1384 3272 Sic
1401 3222 1607 3282 Venus3

535 3308 592 3350 et
636 3307 825 3351 contra
862 3299 1086 3349 Veneris
1127 3300 1202 3350 sic
1244 3297 1378 3349 filius
1408 3313 1557 3348 orsus
1573 3295 1608 3360 ;'

534 3377 814 3443 utrobique
858 3374 1045 3457 maluit
1095 3375 1294 3440 legere,
1328 3377 1382 3423 at
1421 3378 1611 3424 contra.

530 3446 790 3506 Schwartz.
1120 3504 1137 3523 N

599 3532 879 3595 Ecquando
921 3525 1122 3590 dixisti]
1173 3526 1352 3592 Forte,
1383 3526 1608 3590 Ecquan-

542 3609 603 3659 do
625 3609 817 3659 dixisti.
859 3608 1024 3657 Livin-

599 3683 791 3748 Μαίας]
842 3684 1041 3746 Dogma
1084 3680 1485 3745 pulcherrimum
1525 3687 1608 3732 est

532 3761 590 3811 in
614 3759 885 3810 Plutarchi
915 3758 1218 3808 Demetrio:
1253 3758 1270 3786 ‘
1289 3757 1413 3807 Non
1438 3755 1606 3806 fiden-

533 3838 655 3888 dum
682 3835 964 3886 honoribus
990 3835 1119 3899 istis,
1144 3833 1228 3898 qui
1252 3833 1607 3883 decernuntur

535 3914 612 3963 sic
653 3913 841 3975 vulgo:
890 3911 962 3961 Τὰ
999 3911 1095 3975 γὰρ
1129 3908 1269 3972 αὐτὰ,
1304 3911 1494 3975 inquit,
1527 3908 1609 3960 καὶ

539 3989 744 4041 δεδιότες
774 3987 1081 4053 ψηφίζονται,
1112 3985 1190 4036 καὶ
1222 3987 1495 4052 φιλοῦντες,
1527 4003 1606 4038 ea·

535 4069 642 4117 dem
694 4067 819 4116 esim
871 4072 918 4115 et
973 4066 1196 4115 timentes
1241 4066 1517 4124 decernunt,
1557 4070 1607 4114 et

535 4146 765 4193 amantes.
829 4142 902 4191 At
923 4155 1077 4191 unum
1105 4148 1463 4205 argumentum
1489 4155 1606 4191 esse

539 4216 678 4268 herae
702 4217 1101 4274 benevolentiae,
1123 4217 1166 4266 si
1188 4217 1243 4278 ii,
1263 4217 1451 4283 quibus
1476 4216 1606 4266 dan-

541 4302 648 4359 tur,
682 4293 879 4347 conscii
911 4291 1010 4345 sibi
1050 4292 1174 4351 sint,
1213 4292 1369 4345 factis
1405 4301 1462 4344 et
1480 4293 1603 4344 xvir·

493 4728 605 4892 l

1239 399 1459 451 κοτε
1504 396 1915 449 vamouuu
1967 382 2054 450 ut*

1685 549 1802 596 tute
1822 542 2108 595 meruisse.’
2139 544 2279 610 Lips.

1747 621 1914 672 Melta
1945 622 2138 685 quiden·
2173 620 2418 684 excogitat
2448 620 2626 685 Μαι]
2649 621 2746 669 'I'a-

1681 695 1777 748 eit.
1799 696 1989 747 Annei.
2006 711 2083 747 ιν.
2098 701 2183 747 31.
2202 699 2218 726 ⁸
2233 699 2349 749 Nec
2372 698 2633 747 occultum
2654 702 2752 759 est,

1681 771 1995 837 quando‘ex
2028 774 2278 837 veritate,
2315 772 2523 840 quando
2570 772 2746 822 adum-

1681 849 1835 901 brata
1854 850 2062 914 taetitia,
2084 848 2225 901 facts
2258 850 2589 915 imperatoris
2616 849 2748 899 cele·

1684 924 1939 977 brentnr.'
2001 925 2158 977 Adde
2184 927 2456 977 Plutarch.
2478 927 2532 976 in
2557 928 2750 976 Deme·

1682 1003 1788 1052 trio
1834 1017 1951 1067 cap.
1982 1007 2066 1053 39.
2106 1004 2309 1055 'rubam
2349 1003 2507 1054 Pacis
2558 1002 2751 1052 clariss.

1683 1080 1949 1145 Bernegg.
1974 1096 2027 1145 p.
2050 1084 2167 1132 110.
2202 1082 2439 1132 Frisckns.

1751 1158 1969 1214 Quoess‘toe
2002 1158 2063 1207 ab
2098 1155 2293 1220 invitis]
2329 1159 2378 1208 Ι.
2404 1172 2455 1207 e.
2489 1155 2752 1221 affectate,

1682 1237 1741 1283 et
1770 1235 1937 1285 multo
1976 1235 2158 1284 labore
2189 1249 2484 1299 magnaque
2517 1249 2647 1285 cura
2669 1248 2752 1284 ac-

1683 1310 1913 1371 cersitu
1943 1325 2077 1376 que
2119 1310 2340 1373 nativis,
2367 1317 2423 1360 et
2464 1311 2618 1374 quusi
2658 1308 2752 1374 ipsi

1684 1394 1884 1436 usturae
1942 1391 1997 1436 et
2052 1388 2327 1451 voluntati,
2388 1387 2755 1437 adversantur.

1682 1461 1936 1527 Propert.
1957 1476 2050 1513 ιιι.
2072 1466 2154 1512 24.
2178 1463 2245 1513 de
2278 1463 2504 1514 candore
2535 1477 2644 1513 non
2667 1478 2753 1513 na-

1683 1540 1811 1598 tivo,
1830 1541 1922 1591 sed
1942 1555 2039 1605 per
2055 1547 2222 1591 artem
2253 1549 2307 1592 et
2331 1555 2507 1591 curam
2535 1541 2755 1606 adscito,

1680 1618 1852 1669 ‘Cum
1894 1618 1991 1668 tibi
2029 1617 2277 1683 quesitus
2322 1618 2522 1668 candor
2568 1620 2623 1668 in
2668 1631 2754 1668 ore

1681 1691 1861 1745 foret.’
1928 1694 2077 1744 Idem
2103 1709 2144 1745 1.
2169 1700 2251 1745 15.
2273 1700 2291 1724 ‘
2307 1695 2388 1745 Tu
2412 1701 2569 1758 potes
2588 1701 2755 1744 exter-

1681 1785 1778 1821 nos
1814 1772 2053 1822 manibus
2094 1785 2406 1837 componere
2446 1773 2651 1830 crines,
2687 1771 2756 1820 Et

1682 1847 1838 1910 longa
1871 1844 2059 1898 faciem
2082 1863 2318 1913 quaerere
2346 1846 2592 1898 desidia?
2655 1842 2757 1897 Ubi

1683 1923 2014 1974 Passeratius
2050 1926 2144 1987 sit,
2171 1923 2392 1975 ‘faciem
2426 1925 2594 1988 longa
2628 1909 2758 1974 desi-

1682 1999 1768 2049 dia
1803 2000 2076 2066 qureret-ef
2100 2002 2226 2066 dici,
2246 2000 2465 2052 formam
2499 2002 2607 2053 sibi
2640 2016 2756 2052 con·

1682 2076 1861 2127 ciliare
1895 2085 1951 2128 et
1984 2092 2169 2143 parere
2201 2079 2334 2129 velle
2376 2080 2533 2143 longa
2582 2079 2760 2129 inerti·

1681 2166 1789 2218 que
1808 2168 1988 2216 mora;
2022 2155 2162 2220 quia,
2187 2159 2245 2205 ut
2269 2156 2344 2205 ait
2368 2155 2630 2210 comicus,
2654 2169 2758 2204 mu·

1681 2230 1837 2281 lieres
1866 2232 2022 2282 ‘dum
2056 2240 2354 2297 comuntur,
2376 2232 2500 2282 dnm
2540 2232 2756 2282 moliun-

1681 2313 1785 2370 tur,
1806 2323 1968 2358 annus
1991 2318 2072 2360 est
2090 2310 2125 2372 ς’
2164 2311 2418 2376 quoeritur
2440 2309 2608 2372 enim,
2623 2308 2757 2374 quod

1682 2392 1869 2433 natura
1892 2384 2059 2435 abest.
2126 2386 2217 2436 Sic
2238 2394 2296 2435 et
2313 2384 2473 2435 Ovid.
2494 2383 2625 2434 Art.
2644 2383 2762 2434 Am.

1682 2474 1771 2511 ιιι.
1793 2465 1909 2512 199.
1932 2464 1947 2491 ⁸
1964 2462 2123 2513 Scitis
2147 2471 2203 2513 et
2226 2462 2444 2512 inducta
2471 2461 2755 2511 candorem

1682 2552 1919 2603 quoerere
1941 2536 2099 2588 cere.'
2162 2539 2333 2588 Tacit.
2357 2535 2552 2587 Annsl.
2575 2550 2658 2586 vr.
2678 2540 2756 2585 60.

1681 2612 1770 2665 ubi
1806 2613 1874 2664 de
1907 2614 2103 2665 Tiberii
2139 2613 2562 2664 dissimulatione
2599 2612 2755 2662 disse·

1679 2690 1782 2740 ritz
1819 2691 2003 2749 ‘Idem
2040 2691 2197 2741 animi
2227 2691 2396 2752 rigon
2429 2702 2677 2739 sermone
2698 2703 2754 2739 ec

1681 2767 1831 2816 vultu
1853 2768 2105 2830 intentus,
2126 2768 2349 2832 quaesita
2372 2764 2438 2831 (i.
2462 2780 2512 2815 e.
2541 2765 2755 2817 affecta·

1683 2839 1768 2905 ta)
1788 2842 2052 2893 interdum
2086 2845 2354 2907 comitate,
2382 2845 2622 2907 quamvis
2655 2856 2754 2892 rna-

1681 2917 1923 2969 nifestam
1946 2918 2296 2971 defectionem
2331 2918 2593 2985 tegebat.'
2656 2919 2754 2968 Vc·

1682 3009 1795 3045 rum
1817 3010 1882 3046 ex
1906 2997 1995 3046 illa
2019 2998 2135 3062 ipsa
2169 2997 2454 3048 artificiosa
2485 2995 2754 3049 affectata·

1681 3085 1782 3135 que
1816 3071 2216 3136 significatione,
2239 3090 2356 3139 mg.
2381 3073 2562 3138 gandii
2593 3082 2649 3124 et
2671 3087 2752 3124 ve·

1683 3148 2230 3215 nerationis‚'primum
2249 3165 2311 3200 ac
2326 3150 2653 3214 precipuum
2669 3149 2753 3220 fic·

1685 3223 1844 3273 tionis
1889 3225 2337 3289 simulationisque
2387 3233 2750 3289 argumentum

1682 3298 1794 3364 peti
1828 3307 2035 3364 potest3
2069 3301 2211 3366 quod
2246 3300 2404 3351 docet
2437 3301 2618 3364 Scipio
2639 3301 2752 3350 Cla·

1684 3377 1970 3425 ramontius
2003 3376 2069 3426 de
2109 3376 2465 3442 conjectandis
2501 3377 2749 3441 cujusque

1684 3452 1934 3510 moribus,
1964 3466 2046 3503 tx.
2079 3457 2132 3504 4.
2163 3458 2213 3503 6.
2279 3454 2397 3505 Quo
2435 3451 2600 3502 refert
2639 3454 2747 3502 illos

1684 3541 1869 3578 versus
1891 3529 2083 3580 Horat.
2106 3529 2171 3579 de
2208 3529 2339 3580 Arte
2363 3529 2519 3579 Poet.
2542 3544 2618 3581 vs.
2637 3533 2750 3579 425.

1684 3618 1829 3670 seqq.
1874 3606 1962 3655 ubi
2012 3603 2174 3669 poeta
2206 3605 2272 3656 de
2317 3605 2595 3655 simulante
2628 3605 2748 3654 adu-

1684 3678 1851 3730 latore
1899 3681 2053 3745 agita
2092 3687 2109 3711 ‘
2132 3681 2390 3731 clamabit
2433 3683 2594 3746 enim,
2628 3682 2747 3732 Pul·

1682 3755 1824 3820 chre,
1855 3756 2011 3820 bene,
2046 3757 2226 3808 rectel
2262 3758 2558 3820 Pallescet;
2592 3771 2745 3822 snper

1680 3831 1761 3881 his
1799 3832 1959 3882 etiam
1997 3833 2219 3883 stillabit
2254 3833 2435 3884 amicis
2472 3835 2554 3884 Ex
2589 3833 2745 3884 oculis

1681 3923 1884 3970 rorem;
1921 3909 2094 3967 saliet,
2137 3909 2322 3960 tundet
2367 3911 2500 3974 pede
2543 3921 2742 3960 terram.

1679 3984 1757 4035 Ut
1793 3984 1881 4049 qui
1924 3985 2170 4035 conducti
2216 3986 2421 4050 plorant
2457 3988 2509 4036 in
2546 3986 2743 4043 funere.

1681 4060 1864 4111 dicunt
1895 4058 1967 4110 Et
1987 4058 2185 4111 faciunt
2212 4075 2378 4125 prope
2400 4062 2551 4126 plura
2573 4061 2740 4111 dolen-

1678 4130 1821 4188 'tibns
1843 4150 1913 4187 ex
1935 4138 2132 4199 animo;
2168 4138 2244 4187 sic
2265 4138 2476 4188 Derisor
2495 4152 2615 4189 vero
2633 4139 2737 4202 plus

1678 4213 1953 4265 laudatore
1978 4212 2256 4264 movetur!
2294 4213 2540 4265 Saltum.

1746 4290 1898 4342 Aliud
1920 4289 2262 4355 wlicieudisiq
2294 4291 2439 4343 Male
2461 4291 2737 4343 omiserunt
