3017 4942
755 393 823 442 e.
867 390 1116 442 ιἰιΝιι
1166 390 1499 441 suenum
1550 388 1830 439 nune.
1907 390 1961 438 1.
2005 371 2116 440 61.

318 527 606 600 terpreteri
642 535 930 601 ‘aceepitz’
962 550 1080 587 nem
1117 548 1389 599 opponun-

316 621 408 662 tnr
425 615 526 663 hoe
545 615 660 664 loco
682 621 697 644 ‘
721 618 938 678 cepere·
959 620 1014 664 et
1030 617 1046 644 ⁸
1073 612 1237 663 ἀπε)
1285 613 1388 662 Ve-

316 705 430 739 rum
455 691 556 740 dic-i
595 698 788 755 potest,
818 691 1065 755 ‘premia
1101 689 1245 739 deri’
1286 703 1388 739 non

314 767 378 816 iis
401 773 629 830 tantum,
648 768 733 831 qui
755 781 819 816 en
841 768 1166 832 simpliciter,
1187 776 1238 817 et
1265 781 1389 831 quo·

316 858 523 909 cunque
545 845 715 893 animo
738 845 1025 908 accipiunt,
1038 842 1131 892 sed
1147 843 1303 891 etiem
1324 842 1388 892 iis

315 922 405 986 qni
445 921 676 985 praemiis
715 933 865 985 peres
903 928 1039 977 sunt,
1060 927 1114 970 et
1139 927 1387 984 tanquam

315 996 469 1059 digni
507 995 745 1062 gratique
767 1011 846 1047 -ee
890 997 1120 1060 cupiunt.
1185 997 1390 1060 Sequor

313 1086 446 1136 ergo
460 1088 579 1121 cum
600 1072 878 1123 Arntzenio
895 1071 1387 1136 interpretationem

301 1149 616 1215 ·Lipsisnsm
638 1165 656 1211 ς
693 1150 1000 1214 praesertim,
1023 1163 1159 1206 eum,
1184 1163 1284 1213 quo
1306 1163 1388 1198 nr-

317 1227 497 1289 gutior
520 1240 700 1276 sensus
730 1225 1027 1288 verborum,
1050 1241 1112 1277 eo
1141 1226 1384 1277 conveni-

315 1304 493 1352 entior
531 1303 653 1353 stilo
697 1302 935 1354 Plinisno
972 1316 1089 1353 esse
1130 1302 1387 1353 videatur.

315 1382 452 1434 Quas
480 1396 597 1432 cum
621 1382 696 1432 ite
729 1381 849 1438 sint,
883 1381 1027 1431 nihili
1045 1378 1286 1430 faciende
1307 1385 1389 1430 est

314 1459 545 1508 varietas
580 1458 777 1509 codicis
801 1456 1277 1523 Guelpherbyteni,
1296 1456 1387 1507 nbi

317 1546 418 1597 pro
438 1537 584 1598 cepit,
606 1535 798 1598 legitur
818 1533 993 1605 recepit
1011 1547 1032 1590 ,·
1063 1539 1120 1583 et
1140 1532 1386 1582 editionis

318 1610 672 1668 Gedenensis,
692 1610 779 1661 ubl
803 1624 898 1673 pro
920 1609 1148 1675 capienti,
1170 1623 1386 1674 expres-

316 1702 434 1740 sum
457 1697 540 1739 est
561 1689 828 1753 accipienti.
862 1688 1121 1737 Sebwnrn.

384 1767 525 1816 Deos
550 1765 757 1830 pariter]
787 1765 951 1830 AEquo
985 1763 1237 1827 temporis
1266 1776 1386 1827 spe·

316 1842 418 1904 tio,
438 1842 641 1892 dnobus
664 1854 871 1906 nempe,
889 1848 980 1892 sut
1009 1842 1222 1891 circiter
1243 1855 1386 1892 men·

315 1917 481 1968 sibus.
536 1918 621 1968 Sic
645 1918 907 1980 intelligoz
944 1917 1079 1967 Nem
1105 1916 1386 1981 aliquando

314 1996 661 2059 imperatores
692 1994 1010 2044 consulatum
1043 1991 1245 2043 inibant
1265 2006 1385 2044 eum

307 2075 522 2138 college
544 2071 788 2123 colendis
809 2071 1105 2124 Jenueriisz
1143 2072 1262 2121 inde
1296 2086 1385 2122 eu·

317 2157 428 2200 tem
464 2148 704 2200 Calendis
736 2148 950 2200 Martiis
973 2148 1276 2211 magistratu
1299 2162 1386 2198 ee·

316 2226 539 2291 debent,
574 2226 900 2291 alterumque
938 2225 993 2274 in
1030 2226 1197 2275 locum
1236 2240 1384 2276 suum

314 2303 677 2355 intrudebsnt.
722 2304 975 2369 Trnjsnus
998 2318 1119 2355 vero
1140 2304 1286 2354 tertii
1307 2304 1387 2354 sui

316 2382 619 2433 consulatus
640 2379 771 2431 duos
791 2382 985 2445 primos
1006 2396 1206 2431 menses
1226 2382 1388 2444 gessit

314 2473 438 2509 cum
463 2460 753 2520 Frontone3
787 2458 914 2508 duos
936 2463 1212 2523 sequentes
1237 2460 1386 2515 elios,

314 2544 412 2587 nut
433 2536 659 2594 circiter,
678 2549 795 2586 cum
817 2534 939 2584 elio.
1001 2534 1090 2584 Sic
1110 2533 1283 2584 factus
1306 2541 1387 2584 est

320 2615 521 2679 puriter
554 2621 611 2664 et
643 2626 709 2663 ex
738 2627 889 2677 mquo
917 2614 1118 2676 college
1145 2612 1384 2675 duobus3

315 2690 411 2740 sed
445 2705 553 2740 non
582 2689 799 2754 singulis
832 2703 927 2753 per
957 2703 1050 2738 sex
1081 2703 1300 2747 menses,
1324 2697 1386 2740 ut

314 2766 516 2816 criticis
553 2766 666 2818 aliis
703 2766 863 2815 visum
903 2773 1015 2827 θοις
1048 2780 1164 2815 nem
1200 2768 1384 2817 eodem

303 2858 453 2894 nuno
485 2845 724 2895 consules
752 2840 900 2893 fuer‘e
923 2844 1078 2893 etiem
1103 2844 1306 2894 Plinius
1328 2851 1386 2895 et

313 2922 606 2986 Tertullus,
627 2921 856 2986 itemque
870 2920 986 2970 ulii.
1023 2921 1239 2973 Patarol.

380 3001 521 3050 Duos
555 3000 781 3064 collegas]
821 3000 1058 3049 Venatus
1094 2998 1179 3048 hie
1201 2998 1383 3050 docus.

315 3075 552 3126 Primum
577 3076 803 3139 Lipsius,
817 3076 867 3124 in
886 3076 1256 3126 commentario
1275 3090 1388 3139 suo,

305 3152 555 3215 tradidit,
585 3165 680 3215 pro
713 3150 966 3201 vocabulo
998 3152 1220 3214 collegas.
1243 3152 1385 3201 meli·

305 3243 401 3292 ns,
424 3236 518 3279 eut
549 3235 696 3278 certe
717 3228 970 3292 spertius,
991 3228 1210 3278 rescribi
1235 3241 1387 3292 posse

314 3305 529 3366 collegii.
552 3305 685 3353 hunc
711 3304 763 3352 in
788 3302 1027 3352 modum:
1066 3303 1230 3361 Quia?
1263 3306 1388 3367 qnod

313 3384 432 3432 dnos
457 3381 640 3445 pariter
671 3380 813 3430 tertio
834 3379 1082 3430 consuluit
1102 3381 1293 3443 collegii
1312 3381 1387 3430 tei

305 3459 577 3510 ·sanctitate
596 3457 846 3508 decorasti.
902 3457 1055 3507 Hunc
1079 3458 1242 3521 Lipsii
1268 3471 1386 3508 cou-

300 3537 568 3601 jecturnm
603 3533 930 3598 Panegyrico
953 3533 1112 3583 Plinii
1135 3533 1386 3599 deinceps

309 3614 544 3664 intulere
555 3610 1389 3676 Berneggerus,Heckius,Kirch·

303 3688 1388 3753 maierns,Gottscblingius,Weinricltius3

312 3768 411 3819 sed
442 3782 550 3818 non
586 3764 785 3817 inferre
805 3779 959 3814 susus
990 3770 1106 3814 eret
1128 3765 1240 3829 ipse
1265 3766 1386 3830 Lip-

307 3845 438 3895 sius.
509 3843 731 3904 Collegas
751 3840 889 3890 enim
910 3840 1140 3889 unanimi
1163 3843 1386 3891 omnium

314 3921 560 3971 codicum
576 3918 704 3967 Mss.
720 3922 1118 3981 ceterorumque
1137 3918 1387 3968 librorum

314 4009 626 4048 excusorum
637 4006 894 4044 consensu
906 3992 1256 4045 confirmetur.
1279 3994 1323 4045 A
1332 3995 1389 4042 d-

315 4073 451 4137 hoec,
484 4073 500 4099 ⁸
519 4067 822 4133 collegium’
855 4070 1067 4133 proprie
1099 4079 1250 4121 notet
1285 4085 1389 4121 cm·

319 4158 429 4202 tum
463 4148 818 4212 collegerum3
848 4160 967 4211 qum
993 4146 1138 4197 notio
1163 4149 1263 4198 huc
1284 4163 1390 4198 non

319 4225 562 4292 quadret.
606 4224 676 4273 Et
699 4221 998 4272 dubitabam
1018 4229 1193 4281 antee,
1209 4238 1276 4274 an
1293 4225 1390 4275 eti·

325 4315 405 4352 am
439 4314 540 4367 pro
571 4296 744 4351 officio
779 4297 1018 4362 collegae,
1048 4303 1106 4347 et
1134 4302 1391 4353 societate

2391 366 2524 443 841

1459 532 1710 599 muueris,
1741 531 1973 594 dicatum
2006 529 2098 581 sed
2131 528 2364 581 ostendit
2394 531 2527 581 Ges·

1460 622 1615 658 uerus
1638 611 1805 659 locum
1830 623 1898 658 ex
1918 609 2104 658 Tacito
2129 607 2318 659 Annei.
2342 613 2529 659 unsl-

1460 685 1740 749 ‘Sequitur
1771 685 1968 735 Tiberii
1998 684 2233 751 quartus,
2257 686 2418 735 Drusi
2448 698 2529 735 se·

1462 763 1661 814 cuudns
1693 764 2006 820 consulatus,
2028 763 2204 825 petris
2244 769 2400 829 etque
2432 763 2528 814 filii

1461 840 1689 904 collegio
1712 838 1966 904 insignis}
2013 841 2207 891 Verum
2232 854 2333 891 non
2354 847 2529 890 osten·

1462 916 1588 966 dere
1613 916 1786 980 potuit
1809 916 2075 982 antiquum
2098 916 2333 968 codicem
2358 919 2530 968 Pane-

1462 994 1628 1059 gyrici
1667 994 1916 1057 Plinieni,
1936 1009 1966 1043 a
1999 1009 2099 1059 quo
2135 995 2299 1060 Lipsil
2327 996 2529 1060 conjec-

1463 1083 1582 1126 ture
1621 1074 2006 1138 comprobetur.
2073 1073 2341 1125 Livineius
2376 1075 2528 1123 aliem

1461 1152 1580 1202 iniit
1620 1151 1774 1213 viam,
1818 1150 1939 1199 dum
1982 1150 2099 1200 hoec
2148 1156 2530 1200 commentatus

1462 1236 1579 1279 est:
1613 1229 1630 1257 ‘
1659 1226 1865 1276 Dubius
1896 1240 1957 1276 ac
1986 1233 2261 1290 suspectus
2286 1226 2449 1287 locus,
2471 1231 2530 1276 et

1461 1319 1616 1370 quem
1637 1318 1738 1354 non
1762 1317 2096 1368 concoquem.
2152 1301 2396 1352 Arbitror
2412 1316 2530 1366 ger·

1457 1393 1690 1430 menum.
1735 1379 1898 1436 Quia?
1929 1380 2050 1442 quoa
2064 1380 2182 1428 dnos
2200 1379 2402 1443 pariter,
2414 1382 2532 1430 dnos

1458 1460 1681 1520 collegas,
1708 1457 1908 1522 nubet,
1938 1457 2113 1507 nescio
2147 1470 2297 1521 quem
2334 1457 2434 1506 vim
2466 1471 2530 1507 ec

1462 1542 1809 1599 venustatem,
1823 1533 2092 1598 repetitio,
2103 1533 2259 1597 ἄκη]
2274 1535 2411 1584 tertii
2419 1548 2531 1582 con·

1459 1615 1646 1663 snlatns
1666 1612 1742 1662 tei
1760 1611 2018 1662 sanctitate
2035 1609 2306 1661 decorasti?
2370 1611 2530 1675 Equi·

1460 1690 1582 1740 dem
1605 1688 1852 1753 repetitio
1874 1687 2114 1738 vocabuli
2134 1690 2268 1744 dnos,
2292 1701 2443 1751 quem
2463 1675 2529 1737 ei

1458 1781 1553 1817 suo
1587 1774 1770 1816 vetere
1802 1764 1986 1815 codice
2016 1765 2119 1814 Ms.
2144 1763 2359 1827 protulit
2390 1763 2528 1812 Livi-

1457 1843 1631 1903 neius,
1652 1840 1986 1891 confirmetur
2018 1839 2198 1903 utique
2230 1853 2264 1888 n
2296 1839 2531 1902 pluribus

1461 1919 1749 1981 codicibus,
1784 1932 1972 1982 nempe
2007 1933 2038 1967 a
2069 1915 2355 1979 Vaticanis,
2380 1917 2530 1967 Pari·
2574 1946 2577 1951 -

1460 1999 1639 2055 siensi,
1693 1999 1898 2048 Veneto
1943 2002 1992 2048 2.
2048 1995 2531 2060 Gnelpherbytnno,

1461 2090 1598 2135 meo,
1639 2083 1695 2127 et
1739 2076 1871 2125 libro
1911 2075 2201 2137 Vossian03
2244 2073 2299 2123 iu
2343 2073 2528 2137 quibus

1462 2153 1722 2217 omnibus,
1743 2151 2003 2218 (adeoque
2033 2159 2087 2203 et
2116 2154 2170 2202 in
2204 2150 2531 2201 accuratissi-

1448 2233 1558 2282 ‘mis
1586 2232 1852 2296 excerptis
1877 2232 2003 2280 meis
2021 2230 2217 2281 codicis
2240 2229 2532 2292 Guelplier·

1462 2308 1665 2374 bytani,
1687 2316 1740 2359 et
1772 2307 1893 2357 libri
1928 2307 2191 2368 vossium,
2217 2311 2278 2356 ut
2312 2304 2531 2355 Arntze-

1461 2388 1580 2437 nius
1602 2389 1792 2438 nullam
1815 2387 1881 2437 de
1902 2387 1982 2436 his
2008 2385 2276 2436 dubitandi
2296 2399 2529 2434 caussam

1459 2464 1697 2528 habeam
1718 2466 1828 2515 hoc
1860 2464 2021 2514 verba
2052 2464 2127 2514 sie
2156 2469 2370 2513 exarata
2401 2463 2531 2525 legi-

1461 2555 1595 2598 mus,
1637 2541 1805 2599 Quid?
1850 2542 1972 2606 quod
2012 2542 2128 2589 duos
2162 2538 2349 2604 pariter
2385 2538 2530 2587 tertio

1460 2619 1729 2681 consulatu,
1757 2620 1875 2669 duos
1906 2618 2131 2679 collegas,
2163 2616 2238 2666 tui
2270 2615 2532 2664 sanctitate

1460 2696 1714 2761 decorasti.
1780 2696 1973 2745 Unicus
2009 2691 2176 2745 codex
2211 2691 2446 2742 Venetus
2483 2694 2532 2739 l.

1457 2788 1644 2824 vocem
1682 2774 1804 2822 duos
1838 2785 1942 2821 non
1983 2769 2214 2834 repetit3
2255 2774 2310 2817 et
2342 2767 2529 2817 unicus

1462 2851 1630 2901 codex
1655 2846 2050 2909 salisburgensis
2073 2860 2167 2910 pro
2195 2845 2338 2895 tertio
2364 2859 2532 2894 conse-

1460 2932 1583 2992 latu,
1602 2926 1922 2977 hebet‘tertio
1939 2925 2167 2989 consules,
2183 2924 2322 2973 hunc
2347 2922 2397 2972 in
2421 2936 2530 2972 mo·-

1462 3006 1604 3065 dum,
1647 3004 1812 3062 Quia?
1854 3005 1975 3068 quod
2010 3003 2126 3051 duos
2166 3000 2352 3065 pariter
2384 3001 2531 3050 tertio

1460 3084 1692 3138 consules,
1734 3083 1851 3131 duos
1891 3081 2115 3141 collegas,
2156 3077 2229 3126 tui
2273 3077 2531 3126 sanctitate
2602 3121 2608 3125 ,

1460 3159 1716 3210 decorasti.
1752 3157 1986 3208 Maxima
2004 3153 2277 3205 difficultas
2296 3160 2393 3219 est,
2407 3154 2530 3217 quid

1459 3236 1530 3285 de
1564 3238 1662 3285 ista
1692 3233 1938 3299 loquendi
1973 3231 2216 3295 formula,
2248 3230 2322 3281 tui
2353 3232 2530 3280 sancti-

1459 3318 1578 3368 tate,
1602 3311 1866 3363 faciamus.
1936 3309 2094 3359 Ratio
2115 3309 2249 3357 enim
2268 3306 2534 3370 ἀναλογίας

1461 3390 1813 3453 grammatica
1835 3389 2099 3453 postulare
2125 3386 2346 3441 videtur,
2371 3391 2428 3433 ut
2452 3384 2529 3432 di-

1461 3472 1612 3517 cetur
1644 3473 1727 3518 tna
1755 3466 2027 3516 sanctitate.
2095 3465 2234 3516 Num
2266 3467 2530 3526 putemus,

1460 3544 1614 3595 istem
1657 3543 1904 3609 loquendi
1954 3542 2208 3591 rationem
2255 3554 2285 3587 e
2327 3537 2529 3601 vulgari

1462 3620 1671 3686 quidem
1709 3621 1892 3683 lingue
1926 3617 2128 3666 Latiuae
2170 3628 2283 3669 usu,
2312 3627 2412 3663 non
2448 3620 2527 3662 te·

1460 3712 1578 3746 men
1607 3709 1816 3761 prorsus
1842 3709 1873 3743 a
1901 3693 2062 3743 Plinii
2085 3691 2226 3752 stilo,
2253 3690 2412 3739 videri
2437 3690 2529 3739 aii·-

1462 3787 1649 3833 enem3
1693 3785 1809 3821 eum
1855 3768 1989 3818 idem
2036 3767 2260 3828 Plinius,
2302 3766 2527 3829 exempli

1461 3864 1666 3912 caussa,
1686 3849 1736 3898 in
1761 3849 1860 3899 boc
1883 3845 2233 3909 Panegyrico,
2257 3857 2456 3893 Lxxvr.
2480 3847 2527 3893 l.

1463 3927 1623 3989 dicet,
1661 3933 1677 3959 ⁸
1700 3925 1926 3976 triduum
1971 3931 2133 3972 totum
2168 3928 2396 3977 senatus,
2432 3920 2527 3968 sub

1462 4003 1705 4065 exemplo
1742 4002 1838 4062 tui,
1871 4000 2011 4064 [pro,
2047 4005 2063 4028 ·
2088 3999 2327 4061 exemplo
2373 3995 2529 4062 tuo,']

1462 4078 1637 4129 sedit.'
1705 4081 1772 4130 Et
1798 4078 1969 4141 Epist.
1993 4089 2049 4125 x.
2067 4079 2150 4124 29.
2182 4075 2198 4102 ⁸
2216 4073 2303 4138 qui
2326 4072 2390 4122 sd
2416 4087 2530 4122 eoe-

1462 4156 1581 4205 dem
1606 4155 1704 4205 mei
1729 4155 1846 4205 loco
1869 4149 2187 4202 mittereris!
2243 4148 2324 4198 An
2351 4149 2531 4198 existi-

1462 4247 1679 4296 memus,
1722 4231 1946 4281 Plinium
1989 4229 2173 4278 saltem
2220 4227 2532 4276 ἑλλειωκΐη

1463 4310 1548 4360 hic
1570 4310 1738 4377 loqui3
1771 4321 1960 4374 nempe
1982 4314 2041 4357 ut
2062 4318 2129 4355 ex
2150 4302 2396 4368 proximis
2418 4315 2528 4352 vet-
