3017 4942
706 403 773 451 c.
820 402 1066 452 Pmml
1116 402 1451 453 saeuum
1497 403 1778 454 rmus.
1826 407 1877 454 1.
1921 389 2028 456 66.

270 540 318 592 is
336 554 496 595 ausus
527 549 611 595 est
638 545 773 597 hane
808 547 1163 613 conjecturam
1201 548 1335 599 reci-

269 632 398 682 pere
414 620 470 669 in
488 628 792 673 contextum
809 638 827 684 ς
854 624 1057 688 recepit
1076 639 1191 674 eam
1206 639 1336 674 unns

270 691 613 759 Arutzenius,
652 698 778 762 quia
820 701 873 749 in
909 700 1042 751 libro
1082 702 1337 753 vossiano

265 785 366 834 pro
398 786 532 824 voce
556 773 781 838 facilius,
818 786 1096 828 annotatur
1121 778 1339 840 felicius.

264 848 371 898 Sed
429 850 693 902 incertum
748 858 848 911 est.
905 861 1076 904 utrum
1121 855 1336 904 Vossius

269 924 404 977 hanc
441 926 722 979 lectionem
756 943 823 980 ex
859 933 1075 997 antiquo
1114 931 1336 997 quodam

272 1005 480 1066 codice,
525 1023 593 1058 an
631 1023 696 1059 ex
738 1009 831 1060 illa
871 1012 1337 1075 ipsa-conjectura

266 1083 440 1148 Lipsii
506 1086 774 1138 hauserin-
845 1089 924 1139 In·
978 1091 1124 1140 nullo
1197 1092 1338 1141 enim

263 1160 472 1224 scripto
514 1176 816 1229 excusaque
858 1166 993 1217 libro
1036 1167 1340 1219 variationis

266 1236 492 1301 alicujus
529 1239 698 1290 volam
737 1243 1113 1308 vestigiumque
1150 1244 1339 1310 depre-

263 1311 443 1364 hendi.
513 1314 674 1364 Vocis
717 1317 927 1383 quidem
953 1319 1153 1380 felicius
1195 1320 1340 1370 notio

266 1391 396 1441 satis
418 1398 552 1455 apta
570 1391 710 1445 foret
729 1410 745 1457 ς
765 1396 857 1446 sed
876 1404 933 1448 et
950 1399 1161 1461 vulgata
1178 1397 1340 1448 lectio

265 1474 415 1519 reete
452 1470 625 1520 locum
660 1487 807 1522 suum
832 1476 970 1526 tueri
995 1483 1186 1541 potest,
1213 1478 1255 1527 si
1277 1492 1341 1528 ea

264 1559 363 1609 per
414 1545 433 1575 ‘
469 1548 668 1599 levins’
700 1557 756 1601 et
796 1559 811 1582 ⁸
843 1553 1208 1605 tolerabilius’
1252 1569 1340 1603 ex-

263 1622 519 1684 plicetur.
561 1626 649 1677 Ita
664 1628 801 1677 enim
820 1635 876 1683 et
899 1631 1022 1681 alibi
1046 1630 1105 1680 τὸ
1125 1640 1140 1663 ⁸
1165 1630 1346 1681 facile’

262 1697 560 1752 identidem
603 1707 886 1768 opponitur
939 1709 1006 1773 ei,
1064 1709 1202 1773 quod
1259 1716 1346 1759 est

264 1791 447 1840 grave,
509 1781 805 1846 molestum,
868 1790 927 1834 et
988 1785 1340 1836 intolerabile.

267 1854 482 1906 Gellius
507 1857 672 1908 Noct.
697 1859 811 1910 Att.
835 1874 874 1910 ι.
894 1865 947 1911 6.
977 1861 994 1890 ‘
1022 1863 1069 1913 N
1076 1864 1205 1912 ullas
1228 1865 1341 1927 ple·

264 1945 492 1999 rumque
507 1949 622 1986 esse
637 1937 691 1987 iu
709 1939 1051 1989 matrimoniis
1076 1940 1343 1990 molestias

265 2012 631 2076 asseverabat,
664 2021 739 2072 et,
775 2015 818 2064 si
854 2031 970 2080 qnae
1005 2025 1182 2066 tamen
1206 2017 1341 2067 aeci·

266 2085 396 2137 dere
427 2103 539 2139 non
574 2102 836 2155 nunqnam
861 2092 1189 2157 videt-entur,
1223 2107 1343 2157 par-

267 2179 379 2223 vas,
437 2175 500 2229 et
545 2168 709 2229 leves,
761 2167 1048 2236 {scilesque
1095 2174 1346 2229 toleratu,

267 2239 528 2294 dicebat!
561 2244 677 2294 Liv.
703 2258 756 2295 v.
788 2250 869 2296 22.
903 2248 921 2275 ⁸
948 2249 1112 2297 Deam
1138 2249 1342 2313 accepi·

269 2331 386 2369 mus
419 2320 592 2370 levem
629 2335 692 2372 ac
726 2320 936 2373 facilem
977 2325 1233 2374 translatu
1260 2324 1342 2374 fu-

266 2394 436 2447 isse!⁴
497 2397 665 2449 Immo
700 2405 758 2449 et
796 2399 1076 2464 aliquando
1106 2403 1124 2430 ⁸
1145 2400 1349 2462 facilis?

269 2471 380 2522 sine
422 2472 790 2525 additamento
827 2476 1017 2527 dicitur
1041 2492 1138 2541 pro
1171 2479 1188 2506 ⁴
1211 2477 1343 2528 levi'

269 2556 325 2598 et
359 2555 377 2577 ‘
404 2550 706 2602 tolerabili.'
751 2552 938 2616 virgil.
973 2553 1092 2606 AEu.
1129 2568 1194 2605 11.
1227 2558 1344 2605 646.

266 2623 285 2651 ‘
308 2626 508 2677 Facilis
539 2628 755 2692 jactura
787 2630 1068 2694 sepulcriz’
1109 2632 1196 2683 ubi
1224 2632 1343 2682 Ser-

268 2701 404 2767 vius,
418 2709 435 2732 ‘
452 2703 657 2762 Facilis,
676 2706 709 2754 i.
732 2720 780 2756 e.
801 2708 1173 2759 contemtibilis
1197 2718 1252 2759 et
1274 2710 1346 2759 le·

269 2777 345 2826 vis
381 2780 616 2844 sapienti
662 2782 789 2846 viro,
829 2791 889 2833 ut
923 2784 990 2832 sit
1008 2785 1208 2846 jactura
1241 2785 1346 2834 dis-

265 2855 555 2916 pendium:
606 2856 721 2907 Cic.
753 2872 847 2922 pro
883 2860 952 2911 Q.
983 2860 1191 2924 Roscio,
1230 2875 1347 2925 esp.

268 2934 328 2979 6.
351 2938 369 2960 ‘
392 2933 638 2985 Quorum
668 2936 887 2985 alterum
925 2945 1005 2985 est
1040 2938 1246 2999 gravius
1291 2946 1348 2988 et

269 3008 537 3072 odiosins3
581 3011 827 3075 alterum,
874 3013 1039 3062 levius
1076 3023 1132 3064 et
1179 3013 1347 3065 facili·

269 3097 381 3137 us..
400 3119 417 3136 .
437 3120 454 3137 .
483 3086 601 3138 Hoc
624 3089 735 3153 jam
768 3102 936 3155 neque
970 3091 1156 3139 leviter
1175 3090 1346 3140 feren·

271 3161 392 3213 dum
438 3171 546 3226 est,
583 3180 754 3231 neque
790 3167 1122 3232 negligenter
1169 3166 1347 3217 defen-

270 3238 541 3293 dendum?
607 3243 696 3293 Sic
725 3250 783 3294 et
817 3244 1071 3296 Quinctil.
1109 3245 1361 3295 Decium.⁴

278 3328 385 3369 ιιι.
410 3321 498 3368 1⁵.
531 3334 649 3370 cum
679 3321 955 3370 ostendere
979 3321 1159 3378 vellet,
1185 3321 1364 3385 pesti·-

273 3391 512 3453 lentium,
532 3401 755 3456 stragem
772 3396 1166 3460 praeliorumcet
1182 3399 1348 3460 ipsam

275 3479 520 3529 mortem,
562 3472 727 3522 multo
770 3473 968 3522 leviora
1013 3481 1069 3522 et
1109 3473 1349 3523 tolerabi-

273 3543 569 3600 liommala
589 3563 724 3610 esse,
761 3564 916 3613 quam
945 3547 1170 3600 famem:
1207 3549 1224 3578 ‘
1251 3550 1350 3599 Fe-

278 3614 354 3666 lix
389 3623 736 3682 pestilentia‚’
777 3625 970 3689 inquit,
1003 3627 1019 3654 ‘
1044 3624 1184 3676 felix
1216 3641 1351 3689 prae·

278 3691 467 3747 liorum
502 3709 725 3766 strages,
764 3704 987 3768 denique
1015 3706 1179 3754 omnis
1215 3718 1351 3754 mors

278 3767 490 3832 facilia
512 3775 679 3830 fames
716 3794 904 3845 aspera
945 3781 1124 3831 vitalia
1160 3781 1351 3843 haurit,

283 3850 573 3910 precordia
595 3857 787 3919 carpit,
821 3857 977 3906 animi
1013 3864 1370 3920 tormentum„

282 3927 535 3991 corporis.
561 3927 726 3984 tabes.
769 3934 1021 3993 magistra
1074 3933 1353 3996 peccandi,

285 3997 556 4052 durissima
567 4003 769 4053 necessi
779 4012 959 4070 tatum,
973 4006 1356 4058 deformissime

286 4077 577 4130 malorum?
642 4080 746 4131 Ubi
770 4081 934 4144 vides,
960 4098 1112 4133 voces
1145 4087 1161 4114 ‘
1188 4084 1317 4135 felix
1336 4084 1352 4107 ’

289 4166 432 4218 aeque
467 4171 532 4207 ao
568 4161 585 4186 ‘
603 4155 812 4221 facilis:⁸
842 4159 898 4209 in
918 4163 1102 4211 eadem
1132 4162 1352 4213 materia

291 4243 439 4293 posse
454 4234 628 4286 locum
645 4234 858 4288 habere.
901 4237 1157 4305 Loquitur
1175 4248 1350 4292 autem

2339 391 2480 458 883

1409 548 1618 601 Plinius
1650 548 1719 600 de
1758 549 1822 600 iis
1859 550 2102 616 propitiis
2135 550 2481 616 principibus,

1409 644 1628 694 quorum
1650 629 1797 681 favor
1824 626 2071 697 amorque
2095 646 2195 682 non
2217 640 2351 694 eret,
2376 633 2489 682 nisi-

1408 706 1566 758 fictus
1586 714 1643 758 et
1663 708 1951 759 simulatus.
1998 710 2116 763 Jam
2140 715 2314 761 eutem
2333 710 2476 759 idem

1410 782 1564 848 infra,
1579 797 1626 833 c.
1641 798 1855 835 Lxxxv.
1872 793 2017 836 recte
2039 786 2190 851 dicit,
2209 792 2224 815 ⁸
2240 785 2476 852 pejorem

1408 861 1530 912 odio
1550 877 1663 913 esse
1681 864 1869 914 amoris
1886 864 2299 915 simulationem?
2322 864 2476 914 ·1ude

1410 953 1512 989 nee
1551 940 1772 991 obscure
1812 947 1981 1005 patet,
2016 956 2113 991 cur
2155 939 2484 991 tolerabilius

1410 1014 1669 1081 videatur,
1732 1017 1912 1082 iratos,
1964 1032 2118 1083 quam
2167 1017 2266 1068 boe
2324 1017 2479 1066 modo

1413 1093 1686 1156 propitios,
1728 1091 1949 1144 habere'
1978 1092 2285 1158 principes3
2318 1093 2489 1157 quia,

1413 1167 1550 1231 qnod
1588 1169 1946 1233 Cassiodorus,
1964 1170 2138 1234 Epist.
2173 1183 2230 1220 v.
2268 1173 2357 1220 43.
2385 1171 2483 1231 ait,

1411 1246 1428 1273 ⁸
1462 1245 1628 1295 multo
1671 1248 1879 1309 gravius
1932 1248 2074 1297 dolet
2115 1246 2324 1310 injuria,
2363 1261 2484 1311 quae

1414 1320 1697 1385 contigerit
1713 1321 1997 1385 insperata,
2022 1330 2078 1372 et
2091 1323 2135 1372 si
2151 1323 2274 1372 inde
2293 1336 2491 1385 prove*

1412 1396 1543 1460 niat,
1577 1397 1714 1447 unde
1735 1398 2049 1449 credebatur
2082 1397 2387 1448 beneficium
2425 1406 2494 1448 et

1414 1475 1695 1525 auxilium?
1752 1475 1873 1527 Huc
1896 1483 1952 1526 et
1976 1476 2208 1540 pertinet
2227 1476 2366 1525 lusus
2382 1476 2484 1524 Lu-

1415 1552 1634 1602 cillii‘in
1674 1552 1889 1603 Anthol.
1914 1553 2187 1604 Graee..u.
2212 1555 2295 1602 1⁶.
2316 1557 2366 1601 l.
2389 1566 2484 1601 eu·

1406 1629 1496 1694 jus
1518 1631 1778 1680 sententia
1802 1630 1990 1680 Latine
2011 1629 2217 1680 reddita
2232 1630 2346 1679 ltaeo
2365 1636 2446 1679 est
2465 1644 2485 1679 ε

1415 1706 1432 1734 ‘
1455 1705 1711 1757 Omnibus
1744 1706 2036 1756 bominibus
2070 1721 2168 1770 ego
2190 1705 2354 1756 multo
2376 1720 2485 1756 me·

1415 1783 1598 1833 liorem
1634 1783 1751 1833 dico
1785 1774 2114 1833 manifestam
2136 1781 2499 1843 inimicitiam,.

1415 1874 1569 1925 quam
1603 1859 1836 1909 dolosum
1875 1859 2219 1925 sucorumque
2236 1873 2493 1910 amorem.

1416 1937 1617 1987 Dicunt
1648 1938 1808 2000 enim,
1842 1945 1897 1988 et
1931 1937 2151 1988 navibus
2175 1937 2232 1987 in
2252 1936 2380 1986 mari
2403 1950 2499 1999 erg

1416 2013 1654 2063 rantibus
1711 2014 1862 2077 pejus
1915 2028 2103 2064 nocere
2161 1998 2533 2064 submarinaoe'

1417 2097 1615 2154 petras,
1658 2105 1814 2156 quam
1862 2089 2184 2142 manifestos.
2211 2086 2489 2152 scopulos.’.

1418 2165 1615 2217 Adhaec
1656 2173 1844 2232 aperta
1881 2169 2096 2218 aliorum
2130 2168 2210 2217 ira
2241 2181 2335 2217 nos
2367 2180 2497 2216 cau--

1418 2249 1537 2304 tos;
1570 2244 1844 2293 simulatus
1875 2259 2036 2301 amor,
2071 2243 2233 2294 facile
2254 2258 2487 2307 securos,

1418 2318 1616 2368 reddit.
1687 2318 1968 2382 Vulgatam
2011 2321 2288 2370 lectionem
2328 2319 2489 2370 etiam

1420 2395 1690 2445 Gesnerus
1722 2396 1821 2446 hoc
1859 2396 1978 2446 loco
2007 2395 2332 2446 retinendam
2366 2409 2491 2445 cen·

1420 2472 1545 2521 suit.
1621 2472 1876 2524 Quaedam
1916 2474 2088 2523 tristia
2125 2473 2347 2538 propitii
2381 2473 2489 2521 Do·

1419 2548 1620 2598 mitisni
1636 2550 1876 2613 exempla
1889 2556 2260 2600 commemorat
2272 2550 2492 2601 Sueton.

1420 2625 1624 2676 Domit.
1647 2640 1765 2688 cap.
1790 2629 1871 2675 11.
1906 2626 2056 2677 Idem.

1488 2702 1724 2766 Facilius]
1737 2703 1918 2763 Friget
1933 2702 2196 2753 sententis
2210 2719 2224 2749 z
2237 2701 2499 2752 animam·-

1422 2788 1526 2836 tur‚
1550 2781 1594 2829 si
1619 2780 1764 2843 legas
1769 2779 1988 2839 felicius.
2021 2779 2357 2844 Inopinatum
2378 2780 2487 2829 dic·
2518 2832 2523 2837 ,

1421 2863 1563 2919 tum;
1601 2871 1720 2905 nam
1751 2871 1930 2909 omnes
1949 2863 2124 2907 amant
2144 2857 2376 2906 volentes
2398 2857 2492 2904 ha-

1421 2935 1549 2985 bere
1563 2935 1829 2999 principes
1843 2950 1859 2995 ς
1878 2941 1931 2983 at
1945 2935 2159 2984 istorum
2175 2948 2237 2984 ea
2249 2931 2391 2983 fraus
2406 2935 2505 2983 vel.

1419 3012 1626 3071 leuitas,
1668 3018 1730 3063 ut
1776 3012 1993 3077 juvaret
2041 3009 2273 3075 affligere
2317 3010 2490 3060 subito

1422 3090 1616 3139 amicos
1639 3097 1729 3138 aut
1756 3088 2092 3153 propinquos.
2153 3088 2409 3152 Spectant
2434 3088 2505 3138 in.

1423 3166 1801 3228 Domitianum,
1824 3165 1891 3215 de
1908 3165 2059 3229 eujus
2081 3173 2096 3196 ‘
2113 3165 2300 3215 callida
2322 3166 2492 3228 inopi·

1421 3240 1910 3306 nataquesae·vitia,’
1932 3241 2256 3305 italoquitur
2278 3242 2494 3292 Sueten.

1410 3333 1600 3383 quem,
1644 3319 1812 3381 sodes,
1855 3321 2081 3380 cap-11.
2123 3317 2243 3367 vide
2280 3325 2337 3369 et
2376 3318 2490 3368 haec

1423 3409 1575 3458 cape.
1644 3394 1899 3444 Universe
1925 3400 2098 3443 autem
2122 3393 2279 3443 etiam
2311 3408 2489 3443 verum

1423 3481 1524 3528 est,
1560 3470 1725 3535 Πόῤῥω
1747 3470 1861 3521 Διός
1881 3489 1940 3520 τε
1962 3469 2042 3521 καὶ
2071 3472 2313 3535 κεραυνοῦ.
2364 3472 2489 3521 Pro-

1422 3551 1502 3598 cul
1520 3564 1551 3598 α
1573 3550 1697 3598 Jove
1717 3554 1764 3596 et
1772 3547 1999 3609 fulmine.
2035 3548 2178 3612 Lips.

1491 3624 1731 3687 Facilius]
1768 3623 1973 3685 Lipsius
1996 3623 2276 3687 legendum
2294 3621 2508 3671 divina..

1423 3704 1516 3754 bat
1526 3703 1725 3762 felicius
1736 3717 1757 3761 ‚-
1774 3714 1879 3750 nee
1902 3701 2057 3760 male,
2081 3714 2196 3751 mea
2216 3697 2493 3749 sententia.

1425 3781 1646 3830 Patarol.

1488 3856 1644 3906 Jubes
1658 3855 1977 3912 esselibemss
2007 3853 2209 3917 erimu]
2245 3858 2261 3880 ‘
2287 3851 2463 3901 Liberi
2481 3854 2495 3876 ³

1423 3933 1508 3983 hic
1548 3933 1814 3994 dicuutur,
1857 3933 1945 3996 qui
1990 3931 2155 3980 libere
2190 3930 2503 3992 loquuntur,⁴

1424 4011 1825 4074 libertatemque
1868 4006 2178 4057 defendunt.
2258 4005 2490 4056 Verbum

1424 4089 1600 4137 erimus
1621 4088 1749 4136 mire
1775 4092 2077 4149 corruptum
2101 4091 2181 4133 est
2203 4083 2255 4133 in
2280 4084 2491 4149 quibus-

1423 4165 1547 4215 dam
1592 4163 1858 4214 codicibus
1903 4163 2033 4212 Mss.
2116 4158 2180 4211 In
2231 4161 2491 4211 Vaticano

1425 4246 1576 4294 3461.
1613 4255 1711 4306 pro
1745 4255 1809 4292 eo
1832 4240 2082 4304 scriptum
2120 4246 2203 4290 est
2238 4240 2489 4295 cernimus,
