3017 4942
807 397 873 446 c.
920 394 1167 446 rmmr
1216 394 1549 448 summm
1598 397 1879 451 PANEG.
1955 401 2008 448 1.
2049 384 2159 452 89.
2400 387 2576 456 1063
2613 356 2628 375 ⁶

367 538 574 607 quidem
596 538 838 605 caritate,
853 544 945 591 aut
963 540 1267 606 reipublice
1283 555 1429 604 cura,

366 632 719 669 successorem
743 616 1035 680 adscitnm3
1069 617 1160 668 sed
1188 621 1429 684 quoniam

365 695 722 759 arrogantiam
774 694 1134 760 saevitiamque
1190 696 1301 760 ejus
1350 696 1427 748 iu·

365 771 706 836 trospexerit,
736 773 1131 836 comparatione
1160 773 1429 824 deterrimi

363 846 463 898 sibi
487 848 700 912 gloriam
722 848 1061 913 quaesivisse!
1095 851 1318 901 Putarol.

431 924 548 974 Non
574 924 805 989 timuisti]
839 925 991 977 Quod
1012 926 1198 978 fecisse
1222 926 1428 991 Augus·

364 1008 453 1051 tus
487 1016 518 1050 a
551 1001 853 1064 quibusdam
876 1005 1132 1070 arguitur,
1156 1005 1244 1069 qui
1273 1005 1428 1056 Tibe-

366 1077 497 1127 rium
532 1078 713 1142 elegit,
745 1080 761 1107 ‘
785 1086 847 1129 ut
880 1081 1271 1144 comparatione
1313 1095 1429 1144 pes-

365 1155 496 1204 sima
538 1156 751 1220 gloriam
794 1156 894 1206 sibi
932 1156 1182 1222 augeret?
1247 1157 1426 1208 Tacit.

364 1231 555 1282 Annal.
580 1247 621 1281 1.
644 1237 723 1282 10.
747 1233 886 1296 Lipa.

427 1310 581 1361 Pater
627 1312 857 1377 Traiane]
902 1314 1103 1364 Parens
1152 1315 1426 1366 naturalis.

362 1386 582 1451 Trajaui
623 1402 905 1453 nummum,
943 1390 996 1439 in
1039 1392 1191 1455 cujus
1245 1407 1427 1442 aversa

362 1473 516 1529 parte
535 1466 720 1516 visitur
744 1476 895 1530 pater
915 1468 1123 1532 'l'rajaui
1147 1470 1426 1533 imperato-

361 1543 433 1592 ris
457 1549 687 1608 togatus,
708 1544 910 1606 sedens,
933 1544 1149 1597 dextera
1170 1553 1424 1608 pateram,

358 1618 572 1669 sinistra
601 1635 725 1670 vero
747 1621 958 1676 >hastam
991 1621 1301 1685 divinitatis,
1336 1638 1426 1686 ge-

359 1709 660 1752 relm-cum
695 1698 999 1766 epigraphe,
1028 1711 1212 1750 mvvs.
1244 1711 1424 1750 faran

256 1818 261 1821 .
362 1784 674 1836 TRAIANVS,
711 1774 890 1824 laudat
932 1776 1266 1826 Vaillantius.
1331 1776 1425 1827 Al-

359 1855 531 1904 terum
565 1850 1050 1915 laudat-Spanhem.
1085 1852 1313 1903 Dissert.
1343 1866 1424 1903 vr.

361 1926 430 1977 de
449 1927 655 1979 ,ΡΙ-υτ.
678 1936 733 1978 et
756 1930 868 1979 Usu
903 1929 1164 1979 Numism.
1198 1928 1251 1978 in
1274 1929 1423 1994 cujus

357 2004 563 2067 postica
576 2010 727 2069 parte
746 2005 924 2068 capita
943 2019 1126 2056 aversa
1140 2015 1425 2057 cernuntur

363 2077 556 2131 Nervoe
582 2081 715 2146 imp.¹
742 2081 981 2146 adoptivi
1008 2083 1189 2144 patris,
1222 2090 1277 2132 et
1297 2083 1423 2134 Tra·

348 2157 484 2221 jani,
501 2159 750 2209 naturalis
773 2161 1004 2223 parentis
1018 2159 1225 2224 Trajaui
1244 2160 1423 2210 nostri.

358 2233 585 2285 Putat-01.
610 2258 615 2265 ·

424 2311 582 2365 Pater
624 2311 851 2378 Traiane]
910 2314 1077 2364 Recte
1128 2313 1428 2365 observavit

358 2387 641 2452 spanhem.
664 2388 730 2439 de
745 2389 939 2440 Praest.
959 2397 1015 2439 et
1038 2388 1147 2440 Usu
1164 2390 1424 2442 Numism.

359 2473 489 2516 tom.
508 2479 575 2516 11.
597 2481 718 2531 pag.
738 2471 855 2518 ⁸28.
878 2466 1055 2517 mirari
1079 2463 1217 2515 forte
1244 2481 1425 2531 quem·

358 2543 499 2607 piam
520 2557 691 2608 posse.
712 2558 742 2592 a
763 2543 937 2594 Plinio
957 2549 1137 2593 nostro
1151 2542 1251 2592 hoc
1273 2541 1327 2592 iu
1351 2543 1425 2593 lo·

360 2634 426 2673 co
466 2623 675 2673 titulum
712 2628 728 2651 ‘
754 2621 876 2672 Divi
894 2620 910 2644 ⁹
947 2622 1139 2672 Nervae
1171 2621 1360 2685 solnm,
1394 2636 1426 2671 a

358 2715 465 2766 quo
495 2700 759 2764 Trajttnns
788 2698 969 2750 fuerat
1000 2698 1303 2762 adoptatus,
1321 2712 1425 2748 non

360 2789 487 2827 vero
509 2777 736 2827 naturali
753 2777 863 2842 ejus
879 2776 1035 2840 patri,
1058 2775 1211 2826 tribui
1230 2794 1245 2838 3
1278 2775 1425 2826 inde·

358 2869 463 2922 qne
485 2855 642 2907 etiam
665 2855 817 2905 aliam
840 2854 889 2905 ei
911 2854 1085 2904 sedem
1107 2870 1138 2903 a
1153 2854 1440 2916 sideribus,
1469 2897 1486 2915 ,

360 2931 464 2982 etsi
500 2931 561 2981 iis
604 2930 843 2988 vicinam,
878 2930 1165 2994 assignari3
1199 2943 1316 2979 cum
1349 2937 1425 2979 ta·

359 3020 478 3061 men
502 3006 554 3056 in
578 3007 775 3071 aliquot
797 3006 1017 3056 nummis
1032 3006 1256 3070 antiquis
1276 3012 1427 3069 pater

358 3084 611 3134 naturalis
631 3083 841 3148 Trajani
859 3097 1028 3147 aeque,
1045 3098 1107 3133 ac
1125 3081 1427 3147 adoptivus,

357 3160 377 3190 ⁶
405 3160 526 3212 Divi
548 3160 564 3182 '
609 3161 781 3225 elogio
836 3160 1136 3210 decoretur.
1227 3159 1316 3210 Sic
1359 3174 1427 3209 ex

357 3237 643 3291 vaillantio
665 3246 1039 3291 commemorat
1059 3251 1316 3300 nummos,
1336 3237 1426 3302 qui

358 3314 720 3367 inscribuntur
762 3317 814 3366 iu
852 3330 1036 3366 aversa
1075 3330 1216 3380 area,
1261 3329 1426 3366 mvvs

357 3405 558 3444 varan.
571 3406 791 3461 unum
801 3407 861 3444 vs
876 3409 892 3453 ς
913 3394 1061 3457 item,
1073 3407 1217 3445 mvi.
1234 3390 1427 3445 nanu

362 3483 782 3527 arr-„rasianvm
817 3484 1022 3522 rnna.
1046 3482 1163 3520 cum
1195 3469 1440 3525 adversis.

357 3563 537 3601 eorum
562 3548 843 3613 capitibus,
865 3549 919 3603 in
936 3562 1140 3597 nummo
1155 3547 1423 3596 Cimeliar·

358 3625 464 3675 chii
506 3625 791 3690 Leopoldi,
838 3623 1133 3675 cardinalis
1175 3621 1424 3673 Medicei.

359 3701 587 3767 Regerit
624 3709 797 3753 antem
837 3701 951 3766 ipse
983 3699 1227 3750 laudatus
1254 3698 1423 3761 Span-

357 3779 581 3837 hemius,
613 3779 727 3828 illos
762 3779 904 3841 ipsos
925 3776 1139 3840 Trajani
1168 3788 1423 3836 nummos,

355 3855 447 3922 qni
468 3853 485 3883 ‘
509 3855 631 3905 Divi
658 3853 675 3879 ’
696 3853 906 3904 titulum
931 3868 998 3903 ex
1020 3866 1171 3917 aequo
1195 3851 1423 3915 utrique,

356 3930 607 3996 adoptivo
624 3937 680 3980 et
704 3930 935 3981 naturali.
959 3930 1187 3995 parenti,
1218 3929 1299 3977 vel
1326 3929 1422 3978 eti·

354 4021 439 4058 am
462 4005 557 4057 soli
586 4006 793 4070 parenti
827 4005 1072 4061 naturali,
1098 4003 1422 4068 adscribunt,

356 4097 475 4135 esse
493 4092 644 4134 sexto
667 4083 874 4134 demum
894 4083 1103 4149 Traiani
1141 4083 1420 4145 imperato·

354 4162 429 4213 ris
465 4162 736 4211 consulatu
766 4173 1078 4224 percussos3
1124 4158 1419 4207 Pliniaunm

353 4252 483 4288 vero
516 4237 895 4303 Panegyricum
920 4249 1034 4286 esse
1068 4234 1235 4284 eidem
1259 4233 1422 4298 impe·

357 4315 642 4384 ratorijam
668 4322 789 4366 aute
822 4320 1062 4380 quartum
1084 4311 1199 4377 ejus
1234 4325 1424 4363 cousu-

1505 542 1668 594 latum
1714 542 1946 607 dictum3
1999 545 2122 595 hiuc
2175 542 2392 610 liquere,
2434 548 2572 614 quod

1503 619 1726 669 necdum
1761 625 1825 670 e'o
1861 630 2096 685 tempore
2131 621 2224 672 illa
2258 631 2274 654 ‘
2297 624 2418 673 Divi
2443 624 2458 645 ’
2482 637 2574 688 ap-
2642 632 2651 641 ·

1506 697 1786 759 pellatione
1815 707 2153 749 consecratus
2187 698 2347 750 fuerit
2385 717 2415 751 a
2440 702 2573 753 Tra-

1495 774 1627 839 jano
1651 789 1839 839 parens
1861 776 1970 837 ejus
1994 775 2265 825 naturalis.
2298 777 2543 830 Schwurz.
2582 806 2589 815 ‚

1570 850 1632 900 Sa·
1652 865 1744 899 uon
1765 848 2331 912 sidera100usulendus
2355 853 2568 904 Servius

1504 925 1569 976 ad
1595 927 1685 979 illa
1707 927 1905 993 Georg.
1927 940 1970 977 1.
2018 934 2034 957 ‘
2059 927 2212 978 Anne
2251 943 2442 980 novum
2467 938 2572 981 tar·

1502 1004 1584 1054 dis
1630 1004 1774 1056 sidus
1818 1013 1873 1055 te
1915 1004 2176 1056 mensibus
2222 1005 2424 1071 addas,'
2467 1011 2587 1059 &c.·

1500 1080 1665 1133 Livia.

1570 1159 1856 1210 Proximam
1885 1163 2044 1209 tamen
2079 1159 2338 1224 sideribus]
2370 1161 2570 1212 Coelum

1500 1249 1616 1286 esse
1649 1236 1751 1286 Dei
1788 1234 1984 1291 sedem,
2020 1237 2307 1286 communis
2343 1236 2569 1286 omnium

1499 1314 1735 1378 gentium
1757 1318 1841 1364 est
1860 1313 2054 1378 opinio.
2124 1315 2236 1364 Nos
2269 1314 2370 1378 ipsi
2395 1314 2572 1364 Chris·

1500 1392 1629 1441 tiani
1652 1395 1733 1442 'ex
1767 1391 2011 1445 mandato
2049 1391 2246 1441 Christi
2280 1406 2570 1454 precamur,

1500 1463 1659 1531 Πάτερ
1689 1467 1840 1530 ἡμῶν,
1861 1468 1889 1516 ὁ
1911 1468 1962 1516 ἐν
1991 1468 2093 1517 τοῖς
2119 1466 2348 1532 οὐρανοῖς,
2371 1465 2572 1517 Manli.

1500 1559 1582 1594 vr.
1602 1548 1653 1593 9.
1677 1545 1838 1594 nihilo
1861 1543 2032 1593 minus
2055 1545 2265 1604 scimus,
2282 1545 2456 1593 Deum
2486 1558 2572 1595 ve·

1501 1632 1612 1668 rum
1652 1620 1844 1684 ubique
1880 1633 2011 1682 esse,
2041 1622 2213 1669 omnia
2249 1620 2488 1685 implere,
2510 1625 2570 1669 et

1500 1697 1673 1746 omnia
1697 1705 1992 1760 penetrare,
2015 1712 2185 1761 neque
2201 1712 2265 1747 eo
2285 1696 2440 1747 modo
2463 1698 2570 1748 dici

1500 1771 1793 1823 inhabitare
1827 1774 2031 1837 coelum,
2055 1774 2204 1839 quasi
2229 1775 2358 1824 coelo
2382 1774 2448 1824 sit
2471 1775 2573 1824 cir·

1497 1850 1866 1913 cumscriptus;
1885 1851 1973 1900 sed
1988 1854 2193 1916 quia,nt
2209 1852 2568 1902 Damascenus

1498 1927 1595 1992 ait,
1627 1926 1738 1977 ἔνθα
1765 1927 1966 1987 ἔκδηλος
2000 1929 2032 1988 ἦ
2056 1927 2288 1994 ἐνέργεια,
2309 1928 2388 1980 καὶ
2412 1928 2570 1993 χάρις,

1497 2000 1578 2053 καὶ
1614 2003 1723 2066 δόξα
1746 2005 1869 2053 Θεοῦ
1886 2002 2087 2067 γίνεται.
2135 2006 2220 2054 Ibi
2241 2000 2446 2055 mamime
2470 2005 2572 2056 Dei

1492 2083 1727 2144 potentia,
1742 2081 1930 2144 gratia,
1951 2087 2000 2132 et
2018 2081 2197 2144 gloria,
2208 2081 2566 2143 manifestatur.

1496 2156 1637 2208 Vide
1676 2158 1922 2208 Vossium
1960 2158 2028 2208 de
2061 2157 2387 2216 Idololatria,
2421 2173 2485 2209 11.
2516 2163 2574 2209 2.

1498 2235 1757 2286 Homines
1782 2251 1908 2285 vero
1945 2236 2134 2301 pagani
2160 2236 2271 2287 Diis
2292 2238 2398 2286 suis
2420 2240 2569 2287 certa

1498 2313 1633 2378 loca,
1656 2320 1712 2363 et
1735 2314 2035 2377 cumprimis
2058 2314 2311 2377 majorum
2336 2301 2572 2378 gentium

1499 2390 1616 2440 Diis
1651 2391 1767 2455 ipsa
1810 2393 1927 2441 coeli
1974 2392 2166 2454 sidera,
2208 2393 2568 2456 assignaruut;

1498 2481 1552 2517 v.
1575 2481 1626 2531 g.
1662 2467 1926 2519 Mercurio
1948 2468 2091 2530 signa
2118 2468 2333 2517 Veneris
2367 2473 2423 2516 et
2459 2467 2570 2518 Ge·

1498 2541 1777 2605 minorum,
1795 2544 1990 2599 Veneri
2013 2543 2223 2594 Libram
2247 2551 2304 2594 et
2322 2545 2568 2601 Taurum,

1499 2619 1666 2669 Marti
1706 2619 1977 2682 Scorpium
2015 2626 2073 2669 et
2110 2619 2364 2683 Arietem,
2401 2626 2454 2669 et
2492 2620 2570 2671 sic

1498 2696 1712 2747 ceteris.
1778 2697 2127 2747 Consecratur
2150 2712 2274 2760 ergo
2297 2696 2567 2761 Augustos

1496 2771 1762 2825 finxerunt
1785 2774 2019 2823 Deorum
2032 2772 2286 2838 παρέδρους
2302 2781 2357 2823 et
2378 2773 2572 2838 συνθρύ-

1496 2867 1624 2910 vous,
1646 2849 1793 2914 quasi
1815 2863 2120 2915 assessores,
2147 2859 2203 2899 et
2227 2850 2410 2899 eadem
2441 2851 2569 2899 sede

1500 2927 1769 2992 praeditos.
1831 2926 1974 2976 Vide
2013 2927 2249 2977 Servium
2286 2927 2351 2977 ad
2377 2928 2566 2991 Vin-gil.

1500 3005 1620 3055 AEn.
1643 3019 1682 3054 1.
1707 3008 1791 3054 83.
1812 3010 1875 3056 et·
1893 3004 2109 3054 Salmas.
2133 3004 2198 3054 ad
2223 3004 2491 3067 spartian.
2512 3003 2566 3054 iu

1499 3081 1789 3138 Hadriano,
1830 3095 1878 3131 c.
1919 3085 1998 3132 14.
2064 3080 2140 3132 At
2183 3083 2416 3139 heroum,
2455 3087 2571 3131 tan·

1499 3173 1654 3223 quam
1695 3158 2060 3215 semideorum,
2089 3163 2145 3207 et
2182 3172 2382 3221 eorum,
2419 3172 2569 3223 quos,

1496 3235 1779 3285 secundnm
1814 3233 2112 3297 Virgilium,
2130 3234 2147 3261 ‘
2171 3233 2359 3284 ardeus
2390 3234 2572 3285 evexit

1499 3312 1564 3360 ad
1600 3311 1793 3360 oethera
1818 3309 2022 3372 virtus,’
2039 3310 2238 3360 animas
2260 3311 2314 3360 in
2348 3310 2565 3368 mirere,
2592 3334 2603 3341 f

1498 3391 1737 3455 proxime
1762 3389 2038 3450 sideribus,
2065 3388 2300 3438 habitare
2324 3387 2568 3453 perhibu-

1496 3471 1701 3515 erunt?
1738 3465 1874 3515 Vide
1895 3466 2091 3515 Lucan.
2112 3478 2199 3515 rx.
2221 3469 2269 3513 6.
2292 3479 2436 3528 seqq.
2451 3464 2567 3527 jam

1498 3558 1530 3592 a
1555 3543 1731 3607 Lipsio
1755 3549 1811 3593 et
1833 3543 2082 3592 Patarolo
2104 3543 2341 3592 citatum.
2407 3541 2572 3591 Addi-

1495 3618 1574 3668 dit
1606 3619 1860 3668 Cellarins
1899 3625 1954 3667 et
1987 3618 2256 3667 Manilium
2285 3617 2500 3672 Astron.
2523 3633 2567 3668 1.

1496 3697 1645 3745 1619.
1673 3708 1827 3758 seqq.-
1855 3700 1870 3721 ‘
1899 3692 2070 3742 Altius
2094 3693 2295 3743 oetherii
2321 3708 2421 3758 qna
2444 3707 2568 3743 can-

1494 3771 1588 3821 det
1610 3771 1832 3820 circulus
1856 3770 2012 3833 orbis,
2037 3770 2140 3819 Illa
2174 3771 2348 3819 Deum
2372 3771 2529 3821 sedes
2550 3786 2566 3831 ς

1493 3847 1608 3897 haec
1631 3847 1734 3897 illis
1757 3848 2010 3910 proxima,
2027 3847 2217 3897 Divum
2243 3848 2343 3900 Qui
2368 3848 2568 3898 virtute

1495 3939 1591 3975 sua
1627 3924 1820 3973 similes
1863 3923 2085 3986 vestigia
2122 3922 2377 3988 tangunt!
2444 3925 2565 3976 Hoc

1493 4002 1608 4051 vult
1636 4000 1808 4066 poe‘ta,
1830 4000 2131 4065 explicante
2150 4000 2382 4064 Josepho
2402 4002 2568 4052 Scali-

1495 4092 1653 4140 gero:
1685 4076 1915 4139 ‘Altius,
1949 4091 2101 4141 quam
2140 4084 2286 4142 patet
2323 4077 2566 4142 Galaxia,

1496 4155 1572 4206 ibi
1611 4153 1786 4204 sedem
1825 4168 1939 4204 esse
1973 4156 2242 4215 Deornm3
2270 4154 2565 4204 seeundum

1495 4232 1658 4296 illam,
1703 4231 1929 4282 Galaxia
1983 4238 2063 4283 est
2117 4231 2269 4303 sedes
2316 4230 2573 4293 neroum&

1495 4309 1739 4361 Schwurz.
2100 4312 2103 4315 ’
