3017 4942
785 376 848 424 c.
897 372 1145 424 euml
1192 353 1525 425 saeuum
1574 372 1848 425 mnae.
1922 360 2128 428 1.·82.

348 516 762 570 humanissimum
785 518 907 569 vitae
945 533 1124 583 genus,
1160 519 1412 570 severita-

350 601 456 645 tem
478 596 883 660 comitatemque
905 595 1138 656 miscere,
1162 610 1230 646 ne
1251 596 1335 645 illa
1362 598 1412 645 in

352 673 639 733 tristitiam,
663 673 847 731 11aean
873 671 1233 734 petulantiam,
1259 686 1414 721 exce·

350 749 474 800 dat.’
543 750 614 799 Et
636 751 831 799 Seneca
852 749 905 797 iu
932 748 1223 798 Declamat.
1256 748 1271 776 ‘
1289 748 1415 798 Om-

351 827 502 876 nibus
527 827 741 890 prodest
777 826 1000 875 animum
1024 825 1288 885 relaxare3
1326 837 1415 873 ex·

301 917 310 925 ·
352 903 547 955 citatur
569 903 707 952 enim
732 902 912 966 quiete
937 900 1116 965 vigor!
1151 901 1306 950 Beru.

415 979 543 1029 Sunt
567 977 716 1041 enim]
748 978 930 1039 Longe
960 976 1028 1025 ab
1052 977 1315 1025 illecebris
1331 990 1416 1028 oc-

352 1056 616 1106 casionum
640 1053 797 1103 facile
822 1060 904 1103 est
927 1053 1150 1102 virtutes
1174 1067 1416 1116 servare3

351 1132 441 1182 sed
470 1132 611 1181 intra
634 1132 947 1193 voluptates,
979 1130 1030 1179 in
1063 1129 1311 1195 aquisque
1335 1146 1416 1180 es-

351 1223 428 1271 se,
462 1222 562 1259 uec
601 1209 785 1273 mergi,
823 1207 948 1259 illud
987 1206 1218 1257 difficile.
1267 1208 1416 1258 Pata-

350 1288 443 1336 rol.

420 1363 546 1420 Quis
563 1361 702 1426 adeo]
725 1361 897 1412 Etiam
921 1360 1272 1419 Domitianus,
1298 1375 1416 1425 per·

350 1438 633 1489 ditissimus
660 1439 925 1504 princeps,
941 1440 1028 1502 jus
1051 1438 1201 1499 dixit,
1223 1446 1276 1489 et
1300 1439 1418 1490 Cai-

350 1528 412 1564 us
447 1515 683 1564 literaria
740 1514 997 1565 exercitia
1035 1528 1097 1565 ac
1131 1517 1419 1578 certamina

349 1593 594 1642 instituit.
628 1593 778 1642 Idem.

416 1670 548 1721 Nam
569 1669 676 1733 qais
705 1667 847 1731 adeo]
879 1668 997 1717 Jam
1031 1669 1138 1732 quis
1171 1670 1288 1719 adeo
1329 1669 1416 1719 Li·

353 1745 458 1795 rin.
482 1745 532 1793 in
558 1753 741 1806 textu;
777 1744 867 1793 sed
905 1744 957 1793 in
993 1746 1245 1809 margine,
1287 1746 1419 1795 Nam

350 1824 460 1886 quis
481 1823 597 1871 adea
617 1823 682 1870 V.
700 1822 760 1871 C.
782 1828 942 1872 recte.
978 1822 1222 1872 Ritterslt.

420 1900 554 1949 Nam
577 1899 708 1963 quis]
741 1897 938 1950 Omnes
959 1901 1166 1950 codices
1186 1901 1315 1950 Mss.
1330 1900 1419 1949 lia-

349 1978 482 2027 beut
506 1978 673 2035 Nam
711 1991 804 2040 pro
826 1990 929 2040 qua
953 1977 1226 2040 particula,
1256 1977 1418 2026 Pute-

349 2048 551 2115 olanus,
584 2051 896 2116 Beroaldus,
921 2052 1211 2115 (latanoens,
1234 2051 1421 2116 Cuspi-

349 2130 556 2184 nianus,
587 2139 644 2178 et
676 2129 851 2193 plures
882 2128 988 2185 alii,
1025 2129 1160 2177 male
1190 2129 1419 2192 publica·

351 2213 477 2258 runt
498 2207 633 2255 Jam.
703 2206 928 2256 Istat-um
950 2212 1122 2256 autem
1143 2206 1421 2269 particula-

351 2297 464 2334 rum
517 2283 975 2333 commutationem
1039 2297 1153 2333 esse
1219 2282 1421 2347 perfre-

352 2365 625 2426 quentem,
637 2360 750 2424 jam
784 2360 1026 2410 annotavi
1053 2360 1119 2410 ad
1146 2374 1318 2410 xxm.
1340 2363 1419 2412 14.

353 2445 412 2488 et
438 2437 487 2486 in
513 2438 735 2486 Excurs.
766 2449 930 2487 xxix.
998 2435 1081 2488 cf.
1117 2436 1421 2487 Drackenb.

351 2515 417 2564 ad
442 2515 624 2565 Silium
643 2515 768 2564 Ital.
794 2527 874 2564 rx.
900 2517 1013 2563 242.
1046 2513 1290 2564 Schwartz.

402 2591 597 2657 Species
608 2590 878 2641 seueritatis
894 2590 1127 2655 insideat]
1151 2590 1420 2646 Nonnulli,

353 2682 453 2733 pro
487 2670 714 2729 insideat,
754 2667 967 2717 edidere
1008 2667 1209 2716 incidat.
1272 2667 1421 2716 Tunc

352 2747 481 2797 mihi
513 2747 562 2796 in
598 2753 826 2794 mentem
850 2743 1010 2800 venit,
1032 2757 1098 2793 an
1123 2757 1221 2793 non
1244 2746 1423 2808 species

351 2822 440 2872 hic
464 2823 716 2872 translate
741 2835 835 2884 pro
866 2821 1126 2883 exemplo,
1149 2819 1256 2868 sive
1278 2834 1421 2882 casu,

353 2900 485 2949 sumi
508 2898 691 2963 possit,
714 2898 790 2947 uti
816 2897 928 2946 scil.
950 2897 1170 2946 sumitur
1192 2911 1223 2945 a
1245 2896 1420 2946 Plinio

353 2982 555 3038 nostro,
583 2977 750 3039 Epist.
774 2987 833 3023 x.
854 2978 938 3023 97.
960 2976 975 3002 ⁸
994 2973 1123 3022 Mox
1144 2972 1258 3037 ipso
1282 2979 1421 3023 trac·

355 3060 437 3113 tu,
459 3061 519 3102 ut
541 3051 654 3101 fieri
680 3052 834 3107 solet,
869 3047 1193 3099 diffundente
1228 3063 1284 3099 se
1320 3049 1419 3098 cri-

357 3131 518 3192 mine,
532 3131 705 3193 plures
729 3128 930 3190 species
948 3125 1283 3176 inciderunt.'
1315 3125 1421 3176 Ubi

355 3206 657 3255 observavit
684 3203 1076 3258 Ritterslmsius‚
1103 3202 1277 3251 vocari
1317 3216 1420 3265 spe·

354 3283 473 3345 cies,
491 3297 619 3346 quas
636 3280 812 3330 dicere
830 3280 1103 3342 soleamus,
1126 3285 1140 3307 ⁸
1157 3276 1281 3327 facti
1304 3292 1422 3341 spe-

356 3359 502 3416 cies,'
536 3367 591 3408 et
628 3359 783 3420 vulgo
826 3355 1006 3406 ‘casus
1023 3354 1061 3418 ς’
1092 3370 1222 3419 quos
1249 3356 1422 3406 Graeci

357 3438 537 3490 dicant
562 3436 820 3487 ὑποθέσεις.
874 3437 963 3486 Sic
988 3436 1202 3486 Latinus
1227 3436 1423 3498 Largus

357 3516 413 3566 iu
436 3516 540 3579 leg.
564 3521 647 3566 83.
679 3533 735 3564 π.
771 3513 837 3563 de
863 3516 1024 3576 legat.
1059 3518 1110 3563 2.
1143 3514 1159 3540 ‘
1179 3514 1424 3562 Proxime

358 3605 424 3642 ex
451 3591 592 3642 facto
613 3591 799 3641 incidit
821 3592 1025 3653 species
1046 3588 1202 3640 talis.'
1249 3588 1424 3653 Atque

360 3667 454 3729 ibi,
497 3670 514 3697 ‘
544 3666 807 3718 incidere’
849 3665 1063 3723 dicitur,
1100 3665 1426 3728 contingere,

359 3746 604 3805 evenire3
641 3744 717 3794 uti
756 3742 894 3807 apud
927 3742 1040 3791 Cic.
1077 3742 1222 3791 Fam.
1257 3753 1313 3789 v.
1345 3744 1427 3790 17.

359 3822 376 3850 ‘
398 3821 476 3873 Ut
497 3813 771 3885 cogitares,
810 3827 861 3869 et
901 3819 953 3867 iu
994 3824 1164 3868 nostra
1189 3817 1427 3878 civitate,

361 3905 417 3949 et
437 3900 493 3948 iu
515 3899 703 3949 ceteris
735 3911 849 3958 quae
873 3910 1043 3944 rerum
1085 3895 1269 3959 potitae
1293 3900 1431 3955 sunt,

361 3976 538 4026 multis
560 3973 859 4025 fortissimis
885 3983 1041 4036 atque
1064 3973 1271 4035 optimis
1308 3972 1430 4021 viris

361 4054 495 4103 tales
517 4066 664 4101 casus
688 4048 967 4100 incidisse?
1024 4049 1106 4099 Ibi
1132 4049 1339 4100 Curtius
1363 4048 1430 4098 de

362 4128 527 4178 verbo
559 4126 826 4176 ‘incidere
841 4122 857 4146 '
882 4127 1030 4188 plura
1052 4126 1318 4175 annotavit
1341 4139 1430 4173 ex·

363 4205 558 4269 empla.
625 4204 789 4253 Putes
812 4216 959 4266 ergo,
996 4202 1151 4251 etiam
1199 4201 1429 4252 Plinium

361 4281 452 4333 liic
520 4278 815 4347 significare
869 4278 1109 4338 voluisse,
1168 4279 1430 4343 neminem

2378 359 2552 427 101⁷

1488 519 1783 584 principum
1806 526 1912 570 tam
1934 519 2235 571 dissolutum
2256 535 2388 585 esse,
2403 524 2549 589 cujus

1486 612 1590 647 uon
1616 598 2042 662 occupationibus
2065 600 2225 663 aliqua
2246 602 2438 665 species,
2455 602 2488 650 i.
2503 618 2555 655 e.

1489 690 1646 723 unum
1664 676 1950 724 alterumve
1972 674 2168 727 factum
2187 687 2240 726 et
2257 680 2552 743 exemplum

1486 752 1764 801 severitatis
1781 751 1982 814 incidat,
2000 754 2108 802 sive
2132 754 2419 817 contingat.
2452 754 2550 805 At-

1489 842 1590 891 que
1629 828 1741 879 haec
1777 827 1998 878 fortasse
2020 836 2102 879 est
2124 830 2279 892 ratio,
2312 845 2404 880 cur
2429 845 2553 881 uon-

1489 906 1618 953 nulli
1646 919 1738 970 pro
1764 907 1923 955 verbo
1944 906 2169 969 insideat,
2194 906 2454 957 ediderint
2475 908 2552 957 ia-

1487 980 1637 1031 cidat.
1705 983 2014 1047 Quanquam
2039 984 2197 1033 etiam
2236 984 2359 1034 alibi
2392 986 2554 1035 verba

1491 1062 1506 1090 ‘
1527 1058 1787 1110 insidere'
1818 1066 1874 1109 et
1905 1068 1921 1091 ⁶
1941 1060 2174 1110 incidere
2193 1059 2209 1085 '
2257 1077 2287 1113 a
2324 1061 2552 1111 librariis

1490 1150 1604 1184 esse
1628 1135 2202 1200 permixta,observarit
2222 1138 2470 1188 Burman.
2489 1136 2553 1187 ad

1493 1213 1749 1264 Quinctil.
1770 1213 1946 1262 Instit.
1978 1212 2133 1263 Orat.
2154 1227 2193 1264 1.
2212 1218 2263 1264 4.
2332 1215 2555 1265 Fallitur

1491 1290 1628 1338 enim
1656 1288 1983 1350 Arntzenius,
2008 1290 2126 1337 dum
2152 1289 2340 1349 credit,
2370 1291 2437 1340 ab
2472 1305 2554 1341 er·

1490 1373 1640 1413 rante
1664 1365 1992 1428 typographo
2018 1363 2327 1428 profectum,
2343 1367 2478 1430 quod
2502 1367 2553 1416 in

1494 1440 1789 1491 Cellariana
1829 1438 2054 1489 editione
2094 1440 2301 1504 legatur
2333 1443 2553 1501 incidat:

1491 1518 1725 1581 quamvis
1750 1531 1860 1564 eam
1898 1518 2209 1579 scripturam
2245 1518 2410 1568 secuti
2447 1519 2556 1569 sint

1492 1594 1727 1657 Patarol,
1750 1600 1804 1641 et
1827 1592 2131 1642 Gesnerus.·
2155 1593 2377 1643 Fallitur
2398 1595 2553 1644 etiam

1493 1670 1779 1726 Gesnerus,
1801 1670 1886 1733 qui
1925 1671 1975 1718 in
2011 1669 2232 1733 epistola
2265 1685 2422 1733 supra
2447 1673 2552 1721 lau·

1492 1745 1617 1795 data
1640 1746 1823 1807 tradit,
1846 1745 1970 1796 illud
1992 1746 2173 1795 incidat
2196 1760 2252 1796 se
2271 1762 2299 1795 a
2323 1747 2555 1798 Grutero

1492 1833 1551 1872 et
1574 1822 1799 1872 Cellario
1836 1823 2118 1886 accepisse.
2187 1824 2268 1873 De
2308 1825 2554 1887 cellario,

1493 1899 1686 1948 nullum
1721 1905 1800 1948 est
1834 1899 2075 1961 dubium;
2112 1905 2166 1949 at
2200 1900 2476 1963 Gruterus,
2504 1902 2555 1950 in

1493 1976 1728 2024 editione
1742 1974 2158 2024 Francofurtana
2182 1990 2264 2024 an.
2282 1978 2428 2026 1607.
2448 1992 2556 2026 om·

1494 2053 1619 2100 nino
1642 2038 1874 2100 exhibuit
1892 2050 2102 2101 verbum
2118 2052 2318 2102 insidat.
2341 2052 2556 2110 Verum,

1493 2129 1713 2177 incidat
1700 2129 1872 2178 inveni
1892 2130 2003 2193 jam
2042 2131 2090 2176 in
2116 2128 2283 2177 Henr.
2307 2130 2556 2192 Stephani
2644 2142 2667 2195 g

1494 2203 1681 2254 ἐκδόσει
1699 2220 1784 2254 an.
1805 2209 1950 2254 1591.
2005 2204 2136 2254 Inde
2158 2204 2293 2255 idem
2317 2206 2561 2259 Elzevitii

1495 2296 1582 2331 an.
1609 2286 1753 2332 1640.
1779 2287 2182 2345 expresserunt3
2205 2281 2394 2331 deinde
2418 2283 2562 2332 Box-

1494 2357 1725 2422 ltornius,
1744 2358 2150 2415 Kirchmaierus‚
2166 2359 2440 2421 cellarius,
2456 2358 2560 2409 Pa·

1497 2436 1650 2497 tarel,
1670 2443 1723 2484 et
1749 2436 2033 2485 Gesnerus.
2100 2436 2252 2486 Haud
2275 2434 2559 2499 dissimulo,

1493 2511 1591 2561 hoc
1617 2513 1783 2575 ipsum
1801 2513 2009 2562 verbum
2022 2512 2206 2562 incidat
2228 2526 2326 2561 non
2350 2513 2562 2562 omuino

1494 2589 1617 2638 mihi
1658 2587 1961 2652 displicere,
1998 2589 2276 2639 dummodo
2318 2604 2384 2638 ue
2421 2589 2558 2638 omni

1494 2678 1751 2715 consensu
1787 2666 2025 2715 codicum
2059 2665 2189 2714 Mss.
2223 2664 2562 2715 destituatur.

1494 2740 1561 2790 In
1585 2741 1664 2789 his
1687 2740 1842 2798 enim,
1863 2741 2190 2804 Parisieusis,
2214 2748 2433 2806 uterque
2452 2742 2560 2791 Ve-

1494 2828 1663 2875 netus,
1687 2820 1995 2885 Patavinus,
2018 2829 2073 2871 et
2095 2821 2229 2871 liber
2251 2822 2560 2884 Vossianus,
2582 2828 2590 2836 ‘

1495 2897 1689 2949 habent
1706 2898 1887 2947 insidat
1902 2912 2084 2962 ,·quam
2102 2899 2379 2951 lectionem
2401 2900 2561 2950 etiam

1496 2977 1813 3039 evulgarunt
1869 2975 2209 3039 Puteolanus,
2254 2977 2562 3034 ,Catanaeus,

1499 3052 1793 3114 Rhenanus,
1828 3051 2198 3113 ‘Philomusus,
2248 3053 2469 3116 Lipsius,
2508 3060 2565 3102 et

1495 3128 1606 3178 alii.
1677 3127 1753 3178 At
1776 3142 1869 3191 pro
1892 3128 2093 3184 insidat,
2118 3127 2563 3191 produntinsideat

1497 3203 1709 3254 codices
1748 3204 2009 3268 Vaticani,
2046 3204 2474 3268 salisburgensis,
2507 3212 2564 3255 et

1500 3280 2008 3345 Guelplierbytanus.
2058 3282 2120 3330 In
2145 3297 2260 3332 meo
2284 3290 2454 3333 autem
2479 3298 2567 3333 co-

1500 3357 1621 3407 dice
1643 3359 1888 3424 mendose
1912 3358 2162 3422 scriptum
2188 3368 2267 3409 est
2289 3360 2564 3411 insidiatus.

1501 3432 1654 3483 Istud
1709 3434 1917 3483 insideat
1966 3435 2161 3498 primus
2217 3435 2567 3500 promulgavit

1503 3511 1817 3571 Beroaldus,
1850 3511 1987 3573 quod
2036 3524 2175 3559 nuuc
2211 3510 2383 3560 Plinio
2425 3526 2566 3561 asse-

1502 3588 1605 3637 ruit
1630 3585 1972 3648 Arntzenius3
2009 3585 2144 3649 quod
2171 3586 2382 3634 verbum
2409 3601 2568 3651 prop-

1504 3671 1588 3714 ter
1621 3663 1987 3712 auctoritatem
2024 3662 2260 3711 codicum
2300 3662 2426 3712 Mas.
2454 3665 2566 3728 jam

1503 3741 1663 3790 etiam
1705 3740 1905 3801 recepi,
1934 3738 2267 3803 credidique,'
2296 3754 2361 3789 eo
2401 3743 2567 3805 magis

1501 3819 1673 3868 locum
1697 3815 1887 3865 habere
1911 3829 2083 3879 posse,
2118 3817 2158 3863 si
2183 3831 2371 3866 nomen
2390 3818 2568 3882 species

1503 3908 1601 3958 pro
1633 3899 1854 3941 externa
1885 3889 2053 3939 forma
2087 3898 2145 3940 et
2177 3891 2450 3942 simulacro
2482 3907 2571 3942 su·

1504 3977 1700 4030 matur3
1735 3982 1849 4031 quae
1879 3967 2022 4015 notio
2041 3966 2177 4029 apud
2205 3967 2365 4017 bonos
2391 3977 2569 4020 aucto-

1504 4062 1589 4096 res
1605 4042 2022 4109 frequentissime
2039 4045 2240 4093 occurri
2248 4050 2267 4093 t
2282 4060 2298 4105 3
2317 4060 2417 4108 v.g.
2429 4047 2569 4110 apud

1504 4125 1617 4174 Cic.
1641 4121 1707 4172 de
1731 4122 1886 4173 Offic.
1911 4135 2000 4171 ιη.
2023 4127 2103 4171 11.
2137 4125 2152 4151 ‘
2171 4123 2429 4174 Utilitatis
2452 4139 2570 4187 spe-

1504 4202 1588 4251 cie
1610 4201 1664 4251 iu
1686 4199 1956 4262 republica
1979 4199 2262 4262 saepissime
2287 4199 2572 4264 peccatur.'

1505 4278 1647 4331 Ibid.
1669 4292 1718 4329 c·
1737 4282 1820 4332 26.
1842 4278 1857 4307 ⁶
1878 4277 1954 4329 M.
1970 4274 2162 4330 Atilius
2179 4276 2426 4342 Regulus,
2448 4291 2568 4330 cum
