3017 4942
455 333 588 402 584

456 501 562 562 est,
586 495 604 525 ‘
621 501 681 548 ut
702 496 797 547 Cn.
818 492 1072 560 Pompeio
1105 508 1202 560 per
1234 495 1520 561 quinquen·

455 577 599 628 nium
623 576 788 627 omnis
812 581 1044 640 potestas
1067 576 1140 624 rei
1164 573 1520 625 frumentaria

456 660 573 706 toto
594 656 721 705 orbe
745 661 998 705 terrarum
1022 651 1272 703 daretur-²
1319 652 1430 703 Cic.
1455 651 1521 702 ad

460 731 630 782 Attio.
661 746 739 782 tv.
762 735 811 782 1.
879 731 985 784 Hic
1023 745 1168 795 ergo,
1202 736 1356 780 extra
1388 730 1525 780 ordi-

458 822 580 859 nem
625 805 911 871 praefectus
957 820 1171 856 annona
1210 805 1400 864 factus,
1439 820 1523 856 ur·

458 883 578 933 bem
611 881 893 944 frumento,
915 882 1207 947 ceterisque
1241 881 1308 931 ad
1329 883 1526 933 victum

459 958 793 1021 necessariis,
835 958 1093 1022 replevit3
1144 957 1266 1008 ideo
1306 957 1372 1008 ad
1415 958 1528 1021 glo-

460 1036 593 1085 riam
626 1034 985 1099 amplissimam
1011 1035 1267 1097 pervenit.
1324 1033 1530 1088 Auctor

462 1111 576 1162 Cic.
601 1110 666 1160 ad
694 1110 860 1161 Attio.
884 1124 980 1161 xv.
1001 1116 1051 1160 9.
1073 1109 1300 1176 Appiae.
1319 1110 1386 1161 ‹le
1403 1110 1528 1161 Bel-

461 1189 518 1247 lo
540 1189 656 1239 Civ.
676 1189 770 1237 lib.
793 1202 857 1238 ιι.
891 1188 1113 1238 Patami.

529 1267 711 1316 Pulsus
724 1266 933 1316 ambitus
950 1265 1137 1331 campo]
1165 1266 1364 1322 Martio
1386 1280 1529 1322 nem·

465 1358 534 1407 pe
565 1358 768 1407 campo,
802 1345 857 1394 in
892 1359 996 1408 quo
1029 1344 1237 1400 comitia
1269 1344 1529 1396 habeban-

466 1428 572 1472 tur.
646 1421 838 1482 Legem
886 1419 1008 1470 tulit
1063 1419 1199 1469 enim
1245 1420 1529 1484 Pompeius

465 1496 869 1557 cousullcoutra
906 1495 1042 1559 illos,
1066 1494 1172 1559 qui,
1205 1494 1258 1543 iu
1290 1494 1531 1558 petendis

464 1574 768 1637 honoribus,
797 1574 978 1639 populi
1013 1572 1298 1637 suffragiis,
1316 1579 1407 1626 aut
1440 1573 1532 1624 do-

466 1653 568 1713 nis,
602 1657 693 1701 aut
735 1651 848 1700 aliis
886 1650 1203 1713 corruptelae„
1241 1650 1533 1715 generibus,

464 1729 570 1778 vim
596 1729 909 1779 attulissent.
974 1726 1288 1780 Plutarchus
1310 1727 1363 1776 in
1382 1727 1535 1782 Pom-

468 1805 608 1868 peio,
630 1820 682 1869 p.
704 1809 820 1854 645.
864 1805 1012 1853 Beue
1034 1813 1207 1854 autem
1228 1810 1377 1854 notat
1396 1804 1536 1852 Bau-

469 1881 607 1936 dius,
632 1895 813 1930 vocem
834 1880 1039 1930 ambitus
1073 1879 1285 1930 notione
1307 1893 1409 1929 nou
1434 1876 1536 1934 dif-

469 1955 612 2012 ferre
631 1956 695 2007 ab
717 1956 733 1984 ‘
747 1956 1029 2005 ambitione
1043 1954 1072 2018 ς’
1102 1955 1193 2006 sed
1214 1971 1305 2005 usu
1324 1956 1537 2021 loquen-

471 2034 623 2094 tium,
664 2046 783 2083 eum
829 2030 896 2080 ad
938 2032 1084 2095 leges
1127 2037 1396 2095 respectus
1435 2037 1539 2095 est,

473 2119 531 2160 et
564 2109 628 2158 ad
665 2108 891 2173 ,iudiciffi
935 2121 1124 2159 nomen
1163 2107 1262 2161 boc
1305 2109 1541 2163 retineri.

473 2186 628 2236 Idem.

541 2262 722 2311 Pulsus
743 2261 973 2326 ambitus]
1005 2260 1068 2312 In
1096 2262 1256 2318 tertio
1282 2262 1392 2327 ejus
1415 2277 1542 2313 eon-

475 2338 670 2400 sulatu,
689 2351 805 2387 cum
834 2338 1001 2401 legem
1027 2337 1093 2388 ‹le
1129 2338 1326 2395 ambitu
1362 2347 1541 2402 pertu-

474 2415 559 2477 lit,
592 2420 648 2463 et
673 2413 875 2477 judicia
908 2429 973 2464 ea
1003 2415 1256 2465 severiter
1285 2416 1542 2466 exercuit.

473 2490 749 2549 Plutarch.
772 2491 825 2540 in
845 2491 1038 2555 Pomp..
1066 2490 1206 2555 Lips.

541 2567 763 2627 Exactus
782 2566 955 2632 hostis]
991 2566 1193 2618 Piratae
1205 2566 1415 2628 Cilices,
1432 2567 1548 2633 qui,

476 2643 493 2670 ‘
517 2651 671 2707 rupto
710 2641 912 2694 foedere
954 2644 1160 2708 generis
1204 2641 1433 2707 humani,
1464 2644 1544 2696 sic

475 2719 643 2778 meria
683 2718 840 2785 bello,
871 2720 1019 2786 quasi
1055 2727 1368 2786 tempestate
1410 2736 1545 2785 prae-

480 2797 782 2862 clusetant,'
807 2800 973 2865 inquit
999 2801 1186 2850 Florus
1210 2814 1298 2851 m.
1319 2804 1371 2852 6.
1435 2800 1545 2851 Hos

478 2875 760 2939 Pompeius
796 2875 1020 2928 feliciter
1043 2877 1189 2942 vicit,
1208 2893 1347 2942 pene
1377 2879 1545 2930 incru-

467 2958 606 3003 .enta
625 2954 867 3015 victoria,
889 2954 1026 3003 intra
1049 2954 1396 3018 quadraginta
1417 2954 1547 3007 dies.

444 3071 459 3090 ,
482 3028 630 3078 Plut.
668 3029 721 3078 in
754 3028 1026 3092 Pompeio,
1059 3035 1115 3081 et
1147 3029 1255 3086 Dio
1289 3029 1434 3079 Cass.
1454 3031 1549 3082 lib.

487 3117 689 3154 xxxw.
723 3106 945 3155 Palm-ol.

557 3182 732 3232 Oriens
754 3183 1032 3248 triumphis]
1068 3184 1133 3246 ln
1167 3183 1391 3237 Oriente
1422 3183 1553 3234 vicit

485 3258 845 3314 Mithridatem
869 3275 1045 3324 regem
1075 3261 1253 3323 Ponti,
1274 3261 1551 3323 Tigranem

486 3334 774 3398 Armeniae,
817 3336 1081 3400 Ocodem,
1121 3352 1215 3390 seu
1255 3337 1555 3401 Oltliaeem,

485 3419 548 3464 ut
572 3422 654 3464 est
674 3412 815 3477 apud
839 3411 1067 3478 Appian.
1101 3412 1166 3462 de
1189 3413 1324 3463 bello
1346 3414 1553 3464 Mithri·

488 3490 686 3554 datico,
725 3491 1066 3552 Colchorum3
1110 3490 1397 3542 Arthocem
1431 3491 1554 3541 Ibe-

489 3568 604 3624 τίω,
632 3567 990 3620 Aristobulum
1014 3567 1336 3631 Judaeorum,
1361 3570 1557 3632 pariter

489 3659 659 3709 reges,
703 3645 933 3709 aliasque
984 3652 1188 3710 gentes.
1253 3646 1414 3709 Nam,
1464 3661 1567 3696 ex·-

490 3722 660 3785 ceptis
698 3721 910 3770 Parthis
944 3728 1000 3771 et
1037 3722 1211 3786 Indis,
1233 3724 1397 3772 omnis
1430 3722 1557 3773 Asia

490 3798 629 3849 inter
661 3799 892 3848 Rubrum
929 3813 1093 3862 mare,
1126 3806 1182 3849 et
1216 3799 1479 3861 Caspium,
1500 3807 1558 3849 et

493 3876 782 3931 Oceanum,
831 3876 1169 3939 Pompeianis
1217 3875 1431 3933 (inunita,
1473 3876 1558 3927 vel

495 3967 766 4015 oppressa,
802 3953 963 4016 siguis
992 3954 1286 4002 tenebatur.
1353 3954 1559 4003 Auctor

498 4029 683 4082 Florus
706 4037 806 4086 est,
830 4043 912 4081 ιιι.
931 4036 978 4078 5.
1003 4030 1140 4080 idem
1164 4043 1254 4086 ιιι.
1272 4034 1357 4084 22.
1384 4030 1540 4080 Idem.

568 4105 887 4168 Occidensque
923 4105 1176 4167 lustratus]
1222 4106 1258 4153 i.
1297 4120 1345 4155 e.
1384 4105 1558 4160 obitus

498 4186 555 4236 et
579 4188 889 4243 peragratas
911 4185 1011 4229 eet.
1068 4180 1293 4232 Videtur
1314 4178 1427 4229 fere
1450 4181 1559 4232 Pli-

500 4256 614 4319 nius
636 4254 784 4320 illud,
803 4253 938 4322 quod
966 4255 1078 4308 Cic.
1113 4270 1206 4321 pro
1233 4256 1308 4308 M.
1335 4257 1563 4317 Marcel·

419 4741 557 4879 Ι,Ἰ

1159 350 1380 404 NOTAE
1428 348 1839 401 VAmoRtm
1887 350 1971 401 nt

1593 494 1665 558 lo,
1701 509 1822 561 cap.
1853 499 1906 545 2.
1944 494 2014 547 de
2041 491 2154 548 Jul.
2187 495 2397 548 Coesare
2427 495 2580 561 (lixit,
2614 495 2670 550 in

1595 578 1771 623 mente
1802 572 2043 624 babuisse
2066 588 2082 625 z
2116 579 2133 604 ‘
2152 575 2267 626 Nee
2291 588 2415 637 vero
2439 574 2675 639 disjunc-

1597 648 1812 700 tissiuue
1835 656 1991 701 terrae
2014 650 2172 702 citius
2205 651 2515 716 cujusquam
2550 663 2675 716 pas-

1598 724 1747 776 sibus
1810 727 2112 790 potuissent
2168 727 2459 792 peragrari,
2515 741 2674 792 quan

1599 802 1721 859 tuis,
1743 817 1845 854 nou
1868 804 2063 862 dicam,
2095 803 2356 868 cursibus,
2391 803 2484 853 sed
2510 804 2676 854 vieto·

1600 877 1712 941 riis,
1746 879 1988 928 lustrata
2028 877 2191 930 suut.¹
2255 880 2358 929 Ubi
2393 879 2678 935 nonnulli,

1601 954 1693 1004 sed
1728 968 1829 1004 non
1865 954 1994 1006 satis
2027 955 2184 1019 bene,
2215 954 2514 1016 ediderunt,
2537 955 2677 1008 iuss-

1600 1036 1749 1083 eratoe
1780 1037 1909 1082 sunt.
1976 1032 2164 1096 Neque
2191 1033 2328 1084 enim
2369 1033 2549 1083 Cesar
2583 1046 2677 1083 eas

1601 1113 1776 1164 terras
1795 1108 2007 1173 proprie
2041 1110 2414 1168 illustraverat,
2433 1125 2562 1175 quas
2590 1124 2679 1159 su-

1603 1194 1919 1251 peraverat3
1953 1185 2045 1237 sed
2091 1187 2339 1240 lustravit
2381 1187 2578 1250 potius,
2621 1190 2680 1235 et

1605 1265 1766 1327 vidit3
1800 1271 1859 1315 ut
1876 1265 1930 1315 id
1951 1264 2166 1315 verbum
2189 1263 2446 1316 referatur
2464 1263 2529 1312 ad
2554 1277 2681 1314 cou-

1603 1340 1816 1394 ficiendi
1869 1342 2214 1400 celeritatem,
2265 1349 2320 1392 et
2375 1340 2680 1393 conferatur

1603 1432 1722 1468 cum
1748 1418 1906 1470 verbo
1936 1433 2216 1482 peregreve.
2277 1420 2418 1483 Ergo
2440 1420 2547 1483 jam
2573 1419 2682 1469 Pe-

1607 1500 1717 1546 trus
1739 1494 2024 1551 Victorius,
2049 1494 2200 1545 Paul.
2223 1493 2509 1551 Manutius,
2529 1494 2680 1544 Lam·

1607 1568 1776 1626 binus,
1815 1570 1898 1621 Cl.
1935 1570 2130 1630 Minos,
2168 1569 2433 1633 Gravius,
2473 1575 2531 1622 et
2571 1569 2684 1627 alii,

1608 1646 1820 1700 verbum
1851 1648 2069 1698 lustrate
2099 1652 2231 1710 eunt,
2260 1654 2408 1700 recte
2446 1646 2684 1698 vindic·-

1610 1730 1733 1780 ruut
1776 1724 2042 1778 Ciceroni.
2110 1724 2380 1774 Manutius
2424 1723 2678 1788 quidem:

1612 1806 1628 1837 Φ
1652 1799 1953 1858 Lustrare,'
1998 1800 2191 1863 iuquit,
2236 1799 2541 1850 ‘interdum
2597 1804 2685 1850 est

1608 1878 1865 1938 circuit-123
1916 1883 1975 1927 ut
2017 1876 2086 1926 de
2126 1875 2254 1928 Nat.
2295 1878 2457 1928 Deor.
2501 1876 2596 1926 lib.
2631 1890 2679 1931 ε.

1614 1955 1635 1988 ⁸>
1651 1953 1905 2004 Mercurii
1937 1954 2108 2018 stella,
2129 1967 2263 2003 anno
2283 1952 2397 2004 fere
2424 1959 2683 2017 vertente,

1614 2028 1918 2095 signiferum
1975 2031 2169 2084 lustrat
2222 2030 2475 2084 orbem-'³
2541 2032 2684 2084 Ibid.

1612 2107 1705 2160 lib.
1724 2121 1788 2156 11.
1811 2115 1827 2139 ⁸
1842 2108 2026 2157 Totam
2056 2106 2184 2160 licet
2206 2107 2413 2163 animis,
2435 2114 2683 2172 tauquam

1508 2212 1516 2218 ›
1615 2184 1798 2247 oculis,
1821 2186 2044 2236 lustrare
2077 2184 2309 2239 terram.’
2370 2184 2688 2240 ‘Lustrare'

1617 2268 1790 2312 autem
1847 2263 1962 2326 plus
2014 2269 2115 2316 est,
2158 2275 2314 2326 quam
2362 2276 2687 2326 peragi-areg

1615 2353 1755 2401 nam,
1795 2338 1886 2403 qui
1928 2343 2198 2402 peragrat,
2239 2339 2558 2403 perti-ausin
2598 2339 2689 2403 qui

1613 2418 1629 2445 ‘
1655 2412 1896 2478 lustrat,’
1941 2415 2131 2473 ambit,
2174 2416 2566 2478 circumspicit3
2617 2418 2685 2466 ad

1581 2492 1756 2558 .quod
1796 2493 1910 2555 plue
1943 2492 2194 2555 temporis
2231 2493 2533 2556 requiritur.
2595 2493 2687 2543 Sic

1616 2583 1742 2623 tero
1784 2568 1986 2620 Plinius
2043 2576 2240 2627 noster,
2282 2570 2440 2618 etiam
2491 2570 2544 2619 iu
2588 2571 2689 2623 boc

1617 2646 1819 2708 Paneg.
1848 2659 1947 2696 xv.
1975 2651 2022 2694 l.
2055 2639 2186 2694 dicit
2219 2646 2235 2671 ‘
2256 2644 2687 2708 disjunctissimas

1619 2729 1785 2772 terras
1822 2722 2041 2771 lustrare
2059 2719 2093 2781 ;’
2128 2733 2329 2772 mxxi.
2355 2724 2402 2770 1.
2424 2723 2688 2772 ‘lustrare

1619 2806 1779 2854 saltus
1798 2802 1831 2863 ;’
1864 2815 2090 2852 nxxxn.
2112 2806 2165 2849 6.
2186 2803 2204 2836 ⁴
2222 2798 2437 2851 flumina
2461 2802 2689 2856 lustrare

1621 2879 1878 2944 navigiis.'
1904 2879 2051 2929 Sicut
2071 2885 2246 2928 autem
2262 2877 2376 2934 Cic,
2390 2880 2553 2943 magis
2574 2894 2691 2943 pro·

1623 2960 1736 3023 prie
1768 2957 1901 3006 dixit
1925 2954 2188 3006 ‘victoriis
2218 2956 2444 3005 lustrare
2479 2962 2646 3008 terras
2658 2955 2693 3017 i'

1624 3036 1699 3086 ita
1738 3034 1940 3085 Plinius
1966 3034 2299 3094 permanentiis
2317 3032 2447 3082 dicit
2473 3041 2487 3063 ‘
2510 3035 2691 3084 trium·

1626 3110 1739 3176 phis
1758 3112 1980 3159 lustrare
1999 3108 2200 3159 terras!
2227 3110 2316 3160 Sic
2330 3117 2383 3159 et
2401 3110 2540 3161 Flor.
2553 3115 2694 3160 tva.

1626 3194 1677 3239 8.
1700 3187 1985 3250 triumphos
2008 3199 2103 3250 pro
2122 3184 2353 3236 victoriis
2376 3187 2545 3250 ponit.
2587 3187 2692 3237 Ex·

1626 3272 1711 3318 tra
1733 3264 1952 3313 Romam
1969 3262 2112 3326 „enim
2134 3276 2387 3327 nusquam
2407 3263 2694 3326 triumplia-

1627 3341 1787 3400 bant;
1837 3338 1927 3388 sed
1976 3339 2027 3388 in
2073 3337 2364 3404 peregrinis
2411 3340 2693 3403 provinciis

1628 3415 1892 3471 victorias,
1936 3415 2209 3478 triumphis
2246 3414 2448 3479 dignas,
2489 3417 2695 3470 obtine·

1626 3494 1771 3544 bant.
1839 3492 2055 3542 Interim
2093 3501 2268 3541 tamen
2302 3492 2415 3556 ipse
2451 3494 2565 3543 Cic.
2601 3509 2695 3558 pro

1628 3569 1816 3631 Balbo,
1850 3583 1967 3632 cap.
2000 3570 2054 3618 4.
2084 3568 2179 3628 eit,
2215 3568 2233 3596 ‘
2261 3567 2422 3632 Cujus
2456 3570 2696 3635 plerique

1630 3646 1854 3710 aequales
1881 3645 2049 3696 minus
2072 3658 2215 3707 soepe
2238 3652 2414 3695 castra
2434 3645 2697 3704 viderunt,

1629 3737 1783 3786 quam
1808 3722 1891 3772 liic
1917 3720 2284 3784 triumpliavite,
2325 3723 2414 3787 qui
2434 3731 2515 3774 tot
2538 3725 2698 3775 babet

1634 3798 1940 3862 triumphos,
1962 3805 2086 3861 quot
2109 3812 2214 3847 orae
2250 3805 2388 3855 suut,
2412 3809 2699 3866 partesque

1633 3883 1921 3936 terrarum;
1953 3880 2033 3924 tot
2057 3874 2301 3924 victorias
2323 3875 2556 3934 bellicas,
2575 3884 2699 3941 quot

1633 3958 1758 4004 sunt
1795 3954 1846 4000 in
1883 3965 2058 4008 rerum,
2085 3959 2279 4006 natura
2307 3967 2506 4016 genera
2538 3953 2701 4008 bellu·

1633 4026 1784 4077 rum.’
1817 4026 2061 4076 Schwen-
2672 4063 2680 4070 .

1646 4142 1649 4144 Α
1699 4103 1793 4153 Ille
1836 4100 2051 4165 civilius]
2089 4100 2234 4151 Mire
2274 4101 2454 4159 laudat
2502 4104 2701 4156 Plinius

1636 4184 1931 4243 utrumque,
1967 4176 2278 4240 Pompeium
2319 4186 2376 4230 et
2408 4178 2704 4243 Trajauum,

1639 4269 1701 4307 ac
1722 4253 1911 4306 similia
1931 4250 2072 4304 facte
2096 4250 2158 4303 iis
2183 4252 2385 4312 tribuit,
2406 4253 2484 4309 ita
2506 4262 2700 4321 tamen,
