3017 4942
760 384 827 435 e.
872 383 1119 435 Pmml
1168 372 1500 437 saeuum
1532 384 1828 436 ‚ranam
1903 383 1953 438 r.
1998 367 2111 436 88.

312 528 557 579 voculam
581 535 630 580 te
649 527 844 581 dudum
876 529 1155 593 excidisse,
1175 529 1297 595 quia
1319 531 1391 580 la·

314 606 423 656 tuit
453 606 504 655 in
540 607 800 671 particula
831 619 995 671 ωιτη,
1020 616 1172 672 quam
1199 607 1394 658 librarii

313 689 528 732 veteres
558 683 840 748 aliquando
877 685 1174 749 compendii
1209 699 1394 736 caussa

307 758 399 811 ⁴ita
419 761 697 824 scripsere,
718 771 776 811 ut
796 775 861 810 ne
877 761 1136 815 baberent
1156 775 1391 821 necesse,

311 848 608 899 pronomen
633 841 682 886 te
705 843 982 901 repetere3
1013 845 1103 891 aut
1135 844 1283 889 certe
1303 837 1395 889 illa

313 913 624 963 terminatio
670 910 945 977 particule
986 919 1117 979 caste,
1162 914 1391 966 occasio·

311 1002 437 1038 nem
459 988 627 1052 dedit,
664 998 723 1040 ut
758 1003 980 1056 sequeus
1015 1005 1301 1056 pronomen
1342 996 1393 1043 te

312 1080 350 1116 a
374 1067 764 1132 negligentibus
794 1068 1019 1118 librariis
1040 1069 1390 1121 omitteretur.

312 1144 626 1207 eujusmodi
662 1145 1070 1209 compendiose,
1098 1152 1191 1197 aut
1224 1147 1391 1212 negli-

311 1221 492 1283 gentis
533 1222 811 1285 scripturae
858 1222 1101 1286 exempla
1148 1221 1389 1288 quedam

312 1297 567 1348 annotavi
584 1310 761 1361 supra,
784 1296 850 1347 ad
874 1309 1119 1348 mxxxvi.
1143 1303 1193 1348 2.
1238 1298 1391 1350 Simi-

313 1373 424 1424 lem
468 1373 628 1423 etiam
674 1373 1001 1424 omissionem
1045 1374 1391 1427 animadverti

310 1449 387 1498 ad
414 1464 468 1514 p.
496 1452 643 1501 104⁸.
684 1450 836 1500 nens.
896 1506 909 1518 ⁸

381 1525 534 1577 Scias
565 1526 800 1576 neminem
830 1529 945 1576 uate
963 1524 1215 1591 misse]
1248 1525 1385 1577 Auc-

312 1609 403 1654 tor
419 1605 592 1668 Epist.
626 1618 668 1654 t.
691 1608 775 1655 17.
809 1611 826 1635 ‘
846 1604 993 1654 Scias
1025 1604 1196 1668 ipsum
1229 1605 1387 1671 pluri-

309 1683 416 1732 mis
446 1682 729 1732 virtutibus
762 1680 1050 1739 abundare,
1068 1681 1158 1746 qui
1192 1682 1385 1733 alienas

308 1759 394 1808 sic
416 1755 595 1807 amat-⁹
662 1758 734 1808 Et
761 1757 883 1807 alibi
919 1772 1024 1807 non
1049 1772 1184 1809 raro.
1249 1760 1386 1809 Usus

216 1858 224 1869 ·
310 1834 608 1887 et-Seneca
631 1832 842 1898 passim.
874 1834 1041 1885 Livius.

378 1909 593 1964 Felicem
631 1907 823 1973 vocare]
865 1910 1120 1962 Senecam
1165 1909 1284 1961 vide
1317 1910 1385 1962 de

308 1986 484 2038 Clem.
507 2001 549 2036 1.
571 1990 652 2036 14.
684 1986 824 2050 Lips.

312 2078 320 2084 ·
380 2063 593 2114 Felicem
618 2062 813 2126 vocare]
855 2062 1210 2127 Imperatores
1248 2060 1385 2113 Feli-

308 2151 405 2190 ces
430 2138 580 2189 dicti.
630 2138 863 2202 Prosper
886 2136 1137 2203 Aquitau.
1158 2140 1297 2190 libro
1317 2136 1385 2188 de

308 2214 681 2279 providentia:
716 2217 732 2244 ⁸
758 2215 963 2266 Felices
996 2215 1104 2265 diei
1140 2229 1251 2265 mos
1285 2224 1386 2278 est,

308 2304 446 2355 quos
471 2290 662 2341 blanda
685 2297 920 2355 potestas
942 2290 1006 2340 In
1031 2305 1254 2342 summos
1275 2290 1385 2355 api·

310 2380 404 2417 ces
471 2366 788 2417 tumidorum
858 2367 1038 2417 evexit
1099 2365 1386 2417 bonorum.'

310 2443 459 2494 Hinc
478 2444 626 2494 Felix
644 2443 956 2509 simpliciter
971 2457 1066 2508 pro
1081 2458 1224 2507 rege.
1240 2443 1388 2494 Petr.

310 2522 517 2571 Raven.
540 2521 777 2572 Sei-mon.
801 2535 978 2573 xxm.
1015 2521 1184 2586 Epist.
1218 2533 1281 2574 tt.
1309 2523 1390 2570 1⁸.

312 2597 385 2647 In
427 2597 579 2648 Vett.
616 2598 872 2664 Inscript.
907 2599 1222 2649 Commodus
1253 2597 1387 2648 οὖσι-

311 2672 430 2735 βὴς,
453 2673 680 2736 εὐτυχὴς,
707 2674 1037 2739 indigitetur.
1071 2674 1229 2725 Bern-

385 2751 597 2802 Felicem
615 2753 809 2817 vocare]
845 2752 936 2802 Ita
945 2752 1057 2816 jam
1079 2759 1203 2802 ante
1225 2751 1389 2815 impe·
1421 2792 1440 2809 .

311 2834 548 2879 ratarum
587 2836 831 2893 tempora
872 2842 1160 2891 cognomen
1200 2828 1390 2880 Felicis

311 2906 614 2958 adltaeserat
651 2906 895 2958 Cornelio
914 2907 1094 2972 Snlloe,
1126 2906 1191 2958 ab
1215 2921 1389 2957 assen-

309 2984 520 3034 tatione
541 2983 783 3035 familiari
818 2990 1068 3048 coeptum.
1103 2983 1222 3033 Hoc
1248 2983 1389 3035 enim

310 3059 483 3110 tradit
505 3059 622 3109 Liv.
642 3063 886 3111 xxx-46.
907 3061 924 3088 ‘
940 3057 1245 3109 Africanum
1269 3073 1389 3124 cog-

311 3150 510 3187 nomen
533 3136 773 3187 militaris
794 3136 935 3200 prius
960 3132 1131 3199 favor,
1143 3148 1208 3183 an
1222 3148 1389 3198 popu·

310 3213 440 3262 laris
458 3226 602 3274 aura,
614 3211 960 3263 celebraverit
981 3226 998 3273 ς
1033 3224 1119 3267 an,
1137 3211 1274 3260 sicut
1291 3210 1389 3260 Fe·

310 3289 434 3339 licis
470 3289 649 3352 Sulloe,
679 3288 969 3353 Magnique
1003 3285 1263 3349 Pompeii,
1298 3300 1388 3350 pa-

311 3372 455 3416 trum
482 3365 753 3427 memoria,
784 3368 1016 3429 coeptnm
1052 3363 1121 3413 ab
1154 3371 1389 3413 assenta-

311 3442 463 3492 tione
483 3440 727 3503 familiari
747 3441 835 3504 sit,
854 3454 1038 3505 parum
1062 3445 1389 3502 compertum

312 3513 520 3569 habem’
587 3515 862 3581 Appianus
897 3514 1050 3566 Alex.
1075 3516 1142 3565 B.
1162 3517 1274 3566 Civ.
1294 3515 1387 3566 lib.

316 3607 360 3643 1.
383 3605 507 3657 pag.
541 3596 657 3643 416.
689 3595 887 3645 Σύλλας
919 3588 1277 3655 εὐτυχέστατος
1307 3589 1389 3639 ἂν·

320 3670 446 3732 δρῶν
464 3666 515 3718 ἔς
537 3686 598 3718 τε
625 3667 686 3718 τὸ
703 3665 848 3718 τέλος
868 3666 1001 3724 αὐτὸ,
1034 3664 1114 3715 καὶ
1145 3667 1196 3715 ἐς
1228 3663 1390 3715 τᾶλλα

314 3743 497 3809 πάντα,
530 3744 693 3810 ὥσπερ
731 3744 811 3795 καὶ
846 3741 1134 3808 ὀνομάζει-’6,
1166 3739 1389 3804 ’γενέσθαι

225 3818 228 3823 ³
317 3825 487 3875 δοκᾶν·
510 3820 554 3873 si
573 3821 633 3883 δή
662 3839 737 3873 τις
768 3821 997 3884 εὐτυχίαν
1013 3820 1184 3882 ἡγοῖτο
1203 3820 1388 3882 τυχεῖν.

319 3900 448 3955 ὅσον
488 3899 551 3952 a»
592 3886 769 3952 ιοέλῖ..
833 3899 993 3960 Sana,
1031 3897 1109 3946 vir
1141 3898 1206 3946 aa
1230 3897 1390 3946 mia

302 3976 625 4039 felicissimas
643 3989 790 4039 usque
820 3975 883 4023 ad
901 3973 1076 4039 finon,
1094 3978 1144 4022 et
1165 3972 1385 4035 quemad·

315 4056 509 4105 modum
528 4053 886 4115 cognominatus
906 4055 996 4104 est,
1018 4050 1086 4098 sic
1099 4049 1234 4109 felix
1254 4049 1387 4100 laabi-

315 4137 433 4191 us,-
466 4130 737 4190 siselieitas
751 4128 952 4178 dicende
968 4131 1060 4189 est,
1079 4141 1232 4190 posse,
1248 4125 1389 4189 qaid·

316 4208 438 4272 quia
464 4206 604 4257 uelis.
672 4203 811 4254 Vell.
833 4217 901 4253 11.
922 4207 1006 4253 2⁷.
1042 4205 1058 4232 ‘
1083 4202 1275 4254 Occiso
1298 4202 1387 4253 de-

316 4298 461 4337 mum
489 4281 687 4347 Mario,
715 4278 909 4332 Felicis
929 4291 1120 4330 nomen
1147 4278 1390 4343 assumsit

2356 370 2533 439 1059

1470 530 1647 581 Sullaz
1680 530 1818 595 quod
1855 530 2065 597 quidem
2098 536 2401 596 usurpasset
2421 532 2533 597 jus·

1471 606 1691 664 tissime,
1713 606 1757 655 si
1781 606 2003 657 eundem
2027 614 2085 658 et
2116 608 2358 659 vincendi
2381 616 2436 659 et
2461 607 2533 659 vi·

1469 684 1624 736 vendi
1654 683 1808 735 finem
1841 684 2143 736 habuisset.'
2213 686 2355 736 Plin.
2389 686 2532 739 Hist.

1469 760 1599 810 Nat.
1622 773 1722 810 vn.
1737 763 1821 810 43.
1850 767 1866 792 ·
1889 761 2036 811 Unus
2063 761 2323 812 bantinum
2343 761 2408 812 ad
2433 762 2533 815 hoc

1436 831 1442 837 ’
1468 839 1590 894 aevi,
1620 837 1809 888 Felicis
1839 836 1939 887 sibi
1976 851 2264 901 cognomen
2309 838 2535 889 asseruit

1466 912 1530 962 1..
1561 913 1723 976 Sulla,
1755 913 1897 963 civili
1931 927 2120 976 nempe
2156 913 2428 978 sanguine,
2467 928 2533 964 ac

1465 990 1652 1055 patriae
1675 990 2066 1054 oppugnatione
2087 989 2412 1054 adoptatum.
2458 991 2534 1041 Et

1465 1066 1655 1132 quibus
1678 1064 1949 1116 felicitatis
1980 1064 2221 1117 inductus
2255 1080 2531 1131 argumen-

1469 1143 1574 1193 tis?
1603 1143 1740 1208 quod
1783 1140 2108 1208 proscribere
2149 1148 2227 1192 tot
2264 1143 2427 1193 millia
2459 1143 2532 1194 ci·

1465 1219 1606 1270 vium
1630 1234 1691 1270 ae
1716 1219 1979 1271 trucidare
2003 1219 2280 1284 potuisset.
2338 1219 2389 1269 Ο
2413 1235 2531 1285 pra·

1465 1311 1531 1346 va
1551 1296 1918 1361 interpretatio
1935 1300 1991 1346 et
2012 1295 2189 1346 futuro
2211 1296 2263 1348 iu
2289 1301 2529 1360 tempore

1465 1371 1650 1422 infelix
1670 1373 1701 1422 Ρ
1766 1371 1954 1422 Felicis
2009 1372 2316 1436 appellatio,
2370 1372 2529 1437 Sylla}

1464 1451 1725 1513 exemplo,
1749 1450 1995 1514 deinceps
2028 1451 2186 1501 etiam
2217 1450 2285 1501 ab
2305 1451 2529 1515 impera·

1464 1529 1665 1580 toribus
1689 1535 1772 1580 est
1792 1535 2025 1592 recepta.
2090 1530 2294 1579 Seneca
2315 1528 2381 1578 de
2408 1529 2527 1579 Cle·

1462 1614 1624 1657 ment.
1658 1620 1698 1656 t.
1739 1610 1818 1657 14.
1860 1605 1877 1633 ‘
1900 1604 2200 1669 Principem
2239 1605 2524 1669 appellavi·

1462 1696 1577 1732 mus
1613 1688 1817 1746 patrem
1851 1681 2057 1746 patriae,
2088 1695 2193 1731 non
2227 1682 2528 1733 adulatione

1462 1774 1595 1809 vana
1639 1758 1857 1808 inducti.
1924 1758 2117 1808 Cetera
2152 1757 2288 1808 enim
2332 1772 2526 1823 cogno·

1463 1835 1604 1886 mina
1637 1835 1819 1885 honori
1845 1832 1970 1884 data
2005 1839 2161 1884 sunta
2195 1835 2433 1898 Magnos,
2467 1840 2527 1886 et

1464 1913 1693 1976 Felices,
1706 1921 1762 1963 et
1782 1911 2072 1976 Augustos,
2087 1913 2327 1976 diximus,
2349 1921 2405 1964 et
2417 1927 2527 1965 am·

1462 1989 1666 2040 bitiosae
1690 1989 1968 2054 majestati,
1988 1988 2236 2053 quidquid
2262 1978 2524 2053 potuimtis

1462 2065 1755 2125 titulorum,
1775 2063 2163 2128 congessimus.'
2226 2064 2316 2115 Sic
2349 2066 2365 2093 ‘
2391 2065 2523 2116 Feli·

1461 2140 1575 2192 cis'
1610 2141 2013 2206 appellationem
2049 2140 2330 2191 Commodo
2362 2141 2545 2204 impe-⁸

1460 2218 1642 2279 ratori,
1656 2218 1899 2268 Perenne
1913 2217 2104 2281 occiso,
2122 2218 2342 2281 primum
2366 2231 2528 2282 pecn-

1460 2294 1578 2343 liari
1601 2300 1817 2344 senatus
1835 2293 2048 2343 decreto
2084 2307 2401 2357 concessam,
2424 2301 2529 2345 tra-

1457 2370 1545 2421 dit
1570 2370 1898 2434 Lampridius
1925 2369 1978 2418 in
2007 2370 2310 2431 Commodo,
2335 2385 2453 2434 cap.
2476 2374 2527 2422 8.

1462 2449 1478 2475 ⁸
1500 2445 1652 2495 Inter
1670 2445 1784 2495 boec
1805 2443 2136 2502 Commodus,
2153 2454 2335 2494 senatu
2358 2451 2532 2496 semet

1464 2521 1689 2584 ridente,
1703 2535 1819 2572 cum
1840 2521 2130 2571 adulterum
2148 2520 2328 2570 matris
2342 2534 2530 2572 eonsu-

1464 2600 1567 2649 lem
1589 2597 1937 2662 designasset,
1951 2597 2243 2661 appellatus
2258 2605 2342 2648 est
2364 2597 2532 2659 Pius;

1464 2689 1585 2725 cum
1602 2674 1881 2725 occidisset
1906 2674 2218 2728 Perennem,
2235 2675 2532 2738 appellatus

1466 2759 1551 2801 est
1610 2752 1776 2801 Felix.
1853 2749 2001 2800 Inter
2056 2749 2303 2813 plurimas
2358 2751 2532 2801 coedes

1468 2827 1751 2876 multorum
1780 2825 1989 2886 civium,
2022 2825 2171 2890 quasi
2207 2825 2416 2890 quidam
2440 2840 2532 2876 no·

1467 2917 1562 2952 vus
1585 2901 1746 2957 Sulla,
1766 2901 1902 2950 idem
1929 2899 2360 2962 Commodus,ille
2386 2901 2530 2958 Pius,

1467 2978 1556 3027 ille
1588 2975 1769 3034 Felix,'
1791 2979 1891 3026 ἀρ.
1960 2977 2044 3026 De
2080 2975 2095 3002 ‘
2121 2975 2342 3027 Felicis'
2377 2976 2532 3027 titulo

1466 3055 1520 3105 in
1555 3054 1775 3104 nummis
1809 3054 2177 3118 imperatorum
2202 3052 2330 3102 vide
2362 3054 2534 3117 Span-

1465 3131 1605 3181 bem.
1628 3130 1694 3181 de
1720 3132 1908 3181 Praest.
1931 3137 1989 3180 et
2011 3129 2122 3179 Usu
2140 3129 2399 3179 Numism.
2423 3127 2533 3178 An-

1467 3209 1562 3270 tiq.
1588 3215 1712 3257 tom.
1737 3221 1776 3257 1.
1798 3220 1918 3271 pag.
1938 3209 2055 3256 441.
2087 3205 2334 3256 διΙιιοαντ.

1533 3284 1790 3349 Fortuna]
1825 3270 1995 3335 Etiat'n
2017 3284 2159 3349 Sylla
2183 3284 2346 3349 magis
2366 3281 2533 3334 fortn-

1467 3368 1640 3424 natns,
1663 3376 1817 3426 quam
1842 3361 2023 3411 bonus.
2054 3362 2208 3410 Beris.

1531 3437 1700 3488 Satius
1723 3435 1986 3499 Magnum]
2018 3437 2319 3500 cognomen
2334 3442 2349 3465 ‘
2374 3435 2530 3499 Mag·

1465 3514 1520 3563 ni
1539 3513 1558 3540 ’
1580 3514 1856 3567 adhaesisse
1871 3514 1969 3563 Cn.
1991 3512 2264 3575 Pompeio,
2281 3512 2332 3561 in
2357 3509 2530 3574 proxi·

1463 3605 1552 3640 ma
1573 3598 1699 3640 nota
1732 3605 1798 3639 ex
1823 3589 1971 3639 Livio
1994 3588 2218 3639 ostendi.
2283 3588 2380 3637 Cui
2404 3586 2531 3637 ado-

1463 3666 1686 3716 lescenti
1731 3666 1829 3716 boc
1873 3680 1940 3715 ex
1995 3665 2192 3715 virtute
2238 3677 2526 3728 cognomen

1463 3742 1608 3792 Sulla
1640 3741 1868 3792 dictator
1909 3742 2055 3793 dedit
2075 3758 2093 3803 3
2135 3741 2273 3792 bello
2317 3740 2530 3791 demum

1462 3817 1764 3883 Sertoriano
1796 3819 1908 3883 ipse
1936 3818 2218 3883 Pompeius
2250 3818 2302 3869 in
2337 3818 2527 3869 litteris

1464 3903 1523 3947 et
1552 3894 1737 3946 edictis
1771 3910 1829 3945 se
1862 3901 1877 3924 ‘
1901 3895 2152 3960 Magnum
2171 3896 2185 3917 ’
2225 3894 2527 3946 describere

1461 3974 1643 4038 coepit,
1660 3978 1718 4023 ut
1740 3973 2058 4022 Plutarchus
2078 3972 2129 4022 in
2153 3972 2266 4037 ejus
2291 3971 2400 4023 vita
2423 3979 2529 4023 tra-

1464 4050 1562 4100 dit.
1630 4050 1700 4100 Et
1719 4050 1815 4099 boc
1834 4048 1945 4098 solo
1966 4048 2273 4112 cognomine
2297 4061 2437 4111 soepe
2461 4047 2528 4098 ab

1465 4126 1690 4191 antiquis
1706 4125 2048 4189 scriptoribus
2063 4125 2382 4189 designatur.
2424 4125 2533 4188 Sic,

1465 4216 1519 4251 v.
1563 4216 1614 4266 g.
1659 4201 1844 4252 Cicero
1886 4213 1983 4263 pro
2025 4198 2238 4264 Archia,
2281 4214 2400 4263 cap.
2449 4203 2531 4251 10.

1467 4279 1484 4308 ⁸
1506 4277 1682 4332 Quid?
1714 4282 1893 4329 noster
1914 4275 1998 4328 liic
2031 4276 2281 4341 Magnus,
2301 4277 2388 4343 qui
2411 4288 2528 4328 cuin
