3017 4942
722 386 789 435 σ.
835 385 1086 437 amun
1132 386 1468 438 saeuum
1518 348 1792 441 amne.
1866 391 1918 443 ι.
1960 376 2078 445 79.

286 538 449 594 qaam
470 527 700 596 antiqua
726 536 1026 596 ceteraque
1046 522 1223 582 omues
1244 529 1355 582 edl-

284 608 461 658 tieues
482 609 895 673 promulgarunt,
912 608 968 659 in
991 608 1094 659 ista
1113 608 1354 660 codicum

284 682 657 750 inconstantia,
692 685 1016 749 abjiciamus.
1079 686 1353 738 Vocabulo

281 763 304 790 ‘
322 763 634 830 imbecillus,
653 779 703 826 a,
728 764 850 830 um‚'
871 779 967 830 pro
989 779 1092 832 quo
1112 772 1350 818 auctores

287 840 584 902 promiscue
635 841 817 893 dicunt
891 842 910 872 4
938 843 1224 900 imbecillis,
1269 857 1318 908 e,
1334 841 1352 866 ⁹

286 914 500 967 Plinius
540 917 594 967 in
634 918 890 983 Epistolis
926 920 1195 986 aliquoties
1228 935 1351 971 usus

286 1001 406 1058 est3
441 1009 494 1046 v.
533 1010 584 1060 g.
623 1010 665 1046 ι.
703 1001 781 1047 12.
816 997 1002 1047 ‘Licet
1034 997 1348 1049 imbecillum

286 1085 378 1122 sne
400 1071 594 1136 putes.'
625 1087 704 1124 tv.
724 1079 776 1125 7.
797 1078 814 1104 ⁴
831 1075 1158 1126 Imbecillum
1182 1074 1352 1127 latus?

286 1163 371 1201 ιν.
396 1152 477 1201 18.
509 1151 526 1178 4
545 1149 751 1215 Accidit
774 1152 873 1202 boc
895 1153 1249 1205 imbecillitate
1272 1154 1349 1204 iu·

286 1226 433 1290 genii
475 1227 613 1278 mei-³
680 1228 745 1278 In
779 1229 952 1280 verbis
992 1231 1349 1295 sequentibus,

283 1304 526 1355 meliorem
556 1308 787 1356 mules·
811 1311 985 1371 speret,
1007 1309 1174 1358 codex
1206 1323 1352 1359 meus

287 1380 453 1431 babet
470 1383 663 1447 prebet.
729 1385 963 1443 Mallem,
985 1390 1044 1437 ut
1066 1401 1160 1451 pro
1170 1387 1353 1452 prebet

284 1459 594 1510 invenissem
609 1467 827 1527 prestet,
849 1477 965 1513 cnm
988 1463 1086 1515 boc
1107 1479 1224 1516 cum
1240 1480 1353 1516 ver-

284 1534 370 1585 bis
389 1532 724 1600 sequentibus
739 1541 901 1589 multo
916 1539 1095 1590 melius
1115 1543 1354 1594 conveni-

284 1619 392 1663 ret.
415 1613 566 1663 Idem.

352 1689 500 1740 Alius
535 1690 733 1751 labores,
755 1692 800 1743 εἰ
830 1706 927 1744 non
960 1694 1204 1745 continuos
1231 1694 1354 1745 desi·

286 1765 409 1831 dia]
433 1767 609 1833 Forte,
629 1773 755 1821 cont.
787 1768 881 1820 lab.
916 1770 962 1820 si
995 1785 1092 1821 aon
1128 1772 1229 1823 des.
1265 1772 1352 1823 Li·

289 1843 401 1893 vin.

356 1914 420 1968 m
433 1933 527 1968 non
546 1920 793 1987 continno]
820 1922 1099 1975 Coelium.
1145 1923 1351 1983 Scribe,

287 1997 513 2069 continno
533 2011 600 2046 se.
619 1998 767 2062 Lips.

355 2071 420 2122 δι’
450 2088 545 2124 non
576 2076 822 2140 maneo]
856 2076 915 2127 Sc·
947 2093 1045 2129 nous
1082 2079 1350 2130 continuos.

289 2147 444 2198 Bella
463 2156 547 2200 est
580 2153 875 2203 emendatio
898 2154 1274 2221 Bongarsiaua,
1304 2157 1352 2207 si

290 2238 387 2274 aon
403 2227 623 2278 comm
641 2243 693 2279 se
712 2230 910 2280 desidiae
920 2246 942 2291 ,-
973 2232 1109 2297 qnod
1133 2239 1190 2282 et
1208 2232 1352 2283 deiu-

287 2300 361 2352 de
387 2304 560 2367 Lipsio
581 2306 632 2354 in
657 2315 884 2357 mentem
911 2308 1073 2360 venit.
1094 2309 1232 2375 Lips-

357 2379 597 2430 Continao
615 2396 669 2431 se
687 2383 884 2434 desidia
918 2385 1147 2450 dedisset]
1177 2387 1353 2450 Nego·

289 2454 420 2506 tium
446 2459 593 2508 uobis
616 2459 882 2511 facessunt
901 2460 1212 2526 libraril,bis
1236 2477 1352 2513 ver·

288 2531 370 2581 bis
404 2535 596 2596 partim
635 2536 982 2602 transpositis,
1015 2539 1206 2601 partim
1242 2552 1357 2589 cor·

289 2609 477 2672 ruptis.
541 2610 603 2661 Iu
637 2614 822 2664 codice
843 2610 1099 2665 Vaticano
1119 2618 1271 2666 ⁸4⁶1.
1301 2622 1358 2666 et
1400 2614 1405 2617 “

289 2683 776 2754 Guelpberbytano,
800 2688 912 2739 baec
950 2691 1061 2741 siue
1091 2704 1247 2742 sensu
1283 2692 1357 2741 le·

286 2761 476 2827 gimus,
494 2763 630 2814 Alios
642 2766 825 2815 labores
838 2767 884 2816 si
897 2781 992 2817 non
1011 2769 1255 2818 miinuos
1273 2769 1359 2819 de·

284 2837 427 2888 sidio
444 2855 503 2890 ee
519 2843 754 2905 voluptati
777 2844 1003 2894 dedisset.
1070 2843 1135 2893 Iu
1158 2844 1358 2896 Parisi-

287 2916 423 2979 cnsi,
441 2915 583 2971 Alias
602 2920 648 2967 si
668 2919 850 2969 labores
868 2934 962 2969 non
976 2921 1224 2971 continuos
1235 2922 1286 2972 d.
1307 2936 1356 2971 a.

285 3004 339 3039 su.
361 2992 412 3041 d.
477 2992 540 3042 In
560 2993 764 3045 Veneto
785 2998 835 3044 1.
856 2995 1002 3046 Alias
1021 2992 1115 3045 sibi
1132 3011 1228 3046 m
1245 3012 1356 3047 cors·

285 3066 448 3117 tineos
488 3068 687 3120 labores.
751 3071 812 3122 Iu
857 3071 1065 3123 Veneto
1106 3077 1157 3123 2.
1200 3074 1355 3125 Salis·

290 3141 564 3211 burgensi,
584 3146 858 3206 Patavino,
882 3157 937 3200 et
958 3164 1096 3213 meo,
1125 3149 1267 3201 Alias
1286 3152 1356 3202 le·

285 3218 425 3270 bores
449 3222 495 3271 si
513 3238 608 3274 noa
626 3226 874 3276 continuos
893 3226 1092 3277 desidioe
1109 3242 1166 3277 oc
1196 3228 1354 3293 eolap-

286 3299 387 3349 ἐστι·
419 3301 623 3352 dedisset
635 3319 656 3363 ,-
692 3319 846 3369 quam
883 3305 1159 3357 lectionem
1197 3308 1355 3357 etiam

286 3377 627 3445 antiquiores,
648 3388 703 3431 et
717 3383 922 3446 plurimi
938 3390 1221 3449 sequentes
1234 3384 1355 3435 libri

286 3452 550 3520 impressi,
569 3459 917 3523 evulgarnut3
950 3460 1050 3511 nisi
1068 3460 1205 3526 quod
1229 3476 1356 3512 non-

286 3525 434 3594 nulli,
455 3547 552 3596 pro
573 3534 835 3599 continuos,
862 3544 1233 3600 expresserunt
1248 3553 1357 3589 con·

288 3606 441 3657 tineo.
530 3609 636 3659 Sed
662 3613 776 3676 jam
811 3610 955 3664 felici
991 3613 1205 3679 iugenio
1247 3614 1358 3665 aui·

285 3681 567 3736 madvertit
586 3687 813 3752 Lipsius,
831 3702 929 3753 pro
945 3691 1209 3754 maiestas,
1231 3691 1358 3741 scri·

287 3758 513 3813 bendum
529 3776 645 3813 esse
665 3766 890 3816 contineo
910 3780 975 3816 se.
1009 3767 1081 3817 Et
1093 3767 1355 3818 Gruterus

289 3842 513 3887 testatus
552 3845 652 3904 est,
673 3841 806 3891 banc
831 3857 1037 3907 qnoque
1064 3841 1254 3894 bellam
1275 3842 1354 3894 fu·

284 3909 387 3960 isse
454 3915 871 3967 emendationem
933 3918 1358 3981 Bongarsiansm.

288 3988 380 4039 Sic
398 3998 575 4040 autem
588 3993 780 4052 iuveni,
786 3995 898 4059 jam
917 4009 1002 4044 au.
1018 3999 1164 4046 151⁵.
1181 4011 1211 4046 a
1224 3997 1261 4049 J
1264 4010 1357 4047 un·

288 4071 345 4114 ta
381 4064 545 4117 fuisse
584 4083 853 4129 excusum,
896 4071 1040 4123 Alius
1078 4073 1279 4140 labores,
1308 4074 1356 4126 si

285 4156 380 4191 non
417 4134 689 4197 continuose
710 4148 909 4197 desidie
926 4163 985 4198 oc
1003 4150 1241 4212 voluptati
1272 4152 1355 4200 de-

285 4218 455 4268 disset.
518 4220 686 4274 Jnnta
707 4223 837 4273 alias
869 4237 973 4274 uon
1007 4222 1163 4275 facile
1185 4225 1354 4277 disce·

288 4294 369 4347 dit
386 4296 673 4349 eiectionc
694 4298 822 4351 Aldi
857 4301 1129 4367 Manutii;
1162 4301 1249 4355 bic
1272 4308 1355 4355 ts·

2353 378 2488 447 979

1423 544 1544 583 men
1563 531 1677 582 sine
1690 530 1820 584 Aldi
1831 530 2075 597 exemplo
2092 531 2321 598 prodidit
2341 534 2487 603 illud,

1421 607 1728 668 confluam:
1773 609 1911 676 quod
1945 608 2085 660 forte
2119 620 2390 674 repererat
2425 614 2485 665 in

1423 693 1635 737 vetusto
1676 686 1900 752 quodam
1930 687 2136 750 codice,‘
2165 702 2265 738 nec
2309 695 2489 741 temen

1421 761 1885 823 animadverterat,
1909 764 1960 814 iu
1983 779 2048 815 eo
2073 765 2237 816 latere
2251 765 2383 817 duas
2396 778 2490 818 vo-

1421 851 1511 888 ces
1534 841 1850 903 separandas
1875 854 1939 891 ac
1960 841 2348 906 discernendas,
2377 858 2490 895 cen.

1421 920 1555 970 tinae
1595 935 1665 971 se.
1752 921 2065 986 Amplector
2103 923 2310 973 omnino
2348 923 2488 975 hauc
2561 947 2569 956 ·

1419 995 1883 1063 lectionem.quam
1905 999 2064 1049 etiarn
2087 998 2139 1049 in
2160 999 2292 1050 libro
2313 999 2489 1064 priore

1421 1071 1667 1125 Gudiauo
1704 1081 2006 1127 annotatam
2037 1077 2288 1139 observ03
2320 1085 2379 1128 et
2399 1091 2491 1128 cn-

1412 1150 1501 1215 jus
1538 1152 1721 1202 saltem
1748 1152 2024 1217 vestigium
2064 1152 2324 1217 quoddam
2359 1153 2489 1204 reti-

1423 1239 1588 1276 nuere
1613 1242 1791 1279 omnes
1826 1228 1903 1278 illi
1937 1228 2054 1279 libri
2092 1229 2280 1294 scripti
2316 1236 2372 1280 et
2393 1230 2491 1281 lm-

1422 1302 1610 1367 prcssi,
1643 1304 1731 1369 qni
1763 1305 2010 1355 matinen
2045 1304 2313 1354 exhibent.
2376 1305 2490 1355 Ne-

1424 1380 1699 1431 cessariam
1721 1382 1856 1431 banc
1889 1388 2018 1445 puto
2053 1379 2492 1446 emendationem,

1426 1470 1581 1522 qnam
1604 1471 1669 1506 ex
1691 1457 1926 1524 [ipsiaua
1940 1457 2244 1523 conjectura
2256 1457 2368 1521 jam
2388 1458 2491 1507 eti-

1428 1547 1509 1584 am
1532 1543 1847 1600 receperunt
1871 1535 2084 1586 Hearne
2108 1539 2163 1587 et
2178 1534 2448 1585 Gesner-us
2470 1550 2490 1597 ς

1424 1608 1603 1660 ἄτοπον
1624 1612 1758 1662 enim
1796 1618 1898 1675 est,
1931 1619 1985 1662 et
2013 1611 2256 1675 insolens,
2292 1610 2493 1675 dicere,

1424 1687 1607 1738 labores
1626 1688 1872 1739 continuos
1892 1689 2008 1739 dore
2028 1687 2248 1738 desidie.
2280 1687 2351 1737 Et
2372 1686 2494 1752 quis

1425 1766 1565 1815 serio
1588 1765 1798 1830 dixerit,
1818 1764 2052 1815 homines
2073 1763 2385 1821 desidiosos,
2398 1764 2491 1828 qui

1425 1840 1550 1891 nibil
1571 1847 1751 1907 agunt,
1766 1848 1824 1892 et
1839 1841 1991 1892 otiosi
2007 1842 2211 1906 sedent,
2227 1840 2491 1904 laborare,

1424 1917 1539 1968 sive
1558 1918 1768 1970 labores
1791 1919 1915 1969 dare
1935 1918 2193 1969 desidie?
2245 1918 2367 1969 Hoc
2396 1932 2491 1969 au-

1380 2036 1387 2041 .
1425 2000 1532 2045 tem
1557 2001 1701 2046 recte
1719 1994 1931 2059 dicitur,
1960 1994 1979 2024 ‘
1998 1992 2164 2056 dare,’
2189 1995 2274 2044 vel
2300 2003 2315 2025 ⁸
2330 1992 2492 2045 dede-

1423 2085 1504 2132 re,
1535 2086 1593 2122 se
1618 2073 1854 2138 languori
1876 2079 1930 2123 et
1950 2069 2210 2122 desidiae!
2277 2072 2389 2124 Cic.
2422 2071 2492 2122 de

1424 2147 1583 2200 offic.
1604 2163 1641 2200 1.
1657 2153 1750 2200 84.
1779 2151 1797 2180 4
1815 2149 1945 2200 Cum
1966 2149 2199 2199 relaxare
2222 2149 2418 2199 animos
2435 2156 2496 2199 et

1424 2228 1554 2277 dare
1582 2240 1640 2277 se
1670 2225 1995 2292 jucunditati
2034 2227 2231 2286 volent,
2264 2233 2493 2278 caveant

1422 2304 1899 2368 intemperantiam.
1915 2336 1932 2353 .
1958 2336 1972 2351 .
1996 2334 2012 2351 .
2032 2302 2176 2353 Nihil
2196 2311 2370 2353 autem
2384 2318 2495 2354 tna·

1426 2381 1504 2446 gis
1524 2381 1811 2431 carendum
1836 2386 1919 2430 est
1952 2379 2228 2444 senectuti,
2252 2395 2403 2445 qnam
2424 2395 2495 2432 ue

1426 2457 1662 2522 languori
1684 2471 1742 2508 se
1762 2456 2082 2521 desidiaeque
2104 2456 2300 2507 dedat.'
2350 2457 2492 2509 Plin-

1428 2537 1604 2600 Epist.
1624 2550 1664 2586 1.
1679 2540 1730 2587 2.
1743 2535 1895 2600 dixit,
1917 2537 1933 2563 ‘
1950 2534 2160 2585 desidiae
2175 2534 2498 2587 indm-mire!

1429 2614 1619 2679 Neque
1675 2612 1832 2664 alicui
1896 2613 2195 2677 scrupulum
2261 2621 2492 2672 moveat,

1429 2689 1566 2755 quod
1588 2690 1674 2739 hic
1693 2689 1710 2717 ‘
1730 2689 1938 2739 labores
1956 2687 1974 2712 '
1993 2688 2237 2738 dicantur
2250 2688 2269 2718 ‘
2286 2702 2494 2739 recrea·

1430 2764 1512 2821 ri.’
1533 2780 1649 2817 cum
1671 2765 1799 2815 alias
1814 2764 2075 2815 ordinarie
2097 2765 2115 2794 4
2130 2765 2360 2814 homiues
2378 2764 2395 2787 ’
2415 2765 2494 2815 di·

1429 2849 1615 2892 cantur
1631 2842 1650 2870 4
1665 2856 1730 2892 ex
1753 2841 2014 2891 laboribus
2032 2839 2049 2864 ’
2071 2841 2181 2890 sire
2215 2839 2234 2869 4
2252 2856 2284 2890 a
2305 2841 2497 2892 labori·

1428 2917 1527 2968 bus
1561 2916 1826 2968 recreari!
1893 2918 1992 2967 Est
2013 2916 2117 2967 ista
2144 2919 2497 2982 metonymica

1430 2995 1675 3065 loquendi
1694 2996 1845 3052 ratio,
1870 2993 2076 3061 quaudo
2095 2993 2376 3058 ‘'labores,’
2399 2995 2499 3046 i.e.

1427 3071 1746 3137 laborantes,
1788 3070 2034 3122 dicuntur
2077 3071 2319 3122 recreari.
2405 3072 2497 3124 Sic

1427 3148 1634 3199 Plinius
1671 3148 1861 3213 Major,
1894 3147 2036 3198 Hist.
2070 3149 2198 3200 Nat.
2237 3161 2386 3199 xxu.
2414 3154 2499 3204 16.

1428 3234 1445 3257 ‘
1459 3228 1662 3279 Urticoe
1682 3240 1861 3277 semen
1882 3226 2248 3289 lassitudines,'
2267 3228 2302 3278 i.
2323 3242 2372 3279 e.
2398 3229 2499 3279 ias-

1427 3314 1590 3371 satos,
1621 3310 1639 3338 ‘
1658 3306 1902 3359 recreat?
1953 3364 1958 3371 ,
1989 3306 2141 3359 Idem
2179 3320 2382 3360 xxxvi.
2412 3312 2499 3359 34.

1426 3384 1443 3413 4
1457 3383 1691 3448 Gagates
1716 3384 1849 3449 lapis
1872 3413 1889 3433 .
1911 3391 2119 3434 recreat
2134 3384 2300 3435 vulvae
2326 3391 2500 3435 stran-

1429 3460 1759 3524 gulationes.’
1782 3460 2028 3510 Seleucen.

1495 3535 1642 3585 Caris
1680 3537 1948 3601 exsolutus]
2000 3535 2065 3585 In
2108 3533 2292 3584 codice
2327 3534 2492 3584 Salis·

1428 3611 1690 3677 burgensi,
1724 3619 1780 3662 et
1815 3627 1949 3674 meo,
1994 3610 2297 3661 vocabulum
2342 3612 2494 3677 curis,

1430 3689 1571 3756 qnod
1593 3690 1646 3739 in
1668 3690 1856 3739 ceteris
1878 3688 2022 3738 libris
2043 3688 2276 3738 omnibus
2299 3696 2496 3752 praesto

1429 3773 1530 3824 est,
1568 3766 1930 3829 desideratnr;
1975 3772 2253 3829 praeterea‚
2293 3779 2396 3816 nou
2441 3766 2498 3817 iu

1427 3845 1509 3894 his
1548 3847 1731 3902 solum,
1773 3843 1866 3894 sed
1926 3843 2088 3893 etiam
2144 3843 2196 3892 in
2240 3838 2495 3895 Vaticano

1429 3925 1578 3972 3461.
1608 3927 1663 3971 et
1696 3921 1975 3978 Patavina,
2002 3933 2097 3984 pro
2126 3920 2383 3976 exsolutus,
2416 3920 2494 3969 iu-

1429 3999 1565 4049 scite
1609 3998 1863 4062 scriptum
1907 4004 1989 4047 est
2027 3995 2256 4046 exsolutis
2265 4010 2287 4053 ,-
2330 4009 2494 4061 qusu-

1430 4088 1586 4140 quam
1608 4074 1661 4124 in
1681 4071 2068 4137 salisburgensi
2100 4071 2166 4121 ab
2205 4069 2306 4120 alia
2338 4084 2495 4122 mauu

1428 4156 1708 4216 utrumque
1746 4149 1987 4210 mendum
2024 4154 2106 4198 est
2143 4146 2497 4198 emendatum.

1429 4227 1644 4293 Solutus,
1668 4227 1780 4279 sive
1802 4226 2043 4278 exsolutus
2060 4223 2208 4290 caris,
2230 4229 2330 4285 est,
2351 4223 2494 4274 curis

1427 4305 1709 4372 relevatus,
1741 4304 1852 4357 sive
1883 4302 2151 4355 liberatus.
2214 4299 2304 4353 Sic
2321 4299 2493 4351 Tacit.
