3017 4942
461 367 598 435 500

471 532 666 592 gestas,
690 525 879 589 diguus
898 523 1061 576 fuerit
1089 522 1178 589 qui
1218 523 1531 587 triumphas·

470 612 572 660 set,
595 604 635 652 si
656 604 864 668 quidem
889 617 997 652 mos
1019 601 1201 651 liberae
1227 599 1531 663 reipublicae

472 679 641 729 adbuc
674 677 797 728 dum
837 677 1120 740 viguisset3
1156 677 1256 733 vel,
1288 676 1409 740 quia
1441 676 1533 724 tri·

1168 378 1387 428 NOTAE
1415 370 1779 429 ,VARloRU
1792 376 1842 424 M
1892 375 1974 425 IN

1611 520 1804 582 tlanus,
1847 520 2002 569 etiam
2048 519 2103 569 in
2147 516 2406 584 triumpho
2447 516 2673 580 mimico,

1605 596 2003 662 haudquaquam
2028 610 2207 645 currus
2233 595 2426 651 inanes,
2449 594 2557 642 sive
2580 608 2669 644 va'-

1609 684 1749 734 crios,
1770 673 1862 721 sed
1886 671 2061 735 spoliis
2084 670 2484 735 provinciarum,
2506 675 2560 718 et
2578 683 2669 718 ex·
2725 732 2730 735 -

469 754 737 819 umphalia
767 750 1023 803 duntaxat
1056 760 1363 802 ornamenta
1396 752 1532 802 obti-
1601 757 1748 801 torto
1769 749 1919 799 sociis
1936 763 2080 805 auro,
2103 746 2491 811 simulacrisque
2519 744 2667 795 falsae

467 833 672 893 nuerit3
706 829 844 880 unde
874 836 929 879 et
961 836 1078 894 post
1114 837 1332 878 mortem
1361 843 1391 877 a
1424 826 1532 877 filio

466 908 784 971 imperatore
827 913 999 956 statua
1045 905 1342 969 triumphali
1379 905 1532 955 deco·

467 993 612 1033 ratus
657 990 757 1034 est.
821 983 903 1032 De
945 982 1338 1046 triumphalibus
1382 996 1530 1032 orna-

466 1060 660 1110 mentis
687 1059 804 1109 vide
828 1057 966 1109 iufra
987 1059 1051 1109 ad
1089 1070 1335 1108 Lxxxrx.
1367 1063 1417 1108 3.
1443 1073 1531 1107 an-

466 1143 666 1186 notata.
693 1136 845 1185 Idem.

432 1218 439 1229 ‘
464 1242 475 1249 ·
530 1212 617 1260 Ex
637 1210 876 1261 occasione
894 1210 1045 1274 omni]
1068 1211 1297 1261 Videtur
1319 1211 1531 1262 obstare

462 1284 653 1337 Diouis
691 1289 852 1350 locus,
884 1301 986 1351 quo
1017 1287 1200 1348 tradit,
1220 1287 1530 1351 ‘Trajanum

463 1364 854 1428 expeditionem
893 1362 1078 1414 fecisse
1120 1364 1392 1414 adversum
1431 1363 1531 1414 Ar-

461 1442 663 1493 menios
696 1450 751 1492 et
778 1441 1015 1498 Parthos,
1038 1442 1134 1492 sub
1174 1442 1371 1505 specie,
1392 1443 1531 1507 quod

462 1518 829 1568 Armeniorum
867 1533 963 1568 rex
997 1517 1241 1569 diadema
1271 1533 1373 1568 nou
1399 1534 1428 1568 a
1451 1534 1530 1583 se,

467 1594 561 1645 sed
605 1610 632 1643 a
678 1609 802 1658 rege
838 1595 1149 1645 Parthorum
1182 1595 1433 1659 cepisset,
1470 1609 1528 1646 re

465 1677 638 1720 autem
663 1686 786 1720 vera
809 1670 1054 1736 cupidine
1077 1671 1272 1734 gloriae,
1295 1671 1390 1720 uisi
1422 1670 1526 1721 fac

462 1753 572 1796 tum
614 1754 731 1811 post
765 1749 900 1797 hanc
941 1745 1325 1796 laudationem.’
1390 1748 1528 1798 Vide

461 1825 792 1887 perstrictam
831 1824 1158 1875 ambitionem
1191 1829 1247 1872 et
1268 1824 1408 1872 omui
1442 1840 1527 1875 oc-

414 1961 418 1965 ·
461 1901 669 1950 casione
716 1901 1033 1964 triumphum
1066 1899 1344 1964 quaerentis
1385 1900 1526 1964 apud

459 1974 702 2027 Juvenal.
727 1976 836 2026 Sat.
860 1990 920 2025 x.

531 2052 727 2101 Certum
759 2052 1011 2117 triumphi]
1053 2052 1142 2103 Ita
1178 2058 1324 2102 recte
1363 2052 1525 2118 scrip-

463 2136 574 2179 tum
599 2130 816 2192 legimus
856 2130 908 2178 in
946 2129 1065 2179 cod.
1102 2122 1277 2178 Vat'ic.
1302 2130 1364 2179 R.
1389 2130 1528 2180 A.'u.

460 2209 611 2256 1475.
634 2212 690 2255 et
705 2206 764 2254 in
778 2205 968 2255 codice
988 2206 1291 2255 Parisieusi.
1354 2207 1525 2259 Taceo

457 2283 623 2334 libros
663 2286 802 2349 typis
837 2299 1067 2335 excusos.
1137 2283 1360 2337 Quidam
1402 2299 1526 2336 vero

459 2361 668 2411 codices
699 2362 827 2411 Mss.
853 2375 1038 2426 nempe
1063 2361 1351 2411 Vaticanus
1376 2364 1525 2412 1776.

456 2438 715 2499 Venetus,
733 2444 788 2488 et
811 2445 1008 2502 noster,
1031 2451 1308 2501 perperam
1331 2438 1525 2488 babent

457 2520 615 2564 certus
669 2515 918 2578 triumphi.
997 2514 1225 2578 Longius
1283 2514 1526 2565 aberrant

413 2600 417 2604 '
455 2590 723 2655 Vaticani,
761 2605 814 2640 n.
854 2593 1000 2640 1775.
1041 2584 1095 2659 e't
1129 2593 1276 2640 3461.
1309 2591 1432 2640 item
1464 2597 1525 2641 et

458 2666 976 2733 Guelplierbytanus,
990 2667 1080 2732 qui
1096 2665 1330 2737 referunt
1345 2673 1527 2718 certum

454 2743 781 2806 triumphum3
813 2743 910 2792 nisi
948 2742 1194 2807 opineris,
1229 2743 1348 2792 hinc
1385 2744 1526 2813 esici-

456 2823 597 2874 disse
623 2824 835 2874 verbum
859 2830 1122 2888 reportare,
1138 2823 1418 2887 promereri,
1442 2824 1526 2873 vel

455 2900 642 2951 simile.
679 2903 961 2952 structura
985 2901 1261 2950 verborum
1287 2901 1400 2950 baec
1425 2906 1527 2958 est,

454 2991 683 3039 magnum
703 2983 793 3038 est,
814 2982 942 3026 stare
958 2975 1013 3025 in
1034 2976 1254 3026 Danubii
1271 2976 1401 3039 ripa,
1424 2989 1525 3026 cer-

457 3057 558 3101 tum
587 3053 833 3116 triumphi,
857 3053 892 3101 i.
914 3067 962 3103 e.
986 3067 1099 3101 cum
1133 3060 1306 3102 certus
1330 3052 1401 3105 sis
1437 3052 1528 3102 tri·

453 3127 647 3190 umphi,
668 3127 714 3176 si
735 3135 971 3177 transeas.
1001 3127 1330 3177 Tralatitium
1351 3136 1524 3178 autem

456 3213 559 3264 est,
580 3218 759 3255 vocem
784 3202 800 3229 ⁴
820 3203 1017 3253 certus’
1045 3203 1324 3253 admittere
1348 3218 1525 3255 casum

455 3280 705 3342 giguendi
729 3295 746 3340 ;
772 3288 925 3344 prout
942 3280 1078 3329 idem
1096 3280 1238 3329 Plin.
1255 3280 1425 3344 Epist.
1445 3293 1525 3330 rx.

453 3360 504 3407 8.
528 3357 794 3422 loquitur:
831 3359 848 3387 ‘
867 3364 1045 3407 certus
1066 3356 1392 3419 posteritatis
1407 3372 1526 3407 cum

453 3431 632 3482 futura
654 3432 818 3496 gloria
840 3432 1004 3482 vivit!
1051 3434 1120 3482 Et
1139 3433 1310 3483 Tacit.
1331 3432 1523 3486 Auual.

456 3504 583 3558 Σίν.
615 3512 696 3557 36.
727 3515 747 3536 ⁴
768 3510 957 3560 Certus
992 3515 1212 3559 eventus
1245 3510 1524 3562 Suetonius

453 3583 617 3634 dabat
646 3598 832 3648 pugnae
857 3585 1096 3648 siguum.'
1119 3586 1363 3638 Schwarz.
1438 3633 1442 3636 Α

517 3659 746 3710 Mimicos
777 3662 970 3725 currus]
1014 3662 1079 3712 In
1116 3663 1336 3714 Excurs.
1375 3677 1523 3717 xxn.

450 3735 586 3786 hanc
597 3738 902 3800 scripturam
919 3740 1111 3789 asserui
1126 3739 1299 3790 Plinio
1315 3756 1332 3803 ς
1370 3756 1524 3806 quam

453 3816 610 3865 etiam
635 3830 700 3864 ex
726 3815 1178 3868 observationibus
1202 3818 1392 3868 uostris
1417 3835 1523 3869 am-

455 3889 639 3954 plexus
673 3896 757 3952 est
792 3891 862 3940 cl.
889 3891 1171 3941 Gesnerus.
1238 3893 1410 3956 Vulgo
1448 3895 1522 3942 le-

453 3963 675 4027 gebatur
695 3980 787 4014 non
809 3965 975 4016 inanes
995 3983 1163 4017 currus
1178 3983 1199 4025 ‚-
1228 3983 1342 4033 quse
1365 3970 1524 4019 lectio

454 4053 525 4088 ex
541 4040 748 4103 iugenio
770 4055 967 4107 eorum,
989 4045 1077 4109 qui
1102 4044 1330 4107 antiquae
1356 4046 1523 4108 scrip-

457 4123 588 4167 turae
617 4117 836 4181 vestigia
857 4134 959 4168 non
988 4129 1109 4169 suut
1140 4121 1382 4181 assecuti,
1404 4136 1524 4184 pro-

460 4199 638 4256 gnata,
659 4191 794 4242 haud
833 4194 959 4242 satis
1000 4208 1293 4257 congruere
1319 4196 1523 4245 videtur

455 4267 734 4318 sententiae
762 4268 1016 4318 Plinianae
1038 4284 1053 4329 3
1087 4283 1171 4334 eo,
1191 4270 1332 4334 quod
1350 4271 1522 4321 Domi-

1606 827 1861 884 victoriae‚
1883 836 2114 876 onustos.
2142 824 2365 874 deduxit
2390 825 2439 872 in
2464 824 2667 875 urbem.

1606 903 1828 952 Veteres
1863 903 2094 963 codices,
2117 907 2369 966 quotquot
2409 901 2668 950 consului-

1605 993 1737 1043 mus,
1781 987 1836 1029 et
1874 979 2106 1029 nonnulli
2141 978 2259 1027 libri
2303 978 2553 1041 impressi,
2592 986 2667 1026 'ex

1606 1056 1929 1119 ignoratione
1950 1056 2247 1107 vetustioris
2267 1055 2368 1105 scri
2376 1062 2563 1118 pturae‚
2577 1054 2669 1104 ha—

1606 1132 1801 1183 bebant
1824 1133 2038 1183 inimicos
2057 1147 2243 1182 currus.
2308 1131 2371 1182 In
2408 1132 2518 1181 solo
2552 1145 2671 1180 meo

1607 1209 1786 1259 codice
1832 1210 1999 1260 adhuc
2055 1209 2372 1274 inquinatius
2415 1209 2669 1272 scriptum

1606 1294 1689 1336 est
1726 1288 1914 1352 iniquos
1945 1303 2127 1338 curvas.
2197 1287 2453 1336 Dicuntur
2493 1292 2669 1334 autem

1606 1362 1622 1391 ‘
1638 1363 1829 1413 mimici
1853 1363 2073 1425 currusss
2096 1363 2184 1429 qui
2209 1363 2273 1413 ad
2297 1363 2525 1427 'speciem
2549 1377 2669 1412 cur·

1608 1453 1753 1487 ruum
1780 1454 1901 1489 vere
1928 1439 2315 1505 triumphalium
2350 1439 2473 1489 ficte
2506 1452 2669 1546 appa

1606 1516 1871 1566 rebantur.
1895 1518 2047 1567 Idem.
2354 1542 2360 1546 >

1609 1614 1614 1621 ·
1670 1592 1894 1642 Mimicos
1905 1594 2100 1657 curras]
2114 1593 2291 1642 Inanes
2311 1607 2495 1642 currus·
2523 1592 2668 1647 Sed

1602 1667 1819 1718 inimicos
1835 1672 1901 1720 V.
1923 1669 2075 1727 forte,
2089 1671 2319 1721 mimicos.
2345 1670 2516 1721 Liviu.
2553 1669 2668 1734 Op·

1604 1745 1750 1794 time.
1776 1746 2019 1796 Rittersh.

1669 1823 1893 1873 Mimicos
1921 1825 2119 1890 currus]
2145 1823 2668 1873 Inanescmrus.1te-

1602 1913 1714 1949 rum
1739 1899 1851 1949 b‘oec
1889 1901 1939 1950 in
1966 1900 2545 1951 Domitianum.1nanes
2575 1907 2666 1948 au·

1604 1984 1707 2026 tem
1724 1978 1901 2040 spoliis
1918 1992 2124 2027 vacuos.
2155 1976 2492 2040 Propertius:
2512 1977 2528 2004 ‘
2547 1975 2670 2027 Qua

1601 2054 1806 2105 videam
1841 2057 2022 2120 spoliis
2057 2061 2270 2105 onerato
2293 2053 2514 2103 Caesaris
2549 2067 2668 2116 axe,

1602 2130 1687 2180 Ad
1727 2132 1867 2195 vulgi
1902 2134 2110 2194 plausus
2151 2145 2293 2195 saepe
2332 2130 2578 2183 resistere
2605 2144 2667 2178 e·

1601 2205 1764 2271 quos-³
1832 2208 2012 2257 Possis
2036 2219 2091 2258 et
2115 2208 2352 2257 universe
2378 2204 2574 2256 referre
2601 2204 2667 2257 ad

1600 2298 1800 2348 currus,
1826 2285 2047 2349 quicum
2068 2285 2243 2350 spoliis
2267 2283 2437 2332 solent
2454 2282 2667 2346 praeire,
2727 2342 2738 2349 ‚

1604 2362 1786 2424 grandi
1810 2376 2044 2412 numero.
2109 2361 2243 2410 Vide
2269 2361 2411 2410 Plut.
2432 2360 2486 2409 in
2508 2360 2667 2408 AEmi-

1604 2437 1693 2487 lie.
1720 2437 1863 2502 Lips-

1638 2513 1868 2563 Mimicos
1879 2512 2073 2576 currus]
2104 2515 2282 2564 [nunes
2297 2528 2481 2565 currus.
2509 2515 2665 2572 Sunt,

1600 2589 1688 2653 qui
1719 2590 2047 2642 substituunt
2080 2593 2330 2652 mimic083
2365 2592 2455 2642 sed
2480 2607 2547 2642 ex
2580 2608 2667 2642 sn-

1602 2681 1882 2732 pervacuo,
1896 2683 2011 2718 nam
2031 2669 2155 2719 illud
2170 2671 2387 2720 inimicos
2399 2671 2666 2728 librorum,

1600 2751 1777 2793 natum
1802 2751 1885 2795 est
1904 2754 2051 2797 certe
2076 2762 2106 2796 a
2129 2748 2317 2809 glossa.
2345 2748 2545 2796 Gruter.
2605 2776 2611 2785 ·

1669 2821 1785 2870 Non
1801 2822 1988 2886 inanes]
2025 2823 2197 2873 Notat
2235 2822 2438 2873 Plinius
2464 2834 2665 2873 rursum

1601 2895 1915 2960 triumphum
1962 2894 2264 2961 Domitiani,
2303 2899 2367 2948 de
2401 2914 2505 2963 quo
2533 2900 2665 2951 dixi·

1600 2985 1714 3020 mus
1734 2985 1850 3036 cap.
1873 2987 1956 3023 xr-
1978 2982 2068 3023 aut
2084 2975 2224 3024 illum
2243 2975 2485 3035 Neronis,
2505 2989 2669 3040 quan-

1601 3045 1689 3108 do,
1733 3047 1871 3097 foede
1910 3049 1963 3099 in
2002 3048 2175 3114 fugam
2217 3065 2367 3100 verso
2398 3052 2666 3102 aParthis

1604 3123 1862 3173 Ceseuuio
1898 3127 2070 3188 Paeto,
2099 3128 2275 3176 Romae
2317 3135 2485 3176 tamen
2524 3127 2667 3177 ‘tro-

1602 3212 1719 3262 paea
1739 3199 1806 3248 de
1830 3201 2061 3261 Parthis,
2083 3217 2356 3267 arcusque,
2375 3202 2546 3253 medio
2565 3204 2665 3253 Ca·

1603 3276 1805 3338 pitolini
1829 3279 2019 3327 montis
2043 3278 2397 3337 sistebautur,'
2416 3282 2516 3329 ὅτε.
2562 3279 2668 3328 Ta-

1602 3355 1691 3404 cit.
1720 3355 1908 3403 Annal.
1929 3370 2028 3405 xv.
2055 3357 2274 3407 Pater-ol.

1636 3430 1906 3481 Simulacra
1923 3433 2158 3496 victorie]
2173 3433 2352 3498 Spolia
2369 3447 2556 3497 nempe
2568 3449 2669 3484 οω-

1601 3519 1775 3555 sorum
1801 3507 2043 3569 bostium,
2064 3515 2119 3556 et
2139 3509 2260 3569 alia,
2280 3523 2395 3573 quae
2409 3509 2461 3557 iu
2484 3509 2667 3560 trium-

1601 3582 1707 3645 pho
1725 3582 2069 3633 ducebantur.
2104 3583 2331 3647 Insignis
2347 3584 2489 3634 locus
2512 3586 2665 3636 Cice-

1601 3659 1741 3709 ronis
1760 3660 1972 3709 Orat-iu
1988 3660 2165 3710 Pison.
2180 3662 2383 3724 singula
2404 3662 2667 3726 complec-

1603 3735 1759 3784 titur:
1795 3736 1811 3763 ⁴
1832 3734 2067 3784 Disseres
2086 3735 2152 3784 de
2176 3735 2458 3798 triumpho.
2522 3737 2666 3788 Quid

1601 3810 1807 3861 tandem
1821 3812 1979 3862 habet
1991 3813 2095 3862 iste
2110 3827 2293 3865 currus
2310 3813 2328 3862 ἓ
2350 3813 2489 3864 Quid
2507 3815 2667 3864 simu-

1599 3888 1740 3937 lacra
1763 3889 2110 3951 oppidorum?
2154 3888 2293 3941 Quid
2314 3904 2515 3947 aurum,
2537 3892 2666 3956 quid

1600 3965 1908 4026 argentum?
1944 3965 2082 4016 Quid
2123 3965 2279 4029 legati
2320 3967 2373 4015 iu
2407 3969 2571 4031 equis,
2608 3976 2666 4024 et

1602 4042 1831 4092 tribuni?
1857 4042 1871 4065 '
1907 4045 2043 4095 Vide
2082 4045 2301 4096 Oaesaris
2343 4046 2661 4112 triumphum

1601 4134 1683 4183 ap.
1709 4120 1847 4169 Flor·
1870 4136 1949 4170 ιν.
1976 4127 2025 4171 2.
2049 4122 2202 4172 Idem.

1663 4195 1932 4244 Simulacra
1948 4197 2183 4260 victorioe]
2205 4196 2461 4259 Imagines
2486 4206 2538 4248 et
2556 4199 2662 4261 icos

1599 4270 1750 4321 uisuri
1767 4285 2074 4336 pugnarum,
2092 4289 2205 4338 quae
2224 4274 2275 4322 iu
2292 4272 2665 4338 ferculis.Lips.
