3017 4942
815 384 878 432 0.
925 379 1169 431 Phlnu
1219 378 1557 430 8301]an
1610 378 1888 430 PANEG.

376 527 552 578 uxoris
598 524 857 577 Hadriani
901 523 1233 591 imperatoris
1274 536 1442 575 soror.

374 604 538 653 Livia.
1078 609 1082 612 ·

440 679 614 743 Soror]
647 679 929 740 Marciana,
969 694 1086 745 quas
1119 686 1293 730 tamen
1316 684 1440 729 ante

372 758 699 806 consulatum
720 756 937 819 Trajani
972 762 1176 805 sextum
1199 756 1351 819 obiit,
1382 762 1440 806 ut

372 844 440 882 ex
486 832 688 883 fornice
728 832 1062 882 Anconitano
1104 839 1335 893 constat,
1387 833 1439 881 in

372 922 475 972 quo
498 908 713 970 legitur,
730 920 922 957 mvsa.
935 918 1284 957 usnemun.
1300 919 1439 958 Avo.

370 997 591 1034 sonem.
627 998 761 1034 Ave.
827 984 963 1033 Nam
997 985 1013 1012 ‘
1040 983 1225 1033 Divae’
1258 985 1438 1048 appel-

369 1063 498 1112 latio
522 1072 773 1113 mortuam
794 1067 962 1124 notat,
986 1066 1040 1111 et
1062 1070 1437 1112 consecratam.

371 1139 513 1204 Lips.

365 1222 374 1227 ’
438 1215 611 1278 Soror]
651 1214 941 1275 Marciana,
961 1218 1218 1277 spectatae
1257 1212 1437 1263 mode·

367 1292 585 1340 rationis
611 1300 866 1354 matrona,
895 1291 1045 1354 cujus
1068 1304 1255 1340 nomen
1288 1291 1435 1340 colli·

367 1369 509 1432 gitur
534 1382 599 1417 ex
624 1382 747 1418 arcu
772 1367 1073 1431 triumphali
1093 1367 1435 1432 Anconitauo,

365 1447 458 1496 'ubi
481 1447 687 1510 legitur,
709 1458 903 1496 mvsa.
925 1457 1279 1495 mancusas..
1302 1457 1433 1495 Avo.

366 1535 589 1572 soRom.
611 1535 740 1572 Ave.
805 1521 978 1584 Hujus
1008 1519 1116 1571 filia
1139 1518 1239 1569 fuit
1273 1520 1433 1570 Mati·

365 1600 473 1660 dia,
519 1598 748 1656 Sabinas,
794 1597 1053 1648 Hadriani
1099 1596 1432 1661 imperatoris

363 1678 618 1740 conjugis,
641 1683 825 1726 mater.
860 1676 1081 1725 Putat-ol.

430 1755 583 1805 Soror
625 1753 733 1817 tua]
788 1754 951 1804 Dicta
1004 1757 1088 1802 est
1139 1752 1430 1818 Marciana,

363 1831 511 1893 cujus
533 1832 927 1892 monimentum,
956 1829 1010 1878 in
1036 1829 1197 1879 ruinis
1232 1837 1427 1880 castro·

361 1919 477 1956 rum
512 1907 724 1968 Traiani
756 1906 983 1956 Warhel.
1026 1913 1311 1972 repertum,
1345 1921 1426 1956 re·

356 1979 466 2031 fert
504 1983 765 2034 Gruterus
803 1983 857 2033 iu
897 1981 1005 2047 Op·
1033 1981 1280 2047 Inscript.
1302 1997 1426 2048 pag.

362 2070 612 2110 xxxxvr.
633 2065 682 2110 l.
1107 2090 1111 2094 -

652 2150 784 2187 neo.
849 2149 1101 2187 nnucvu

652 2225 785 2262 PRO.
851 2225 1059 2261 saum

652 2302 797 2338 mvi·-
856 2292 1098 2339 'rasum

647 2377 904 2414 Avevs'rr.
968 2376 1037 2414 m·

653 2455 993 2492 usnemun

646 2530 895 2568 sonoms.
962 2518 1182 2568 Avcusti

643 2606 907 2645 comma.
970 2607 1080 2644 nac

732 2685 968 2722 sansnz.

352 2752 538 2806 Miror,
575 2750 625 2799 in
663 2750 759 2798 hoc
788 2749 1112 2799 monimento
1135 2759 1235 2796 non
1261 2747 1416 2797 etiam

352 2829 453 2889 legi
480 2841 663 2877 nomen
689 2827 935 2889 Plotiuae,
967 2825 1139 2875 uxoris
1162 2825 1416 2888 Augustas

345 2903 599 2966 Trajani3
635 2918 751 2952 cum
799 2911 973 2953 tamen
1020 2908 1245 2963 constet,
1285 2903 1415 2951 lianc

319 3002 324 3006 ·
350 2979 701 3041 supervixisse
724 2979 1022 3028 Marciana».
1089 2979 1169 3028 De
1192 2986 1415 3043 utraque

348 3053 486 3104 forte
531 3057 682 3119 plura
724 3054 895 3104 dicam
941 3054 1003 3103 ·in
1059 3054 1414 3117 explicatione

348 3146 673 3181 nummorum
718 3138 973 3191 veterum,
1026 3130 1129 3179 huc
1173 3139 1415 3192 spectan-

348 3207 498 3256 tium.
562 3209 812 3257 Ceterum
856 3209 1024 3256 adhuc
1064 3215 1315 3256 annotare
1353 3206 1413 3255 li·

347 3283 458 3340 bet,
497 3284 548 3350 in
573 3283 755 3334 codice
778 3282 1162 3345 Salisburgeusi
1194 3288 1249 3331 et
1275 3296 1413 3345 meo,

345 3362 567 3423 propter
589 3372 871 3424 pronomen
887 3364 989 3421 tae,
1013 3359 1092 3408 his
1115 3364 1412 3417 occurrens,

344 3437 789 3500 negligentissime
814 3437 1009 3486 omissa
1043 3448 1160 3486 esse
1195 3450 1414 3501 sequen·

346 3513 425 3563 tia
457 3513 634 3573 verba,
666 3518 721 3562 ut
741 3527 794 3562 se
810 3527 1018 3562 sororem
1037 3526 1135 3562 esse
1155 3513 1414 3564 meminit!

343 3594 399 3638 at
420 3588 471 3637 in
492 3590 577 3638 illa
595 3596 679 3638 tua
691 3605 712 3649 ς
735 3588 873 3638 unde
891 3588 1064 3639 denuo
1086 3589 1410 3654 patet,-quod

336 3665 449 3728 jam
467 3665 590 3714 alibi
603 3665 734 3725 dixi,
745 3670 1015 3730 utrumque
1030 3666 1168 3716 hunc
1178 3665 1411 3716 codicem

346 3740 491 3790 velut
535 3755 601 3790 ex
640 3755 743 3790 uno
787 3739 935 3790 fonte
958 3738 1173 3792 fluxisse
1212 3741 1409 3805 videri3

345 3828 643 3880 quanquam
701 3818 915 3882 antiqua
962 3831 1143 3867 manus
1188 3819 1412 3883 margini

341 3895 537 3945 codicis
582 3893 990 3956 salisburgensis
1032 3894 1192 3944 verba
1221 3896 1411 3947 omissa

341 3971 661 4037 postliminio
685 3970 960 4035 adjecerit.
992 3970 1233 4025 Schmun.

407 4048 513 4096 Tua
542 4045 852 4109 simplicitas]
885 4047 902 4074 ‘
924 4046 1272 4110 Simplicitas’
1303 4048 1410 4114 hic,

339 4132 401 4175 ut
422 4125 616 4189 saepius
639 4122 777 4188 apud
801 4122 1045 4185 Plinium,
1069 4123 1122 4173 iu
1138 4125 1292 4174 laude
1317 4141 1412 4189 po·

340 4201 485 4251 nitur
499 4214 594 4264 pro
607 4199 926 4263 sinceritate,
947 4205 1002 4249 et
1017 4201 1187 4250 animo
1203 4210 1410 4267 aperto,

337 4291 508 4343 coque
565 4275 731 4328 omnis
786 4274 1003 4340 fraudis,
1052 4275 1408 4343 malignitatis,

1966 381 2014 429 1.
2059 364 2174 432 84.
2412 365 2588 432 1031

1514 523 1849 585 adulationis,
1873 531 1929 576 et
1947 514 2385 583 dissimulationis,
2408 538 2590 575 vacuo.

1517 602 1608 653 Sic
1631 603 1828 652 Noster
1846 618 2025 667 supra,
2040 617 2162 653 mv.
2186 610 2239 654 5.
2262 604 2277 631 ‘
2296 604 2450 653 Hanc
2468 603 2591 653 sim-

1518 679 1748 744 plicitati
1777 687 1880 729 ture
1913 679 2226 745 veritatique
2262 679 2481 742 gratiam
2506 694 2589 728 re-

1519 755 1696 816 laturi,
1715 762 1773 805 ut
1797 760 1869 819 te,
1891 769 2007 820 quae
2033 756 2129 810 vis,
2153 756 2320 818 velle3
2345 770 2460 821 quae
2483 771 2594 820 non,

1519 830 1615 893 vis,
1654 832 1810 894 nolle,
1849 830 2162 883 credamus.'
2230 831 2309 882 Ad
2334 846 2484 898 quem
2510 833 2586 882 lo-

1515 921 1631 957 cum
1657 907 1774 958 vide
1798 915 1972 958 uotam
1995 916 2240 958 nostram.
2295 909 2586 973 conjungit

1514 984 1613 1034 hoc
1655 986 1770 1035 loco
1804 986 2003 1035 Plinius
2043 994 2149 1037 tres
2184 987 2332 1037 unius
2374 988 2580 1050 generis

1513 1061 1755 1118 virtutes,
1806 1063 1823 1091 ‘
1861 1058 2284 1126 simplicitatem,’
2338 1063 2354 1091 ‘
2392 1065 2584 1115 verita·

1514 1135 1660 1194 tem,’
1684 1143 1739 1186 et
1759 1137 1777 1165 ‘
1801 1136 2077 1188 candorem
2095 1138 2130 1201 ς’
2164 1154 2290 1204 quas
2314 1149 2581 1202 cognatas,

1512 1221 1568 1262 et
1589 1223 1656 1262 ex
1684 1213 1865 1262 eodem
1899 1212 2046 1264 fonte
2075 1215 2396 1265 sinceritatis
2418 1215 2582 1266 fluen-

1512 1294 1591 1338 tes
1614 1290 1832 1340 virtutes
1854 1289 2068 1341 difficile
2093 1299 2172 1341 est
2204 1300 2449 1342 accurate
2475 1293 2581 1343 dis-

1512 1365 1770 1429 tinguere.
1862 1367 1950 1416 Sic
2015 1368 2223 1417 easdem
2289 1369 2448 1417 etiam
2516 1382 2582 1421 ιι.

1506 1450 1561 1495 9.
1604 1444 1913 1509 conjunxit:
1962 1451 1980 1476 ‘
2019 1444 2202 1495 Habet
2249 1447 2581 1508 avunculum,

1507 1521 1569 1570 C.
1593 1522 1901 1584 Septicium,
1938 1535 2041 1585 quo
2069 1520 2194 1569 nibil
2229 1520 2418 1580 verius,
2452 1522 2579 1569 nihil

1504 1598 1809 1662 simplicius,
1834 1598 1957 1647 nihil
1981 1596 2277 1652 candidius,
2298 1595 2423 1645 nihil
2446 1595 2575 1646 fide·

1505 1673 1804 1732 lius,-novi.'
1841 1675 1996 1724 Idem.

1569 1751 1798 1816 Iastitai]
1855 1749 2008 1804 Quod
2066 1749 2119 1800 in
2165 1762 2331 1799 uxore
2376 1748 2574 1800 evenit.

1501 1827 1644 1891 Lips.

1567 1904 1704 1955 Bene
1721 1904 1939 1969 institui]
1965 1902 2317 1954 communiter
2331 1915 2458 1951 vero
2480 1899 2572 1952 ob-

1501 1980 1657 2038 tinet,
1691 1982 1709 2010 ‘
1746 1982 1887 2031 Talis
1925 1987 2008 2030 est
2043 1980 2155 2044 quis
2190 1993 2418 2044 semper,
2455 1979 2570 2042 ejus

1500 2061 1668 2125 qualis
1691 2058 1973 2117 educatio,’
2005 2065 2060 2109 et
2093 2058 2287 2108 oraculi
2320 2059 2434 2108 loco
2458 2057 2582 2108 dic··

1499 2141 1632 2198 tum,
1653 2135 1671 2163 ‘
1689 2136 1959 2186 Institutio
1986 2133 2210 2192 erudita,
2233 2134 2339 2183 vita
2362 2147 2570 2196 prorsus

1498 2213 1702 2264 altera-³
1752 2214 1902 2266 Adde
1935 2220 2045 2264 not.
2071 2214 2283 2265 Gruter.
2309 2213 2362 2262 in
2386 2213 2501 2263 Liv.
2529 2226 2568 2262 r.

1502 2294 1588 2340 29.
1625 2292 1780 2341 Bern-

1559 2368 1642 2417 An
1659 2366 1878 2428 feliciter
1913 2367 2068 2430 nasci]
2125 2367 2340 2429 Fateor,
2369 2366 2420 2414 in
2456 2379 2564 2414 om·

1496 2442 1646 2491 nibus
1670 2443 2052 2506 exemplaribus
2076 2441 2300 2498 excusis,
2325 2455 2421 2504 pro
2447 2455 2561 2503 par·

1496 2517 1654 2568 ticula
1690 2535 1770 2575 an,
1805 2518 2070 2582 hucusque
2111 2518 2406 2580 evulgatum
2448 2533 2564 2566 csse

1492 2602 1597 2646 aut.
1667 2597 1875 2661 Neque,
1900 2611 2014 2644 cum
2041 2596 2260 2659 primum
2288 2595 2562 2658 proderem

1493 2675 1903 2725 Observationes
1926 2690 2089 2737 meas,
2123 2675 2273 2723 aliter
2306 2673 2559 2736 scriptum

1491 2744 1545 2801 in
1582 2751 1850 2802 codicibus
1886 2765 2038 2800 mann
2074 2750 2304 2799 exaratis
2344 2750 2562 2798 inuene-¹

1491 2843 1622 2879 rani.
1686 2829 1971 2892 Postquam
2012 2840 2203 2875 vero-e
2240 2825 2557 2875 bibliotheca

1488 2904 1745 2954 Vaticana
1786 2902 2140 2967 apographum
2176 2900 2372 2951 codicis
2408 2903 2558 2950 3461.

1488 2988 1672 3030 nactus
1694 2993 1826 3038 sum,
1858 2979 1944 3043 qui
1979 2978 2051 3027 ibi
2082 2972 2272 3026 ceteris
2295 2976 2561 3041 antiquior

1488 3059 1772 3124 meliorque
1806 3057 2061 3118 habetur-3
2097 3055 2275 3120 utique
2313 3068 2416 3122 non
2452 3059 2558 3116 aut,

1487 3135 1581 3185 sed
1603 3151 1666 3184 an
1690 3135 1937 3198 scriptum
1964 3131 2153 3195 reperi.
2220 3132 2406 3181 Utrum
2433 3145 2560 3182 vero

1487 3213 1646 3263 etiam
1680 3212 1729 3261 in
1759 3210 1954 3260 ceteris
1979 3208 2142 3258 tribus
2165 3206 2431 3257 codicibus
2451 3208 2559 3257 Va-

1487 3288 1676 3338 ticanis
1702 3287 1814 3351 pari
1839 3284 1991 3335 modo
2010 3284 2262 3348 scriptum
2281 3285 2350 3334 sit
2370 3299 2451 3346 aa,
2475 3293 2557 3335 as-

1488 3372 1730 3416 severare
1764 3378 1868 3413 non
1900 3377 2108 3428 possum
2128 3372 2151 3425 ;‘
2174 3375 2467 3426 quanquam
2492 3363 2557 3424 is,

1486 3442 1574 3507 qni
1617 3440 1974 3505 apographum
2027 3438 2419 3488 accuratissime
2463 3436 2554 3486 de-

1489 3517 1741 3581 scriptum
1779 3515 2004 3566 contulit
2037 3528 2158 3564 cum
2193 3514 2306 3562 istis
2344 3513 2557 3578 reliquis

1486 3593 1771 3655 codicibus,
1802 3592 1930 3641 nihil
1964 3589 2033 3641 de
2068 3589 2241 3654 aliqua
2268 3589 2558 3639 variatione

1486 3669 1749 3719 annotarit
1788 3667 1852 3716 ad
1895 3667 2033 3716 hunc
2067 3666 2255 3715 locum.
2333 3665 2557 3717 Interim

1486 3760 1589 3796 non
1617 3760 1720 3794 una
1750 3745 1954 3794 ratione
1986 3743 2230 3792 inductus
2254 3742 2380 3792 nihil
2404 3743 2553 3793 ‹lubi-

1486 3823 1595 3873 tavi
1618 3822 1753 3872 hanc
1780 3821 1948 3884 ipsam
1981 3819 2294 3883 particulam
2326 3834 2390 3869 aa
2421 3821 2556 3871 reci-

1485 3913 1630 3964 pere.
1701 3897 1931 3947 Primum
1966 3894 2130 3956 enim,
2162 3895 2207 3944 si
2247 3895 2556 3947 Quinctiliu-

1484 3990 1607 4026 num
1634 3975 1890 4036 audimus,
1924 3972 2030 4036 hic,
2062 3973 2236 4023 Instit.
2259 3972 2415 4023 Orat.
2437 3987 2478 4024 ι.
2501 3979 2554 4024 5.

1483 4053 1576 4104 abi
1595 4053 1662 4103 de
1685 4051 1836 4103 variis
1853 4049 2252 4099 soloecismorum
2271 4051 2554 4113 generibus

1485 4130 1615 4194 agit,
1644 4143 1737 4194 pro
1759 4127 2045 4177 soloecismo
2073 4125 2254 4187 habet,
2291 4126 2335 4174 si
2357 4126 2475 4192 quis
2498 4125 2553 4177 in

1481 4202 1913 4270 interrogatione,
1972 4217 2072 4267 pro*
2109 4218 2191 4261 an,
2246 4211 2408 4268 ponat
2449 4209 2554 4266 aut,

1482 4285 1596 4337 sive
1650 4284 1728 4334 vel
1748 4299 1766 4333 τ
1831 4281 1848 4312 ‘
1888 4281 2028 4333 Nam
2087 4287 2144 4332 et
2205 4280 2298 4330 «η’
2364 4280 2555 4347 inquit,
