3017 4942
779 384 844 431 c.
889 379 1134 433 emm
1185 379 1519 434 suenum
1571 380 1852 433 mune.
1928 381 1980 429 1.
2021 362 2132 431 39.

357 522 620 582 debuerit,
653 538 687 573 u
719 524 848 575 vobis
883 526 1036 583 mis,-
1064 526 1163 576 hoc
1200 532 1299 590 est,
1328 539 1426 589 per

355 614 468 663 vos,
486 606 545 649 et
566 615 665 664 per
686 601 853 664 ipsam
886 611 1124 651 naturam
1161 603 1285 651 estis
1319 600 1424 650 fra·

355 677 481 739 tres,
518 679 620 726 &c.
663 691 759 726 nec
805 692 937 741 opus
979 685 1079 738 est,
1125 686 1182 727 ut
1222 678 1352 727 tales
1393 691 1425 726 a

351 751 594 816 principe
631 752 1001 815 declaremini3
1037 761 1097 804 ut
1131 754 1317 804 Cicero
1346 754 1423 803 lo-

355 830 538 893 quitur
571 830 640 879 de
677 830 790 879 Fin.
823 845 886 881 ιι.
921 835 1004 882 2⁴.
1036 831 1174 882 ‘Sed
1200 831 1368 894 ipsum
1392 844 1423 879 a

354 919 413 956 se
457 909 647 966 oritur,
689 914 746 958 et
786 923 880 959 sua
923 916 1112 973 sponte
1157 905 1423 958 nascitur.'

352 983 552 1034 Verum
595 998 701 1034 non
746 999 876 1047 opus
915 992 999 1034 est
1041 984 1212 1048 aliqua
1256 990 1422 1033 niuta-

352 1060 520 1124 tione,
553 1076 689 1111 cnm*
711 1070 770 1112 et
808 1061 1015 1111 dativus
1048 1060 1303 1111 commodi
1335 1059 1421 1111 hic

350 1136 529 1185 locum
570 1137 762 1189 habere
806 1137 991 1201 possit,
1033 1137 1177 1201 quasi
1219 1135 1422 1186 Plinius

350 1211 572 1276 dixerit,
611 1213 878 1278 Quidquid
913 1211 1168 1263 commodi
1202 1227 1267 1262 ex
1306 1224 1420 1261 ves-

351 1295 439 1338 tra
472 1291 784 1354 cognatione
814 1288 1110 1340 redundare
1133 1294 1328 1353 potest,
1354 1288 1419 1338 ad

352 1378 446 1414 vos
490 1379 587 1429 per
627 1373 868 1415 naturam
911 1366 1163 1430 pertinet,
1205 1379 1312 1415 nou
1352 1364 1418 1414 ad

350 1439 555 1493 fiscum.
618 1442 879 1507 Josephus
908 1443 1163 1506 Scaliger,
1193 1455 1418 1491 comme·

349 1524 594 1567 morante
625 1518 826 1569 Thomu
861 1518 1092 1576 Hearne‚
1131 1519 1207 1568 sic
1249 1519 1418 1569 locum

348 1592 493 1643 hunc
524 1595 804 1657 legendum
831 1596 1072 1646 censuit:
1117 1596 1219 1645 Cur
1247 1597 1421 1660 egetis,

348 1674 407 1718 ut
424 1669 571 1719 sitis?
622 1670 761 1721 Vobis
781 1676 853 1720 est
871 1671 932 1732 is,
952 1671 1035 1735 qui
1051 1683 1138 1734 pro
1157 1676 1312 1721 cetera
1334 1685 1420 1722 sua

347 1746 691 1803 moderatione,
711 1748 794 1808 ξε.
861 1747 952 1796 Sic
971 1748 1098 1797 satis
1120 1747 1417 1810 ingenios03

350 1822 447 1875 sed
503 1824 619 1873 sine
672 1824 874 1874 calculo
917 1830 1142 1873 vetustae
1198 1824 1418 1888 alicujus

348 1899 696 1951 auctoritatis.
761 1901 908 1950 Bene
938 1908 1078 1954 stare
1109 1905 1286 1965 potest
1309 1903 1416 1951 vul·

349 1983 477 2040 gata
510 1977 690 2039 lectio,
719 1977 775 2026 in
809 1977 1184 2041 posterioribus
1209 1976 1418 2040 verbis3

349 2065 544 2119 neque,
567 2059 626 2103 ut
648 2054 959 2106 Arutzcnius
982 2061 1151 2119 putat,
1163 2055 1273 2119 jain
1298 2062 1420 2106 ante

347 2130 491 2182 idem
528 2132 740 2183 dixerat
766 2133 988 2183 Plinius.
1055 2133 1280 2183 Dixerat
1307 2134 1420 2197 qui·

351 2206 472 2257 dem
511 2222 690 2272 supra,
720 2211 736 2237 ⁸
756 2209 972 2260 Sorores
1005 2210 1169 2268 estis?
1188 2213 1291 2260 dec.
1323 2210 1416 2264 sed

348 2296 458 2333 non
500 2282 728 2341 dixerat,
770 2287 786 2314 ⁸
808 2284 1026 2337 Sorores
1070 2286 1216 2337 vobis
1261 2286 1422 2336 estis:

349 2357 599 2409 Solitum.
698 2378 717 2387 r

419 2436 558 2492 Quid
567 2435 612 2499 2]
636 2436 792 2487 Hanc
805 2435 1161 2502 interrogandi
1185 2444 1240 2489 et
1256 2437 1417 2489 admi·

349 2511 503 2562 nudi
546 2526 727 2563 vocem
753 2515 963 2564 restitui
1002 2529 1034 2564 e
1062 2514 1243 2565 codice
1272 2528 1420 2578 meo;

348 2603 467 2652 quae
489 2590 649 2640 etism
667 2591 981 2641 conveniens
995 2597 1078 2640 est
1100 2591 1221 2640 stilo
1239 2591 1418 2653 Plinii,

349 2672 541 2730 utpote
561 2667 726 2732 quiet
749 2668 873 2718 alibi
890 2668 1180 2719 sententias
1201 2669 1274 2719 sic
1294 2682 1418 2719 con-

248 2773 263 2782 ·
349 2744 556 2807 nectit3
585 2759 635 2793 v.
669 2761 722 2808 g.
757 2758 891 2797 xm.
925 2750 975 2797 3.
1009 2747 1026 2775 ⁴
1051 2746 1230 2798 Quid?
1262 2762 1418 2812 quum

350 2821 594 2871 solatium
619 2820 787 2881 fessis,
821 2824 976 2888 egris
1010 2837 1184 2887 opem,
1217 2822 1420 2873 ferres.²

351 2908 532 2947 xzvu.
557 2902 606 2947 1.
635 2906 651 2928 ⁸
675 2899 814 2951 Quid
838 2899 857 2945 ἓ
887 2899 1078 2960 vitam3
1113 2898 1276 2964 quid?
1308 2915 1418 2949 mo·

350 2985 434 3022 res
480 2974 797 3039 juventutis,
851 2990 1005 3040 quam
1061 2976 1419 3040 principaliter

351 3048 545 3102 formas
563 3051 598 3100 l’
655 3066 833 3103 Lxxx.
859 3057 907 3103 1.
933 3058 950 3082 ‘
970 3051 1146 3105 Quid?
1181 3053 1234 3102 in
1257 3055 1416 3104 omni·-

352 3124 447 3176 bus
471 3128 857 3192 cognitionibus
878 3142 1031 3193 quam
1054 3130 1194 3179 mitis
1225 3131 1418 3181 severi·

350 3210 430 3252 tas
448 3202 483 3253 l’
531 3203 672 3254 Olim
695 3206 746 3253 in
770 3205 1006 3255 omuibus
1030 3207 1418 3271 exemplaribus

282 3327 294 3344 l
353 3278 451 3335 Qui
502 3293 595 3341 pro
651 3279 784 3337 Quid
831 3281 1122 3345 legebatur.
1207 3283 1418 3347 Lipsius

348 3356 667 3420 conjecerat,
701 3357 1056 3421 reponendum
1090 3355 1230 3409 forte
1254 3360 1386 3416 Quin
1399 3358 1433 3419 ,·'

347 3432 441 3480 sed
464 3437 469 3442 ’
493 3433 772 3482 certiorem
821 3433 1134 3497 scripturam
1184 3437 1420 3500 suggerit

349 3506 518 3557 codex
557 3517 757 3571 noster,
792 3508 939 3572 cujus
975 3510 1221 3560 indicium
1260 3513 1417 3562 etism

348 3585 519 3633 secuti
541 3592 666 3634 sunt
687 3584 955 3635 Gesnerus
989 3593 1047 3636 et
1080 3586 1415 3639 Arntzenius.

277 3680 286 3688 ·
349 3659 504 3710 Idem.

403 3721 554 3787 'Dare
587 3736 923 3803 hereditatem]
960 3738 1081 3788 Non
1110 3739 1417 3804 simpliciter

350 3811 662 3862 invidiosum
687 3820 767 3863 est
799 3816 914 3864 dare
946 3816 1258 3867 hereditatem
1268 3834 1289 3877 ,-
1323 3817 1414 3867 sed

350 3893 476 3937 tunc
497 3887 727 3947 demum,
748 3890 791 3939 si
819 3890 1063 3954 princeps
1085 3891 1248 3941 videri
1275 3893 1418 3956 velit,

348 3977 415 4013 ex
436 3964 686 4028 singulari
717 3967 885 4029 gratia
907 3973 961 4015 et
984 3968 1264 4019 clementia
1286 3969 1416 4020 dare

349 4031 499 4091 alicui
522 4042 890 4099 hereditatem,
913 4043 998 4093 cui
1023 4050 1197 4094 tamen
1223 4059 1288 4093 ea
1303 4044 1414 4107 jam

350 4116 462 4180 ipso
485 4119 608 4182 jure
644 4124 863 4179 naturae,
904 4126 1121 4185 propter
1153 4122 1415 4185 sanguinis

351 4193 794 4259 conjunctionem,
819 4194 1088 4246 debeatur.
1128 4198 1295 4248 Recte
1315 4198 1413 4247 Te·

352 4277 485 4324 rent.
503 4271 674 4323 Andr.
696 4285 761 4326 ιι.
777 4275 825 4322 1.
842 4275 925 4323 30.
947 4274 963 4303 ‘
981 4274 1095 4339 Ego
1111 4274 1414 4340 neutiquam

2429 362 2562 431 669

1499 522 1725 575 officium
1770 525 1918 576 liberi
1973 523 2191 574 hominis
2244 537 2358 574 esse
2413 531 2561 592 puto,

1500 602 1631 651 Cum
1656 604 1698 651 is
1721 602 1845 651 nihil
1871 606 2183 667 promereat,
2208 601 2488 664 postulare,
2507 603 2561 653 id

1497 679 1686 741 gratioe
1726 679 1918 743 apponi
1957 678 2093 735 sibi,'
2127 679 2159 727 i.
2182 692 2232 727 e.
2266 678 2561 743 interprete

1498 755 1729 816 Donato,
1760 757 1885 806 Non'
1906 763 2034 820 puto
2057 756 2311 806 homiuem
2343 756 2557 809 liberum

1498 838 1555 881 et
1576 831 1876 895 ingenuum,
1907 833 2015 899 qui,
2040 847 2154 883 cum
2179 832 2302 881 nihil
2328 840 2561 897 praestet,

1495 906 1678 956 haberi
1728 909 1946 972 gratiam
1995 908 2093 958 sibi
2153 916 2350 972 poscat.
2417 909 2559 961 Hinc

1498 982 1711 1034 Phaedr.
1734 998 1774 1034 1.
1798 989 1883 1035 22.
1904 990 1955 1035 8.
1984 987 1999 1013 ‘
2027 985 2151 1035 Noli
2186 985 2442 1047 imputare
2468 1000 2556 1037 va-

1495 1072 1618 1108 num
1644 1060 1949 1110 beneficium
1975 1059 2134 1110 mihi?
2170 1060 2321 1110 Idem.

1562 1135 1723 1200 Dare]
1759 1136 1913 1185 Nova
1953 1136 2229 1199 petitione,
2260 1149 2416 1200 quam
2448 1151 2561 1187 sus·

1496 1211 1639 1274 tulit,
1662 1221 1716 1261 et
1740 1214 1899 1262 semel
1923 1213 2159 1261 universe
2180 1212 2348 1263 dedit.
2383 1213 2523 1279 Lips.

1563 1286 1715 1338 Adice
1748 1287 1968 1352 honores]
2007 1288 2068 1338 lu
2103 1287 2318 1338 coloniis
2352 1291 2562 1340 vestris.

1496 1361 1616 1412 Hoc
1656 1364 1791 1412 enim
1831 1364 1896 1413 ad
1935 1364 2146 1413 Latinos
2185 1365 2432 1428 pertinet,
2472 1367 2562 1432 qui

1495 1438 1585 1503 (ut
1627 1439 1763 1504 dixi)
1804 1440 2070 1490 civitatem
2118 1442 2399 1492 Romanam
2444 1444 2560 1493 adi·

1494 1515 1853 1579 piscebautur,
1887 1516 2027 1567 domi
2059 1516 2338 1568 honoribus
2373 1517 2555 1581 gestis.

1559 1668 1711 1720 Adice
1737 1670 1961 1734 bonores]
2008 1670 2290 1722 Aberravit
2326 1672 2557 1723 calamus

1494 1744 1691 1795 librarii
1716 1748 1767 1796 in
1791 1748 1974 1797 codice
1988 1747 2248 1798 Vaticano
2264 1751 2411 1799 3461.
2432 1747 2556 1799 dum

1492 1836 1588 1885 pro
1629 1823 1761 1873 adite
1813 1824 1986 1887 pinxit
2025 1825 2209 1873 audite.
2279 1822 2377 1873 His
2430 1837 2556 1874 vero

1495 1899 1671 1949 verbis
1717 1900 1916 1949 Plinius
1974 1900 2274 1951 nominatim
2324 1898 2557 1951 homines

1494 1975 1670 2025 Latini
1684 1976 1821 2040 juris
1846 1975 2113 2026 adhortari
2134 1974 2362 2033 videtur,
2384 1983 2445 2027 ut
2465 1976 2560 2027 ho·

1495 2064 1648 2100 nores
1670 2058 1725 2101 et
1758 2053 2090 2116 magistratus
2120 2053 2173 2102 in
2208 2054 2422 2104 coloniis
2453 2055 2558 2104 suis

1492 2128 1794 2192 suscipiant,
1831 2143 1925 2193 per
1959 2143 2105 2194 quos,
2131 2130 2244 2193 jam
2268 2131 2411 2179 salva
2436 2144 2557 2193 cog·

1492 2203 1703 2254 natione
1741 2207 1988 2261 naturali,
2023 2204 2221 2256 aditum
2263 2205 2332 2256 ad
2375 2219 2558 2255 conse·

1491 2278 1747 2344 quendam
1803 2282 2071 2332 civitatem
2117 2283 2403 2332 Romanam
2459 2282 2559 2333 sibi

1491 2356 1807 2418 praemunire
1842 2358 2059 2422 possint.
2115 2358 2268 2420 Ergo
2302 2358 2556 2423 Trajanus

1494 2438 1618 2481 tunc
1640 2433 1866 2482 noudum
1892 2433 2180 2497 promiscue
2201 2434 2439 2485 omnibus
2462 2437 2559 2485 La·

1493 2508 1614 2558 tiuis
1653 2505 1859 2574 integra
1888 2510 2014 2573 jura
2052 2509 2281 2561 civitatis
2312 2501 2558 2561 Romanas

1493 2584 1818 2647 permiserat.
1850 2585 2091 2636 Schmun-z.
2547 2605 2556 2612 ’

1561 2661 1847 2726 Civitatem]
1884 2663 2144 2712 Nostram.
2176 2662 2311 2727 Lips.

1557 2739 1668 2789 Hoc
1681 2740 2039 2789 necessitudinis
2051 2738 2325 2804 abruptum]
2345 2739 2433 2789 Sic
2448 2739 2559 2791 dic·

1492 2822 1623 2881 tum,
1643 2823 1701 2865 ut
1736 2818 1751 2844 ‘
1774 2816 1897 2865 laeta
1921 2823 1976 2865 et
2001 2830 2255 2880 prospera
2278 2815 2557 2881 stationis,’

1492 2899 1508 2923 ⁴
1521 2899 1769 2956 usurpata
1791 2891 2037 2951 collium,'
2054 2895 2070 2920 ⁸
2085 2891 2243 2942 dubia
2266 2892 2558 2951 bellorum,'

1492 2976 1507 2999 ‘
1523 2970 1724 3020 incerta
1743 2970 1987 3026 fortunae,
2004 2968 2019 2992 ’
2041 2970 2057 2998 ⁶
2074 2970 2183 3020 lata
2204 2983 2525 3035 camporum,
2540 2968 2558 2992 ’

1492 3047 1508 3075 ‘
1535 3054 1904 3111 tempestatum
1940 3044 2177 3107 incerta,’
2211 3048 2228 3074 ‘
2254 3059 2445 3109 aspera
2482 3048 2558 3095 la..

1493 3122 1712 3186 borum,'
1734 3130 1787 3173 et
1810 3123 2016 3186 similia,
2050 3137 2168 3187 quae
2194 3130 2302 3173 tum
2330 3123 2428 3172 hoc
2449 3122 2558 3172 Pa·

1478 3200 1760 3268 'negyricm
1776 3208 1886 3251 tum
1905 3201 2020 3250 aliis
2042 3200 2233 3264 passim
2257 3207 2555 3263 occurrent,

1492 3278 1664 3341 poetis
1689 3294 1843 3344 qnam
1865 3279 2157 3329 oratoribus
2180 3279 2412 3343 propria.
2467 3277 2560 3327 Sic

1493 3355 1626 3405 enim
1654 3357 1864 3406 Lucret.
1899 3357 1916 3385 ‘
1940 3363 2107 3406 strata
2132 3357 2332 3405 viarum
2352 3354 2389 3405 ι’
2424 3356 2556 3404 Pro-

1494 3434 1661 3496 pert.‘
1685 3433 1915 3483 levitatis
1937 3433 2068 3483 dura
2086 3432 2118 3482 ε’
2153 3433 2344 3482 Horat.
2377 3433 2394 3464 ⁴
2417 3443 2560 3482 ama·

1493 3523 1552 3558 ra
1575 3523 1816 3559 curarum
1847 3509 1882 3560 ι’
1915 3510 2005 3559 alii
2022 3510 2143 3559 alia.
2176 3508 2339 3558 Licin.

1556 3585 1850 3651 Abruptum]
1887 3585 2151 3648 Abruptio
2180 3591 2235 3632 et
2257 3581 2559 3646 disjunctio.-

1491 3662 1922 3711 Dissociabantur
1960 3660 2119 3722 enim,
2165 3659 2251 3723 qui
2286 3658 2556 3709 civitatem

1489 3737 1779 3789 mutabant.
1814 3738 1953 3801 Lips-
2465 3793 2478 3809 ·

1556 3813 1668 3863 Hoc
1704 3810 2068 3862 necessitudinis
2101 3807 2375 3872 abruptum]
2417 3806 2465 3859 1.
2506 3821 2558 3857 e.

1488 3890 1623 3941 Haec
1666 3890 1998 3941 necessitudo
2045 3888 2287 3951 abrupta.
2357 3885 2554 3948 Hujus-

1488 3968 1630 4017 modi
1677 3968 1919 4033 loquendi
1963 3964 2231 4021 formulas,
2267 3963 2319 4012 iu
2366 3962 2554 4027 quibus

1490 4043 1809 4108 adjectivum
1830 4043 2064 4093 neutrius
2078 4039 2281 4105 generis
2298 4040 2412 4089 loco
2434 4038 2556 4088 sub-

1491 4124 1703 4173 stantivi
1745 4122 1973 4185 ponitur,
2007 4135 2071 4169 ex
2106 4119 2222 4168 aliis
2253 4114 2554 4167 auctoribus

1487 4198 1552 4247 ad
1580 4199 1716 4249 hunc
1736 4200 1904 4248 locum
1940 4199 2261 4245 annotarunt
2291 4192 2554 4242 Livineius

1489 4282 1547 4328 et
1566 4274 1898 4328 Arntzenius.
1963 4271 2051 4324 Sic
2074 4271 2191 4335 ipse
2215 4269 2418 4320 Plinius
2439 4281 2556 4319 uos-
