3017 4942
472 389 611 464 620

534 549 826 616 suetiam]
840 549 916 600 Ut
932 549 1072 614 leges
1086 563 1261 600 arenae
1277 554 1544 611 servaret3

477 629 712 693 itemque
755 628 969 690 praemia
1010 627 1260 692 promissa
1313 624 1547 678 fideliter

481 712 794 771 praestarem
827 703 920 754 sed
957 718 1053 753 nec
1090 703 1145 753 in
1181 704 1274 754 lios
1302 709 1392 753 aut
1427 702 1546 754 illos

480 782 587 847 (ita
609 779 815 845 subdit)
836 777 1081 832 affectum
1105 778 1395 831 inclinaret.
1424 778 1545 845 Lip-

479 874 602 915 stus.

486 967 504 981 .
554 935 702 985 Omni
728 933 1001 999 affectione]
1035 932 1202 984 vids:
1237 945 1410 986 rarum
1440 937 1546 995 est,

482 1012 576 1067 ubi
609 1019 873 1064 certamen
907 1019 964 1062 et
1002 1010 1313 1072 commissio,
1339 1017 1397 1060 ut
1433 1009 1546 1060 edi-

484 1095 588 1153 tor,
607 1097 698 1139 aut
719 1096 1007 1153 spectator,
1029 1102 1135 1139 non
1154 1088 1249 1137 det
1270 1101 1327 1137 se
1352 1087 1404 1137 in
1429 1101 1545 1152 par-

483 1172 582 1220 tes.
649 1166 782 1217 Haec
810 1171 893 1215 est
928 1165 1193 1216 inclinatio
1227 1165 1431 1216 humani
1467 1165 1548 1218 in-

483 1245 647 1310 genii,
671 1258 921 1308 pugnare,
957 1250 1048 1294 aut
1084 1242 1434 1310 pugnantibus
1469 1243 1548 1297 fa·

482 1336 627 1377 vere.
694 1322 884 1389 Itaque
906 1336 1008 1372 non
1031 1320 1201 1371 dicam
1226 1322 1425 1386 vulgus,
1450 1320 1548 1374 sed

484 1399 751 1467 principes
801 1399 898 1464 ipsi
938 1399 1059 1450 huic
1107 1406 1199 1450 aut
1241 1400 1320 1453 illi
1365 1400 1550 1463 generi

478 1477 640 1543 (puta
664 1478 967 1541 Threcibus,
989 1485 1080 1530 aut
1101 1477 1551 1543 Myrmillonibus)

483 1552 753 1620 favebant,
793 1564 850 1607 et
888 1556 1101 1608 vincere
1144 1558 1260 1607 illos
1298 1557 1422 1621 jure
1463 1557 1550 1610 vel

483 1630 676 1696 injuria
698 1633 973 1686 volebantz
1007 1640 1166 1698 atque
1194 1631 1376 1683 fraude
1397 1633 1551 1696 adeo,

485 1709 569 1759 vel
591 1709 829 1773 imperio,
851 1724 959 1760 rem
984 1724 1046 1761 eo
1076 1710 1366 1761 trabebant.
1421 1710 1552 1760 Sue-

487 1792 599 1840 ‘ons
630 1786 734 1838 Tito
759 1800 807 1835 cs
835 1790 887 1837 8·
907 1786 1159 1845 ostendit,
1181 1793 1238 1837 et
1261 1802 1310 1840 cs
1333 1791 1414 1839 10·
1442 1787 1553 1840 Do·

487 1863 601 1920 mit.
626 1870 684 1912 nt
707 1862 892 1914 dicam.
924 1863 1078 1913 Idem.

554 1940 707 1988 Omni
725 1938 1003 2004 affictione]
1036 1938 1176 1992 Alias
1199 1946 1313 1990 erat
1332 1948 1349 1971 ‘
1364 1954 1554 1996 cunen-

489 2017 532 2071 u
564 2017 686 2068 laeta
715 2017 904 2067 theatri
926 2016 1162 2072 Seditio.'
1230 2016 1426 2069 Auson.
1476 2015 1556 2070 At

489 2093 560 2148 de
581 2094 811 2159 Trojano
845 2093 1078 2144 Martial·
1111 2095 1355 2159 Spectac.
1383 2108 1479 2145 xx.
1505 2098 1556 2147 1.

488 2171 508 2214 ³
536 2171 668 2222 Cum
712 2175 921 2234 peteret
967 2184 1086 2235 pars
1129 2171 1242 2225 baec
1272 2171 1557 2235 Myrinum,

490 2263 615 2314 pars
632 2249 718 2298 illa
726 2248 1082 2313 Triumphum,
1096 2248 1345 2301 Promisit
1358 2249 1559 2313 pariter

490 2326 671 2376 emani·
709 2333 932 2391 utraque
969 2340 1143 2378 mauu.
1221 2327 1347 2379 Non
1385 2325 1559 2397 potuit

490 2403 672 2456 melius
692 2403 837 2454 litem
865 2402 1017 2453 finire
1032 2401 1289 2466 jocosam.
1330 2401 1380 2453 Ο
1402 2404 1559 2454 dulce

489 2478 674 2533 invicti
698 2479 954 2544 principis
970 2477 1234 2543 ingenium
1252 2478 1287 2533 l'
1315 2479 1471 2530 Rern.
1537 2491 1550 2498 ⁵

500 2572 513 2588 *
555 2557 661 2607 Aut
705 2557 932 2620 intactus,
977 2562 1062 2610 out
1104 2556 1281 2620 maior]
1336 2557 1562 2624 Intactas

491 2632 685 2686 dicitur
708 2649 891 2701 purus,
913 2635 1137 2699 integer,
1158 2648 1221 2685 ac
1252 2647 1322 2685 ne
1347 2634 1559 2700 quidem

491 2717 728 2763 tentatus
749 2720 1141 2777 occupatusque
1164 2710 1339 2762 adhuc
1358 2726 1388 2761 a
1410 2718 1563 2770 certo

491 2788 664 2854 aliquo
688 2789 835 2847 vitio,
857 2787 947 2840 sut
971 2787 1271 2842 affectione.
1312 2789 1401 2839 Sic
1417 2790 1560 2844 Ptin.

490 2866 665 2929 Epist.
685 2880 736 2917 v.
753 2872 803 2917 8.
821 2870 837 2897 ‘
857 2868 1054 2918 intacta
1073 2875 1129 2918 et
1145 2882 1277 2917 nova
1301 2866 1564 2933 tempora'

492 2950 668 3003 vocat,
689 2958 906 3007 quornm
929 2942 1041 2994 sats
1074 2951 1128 2994 et
1165 2958 1248 2996 res
1272 2949 1448 3008 gestas
1469 2947 1562 2995 ness

491 3034 580 3072 mo
607 3020 776 3075 adbuc
799 3021 1095 3071 describere
1125 3022 1370 3074 tentavit·
1435 3035 1562 3076 vm·

492 3100 578 3150 24.
611 3100 629 3127 ⁸
653 3099 907 3150 intactum
929 3099 1176 3149 honorem
1193 3099 1209 3124 ’
1232 3099 1384 3158 dixit,
1407 3113 1562 3165 quem

493 3174 621 3228 Jun.
645 3175 850 3234 Avitus,
877 3175 1030 3227 modo
1051 3175 1354 3241 designatus
1375 3176 1564 3242 aedilis,

495 3265 565 3304 ne
604 3252 813 3317 quidem
847 3253 1016 3303 adbuc
1047 3260 1281 3308 tentarat
1318 3254 1561 3306 adminis·

496 3334 658 3384 trare.
709 3329 796 3381 Sic
818 3344 850 3379 a
873 3329 1042 3394 poetis
1065 3331 1256 3396 passim
1280 3330 1563 3385 laudantur

493 3405 513 3454 i
536 3405 762 3470 virgines
785 3405 1037 3470 intacta&
1055 3407 1090 3458 i.
1112 3422 1162 3461 e.
1186 3409 1424 3472 integrm.
1473 3409 1562 3462 De

494 3481 685 3539 milite,
707 3484 795 3548 qui
818 3483 990 3534 salvus
1012 3482 1309 3549 illaesus'que
1335 3498 1402 3535 ex
1428 3499 1562 3549 prae·

493 3559 568 3614 lio
602 3560 820 3617 abierat,
856 3561 1073 3616 Sallust.
1109 3560 1233 3624 διες.
1268 3575 1316 3616 c.
1348 3564 1432 3611 67.
1467 3562 1565 3625 ait,

492 3635 511 3666 ⁴
528 3636 674 3687 Unus
695 3651 762 3688 ex
779 3636 1015 3688 omnibus
1039 3635 1275 3703 profugit
1299 3637 1564 3696 intactus?

495 3712 571 3766 Et
603 3713 788 3766 Tacito
821 3713 964 3764 Hist.
994 3728 1056 3768 ιι.
1079 3718 1164 3766 78.
1198 3714 1411 3773 dicitur,
1443 3718 1458 3743 ‘
1484 3717 1564 3766 in·

498 3798 671 3841 tactus
691 3788 1102 3855 superstitione-³
1159 3775 1252 3853 Ᾱῑ,
1273 3798 1287 3822 ⁴
1313 3792 1562 3856 majorem

496 3868 637 3922 omni
669 3866 980 3920 affectione’
1012 3868 1185 3920 vocari
1213 3875 1361 3931 Puto,
1381 3870 1467 3934 qui
1492 3870 1563 3919 ls-

496 3944 690 3998 cessiri‘
712 3944 921 4008 quidem
942 3944 1010 3994 ab
1033 3942 1307 3996 affectibus
1332 3947 1565 4012 potuisse

497 4020 729 4081 videtur,
759 4020 848 4070 sed
885 4022 1062 4074 iisest
1088 4023 1341 4087 superior,
1372 4038 1566 4089 easque

498 4098 662 4152 vincit
683 4104 737 4147 et
761 4098 1047 4161 opprimitae
1091 4099 1246 4157 Nam,
1277 4106 1335 4152 ut
1369 4103 1567 4154 Seneca

501 4173 597 4236 ait,
621 4174 788 4239 Epist.
809 4178 862 4224 6.
886 4175 903 4205 ‘
923 4175 1163 4233 Dolores,
1183 4177 1470 4238 molestias,
1488 4178 1567 4231 in·

493 4250 681 4317 jurias,
711 4250 884 4314 virtus
903 4252 1260 4313 magnitudine
1282 4255 1570 4315 sua-elidit,

503 4333 660 4394 atque
696 4323 981 4394 opprimit.'
1046 4327 1218 4392 Epist.
1251 4331 1334 4379 66.
1364 4331 1380 4359 ⁸
1406 4329 1570 4383 Jubes

431 4755 537 4903 Ι

1088 411 1095 418 ’
1176 401 1397 457 NOTAE
1444 399 1854 452 vammum
1906 399 1986 452 m

1620 561 1704 600 me
1729 547 1906 600 vivere
1929 546 2106 614 capite
2137 545 2390 600 demisso?
2406 581 2421 599 .
2437 582 2455 599 .
2474 581 2490 601 .
2507 546 2695 615 Major

1616 637 1750 684 sum,
1768 631 1825 675 et
1857 624 1922 675 ad
1962 626 2166 687 msJora
2200 624 2443 690 genitus-⁹
2507 626 2595 683 Et,
2619 625 2692 676 de

1619 702 1830 755 Provid.
1858 716 1907 753 c.
1929 704 2025 752 2..‘
2053 703 2150 752 Est
2184 703 2321 752 enim
2362 702 2442 752 vir
2477 703 2691 765 sapiens

1616 778 2408 842 omnibusexteruispotentior.
2454 780 2690 830 Necboe

1617 855 1757 921 dico,
1788 870 1893 909 nou
1926 856 2088 907 sentit
2118 855 2238 916 ille3
2288 854 2381 905 sed
2418 855 2604 919 vincit,
2633 860 2693 906 et

1618 931 1844 997 alioquin
1881 932 2087 997 quietus
2123 930 2465 996 placidusque
2505 937 2694 981 contra

1618 1007 1941 1059 incurrentia
1963 1007 2257 1059 attollitur.’
2288 1007 2531 1058 Solimi-z.

1686 1088 1826 1144 Quod
1842 1087 2202 1152 postulabatur]
2219 1087 2338 1136 Mos
2357 1087 2549 1150 populo
2574 1083 2695 1151 fuit«,

1618 1163 1732 1215 baec
1778 1166 1858 1214 vel
1899 1165 1989 1214 illa
2030 1163 2374 1228 gladiatorum
2425 1163 2592 1227 paria,
2632 1168 2694 1216 ut

1619 1242 2092 1304 committerentur,
2117 1247 2227 1305 ant,
2258 1247 2319 1293 ut
2353 1240 2427 1289 illi
2461 1240 2695 1292 dimitte·

1620 1327 1822 1385 rentur,
1873 1321 1959 1372 bie
1999 1320 2355 1385 jugularetur,
2407 1319 2695 1384 postulare·

1620 1399 1796 1450 'Pestis
1832 1406 1914 1450 est
1948 1399 2212 1452 Martialis
2241 1398 2492 1462 spectac.
2517 1401 2695 1450 xxvi·

1621 1473 1710 1526 nbi
1727 1474 1891 1541 poeta
1906 1475 2150 1539 intelligit
2166 1475 2296 1526 duas
2316 1471 2577 1526 factiones
2594 1488 2698 1525 am·

1626 1553 2034 1618 phitheatrales3
2068 1566 2287 1618 quarum
2326 1552 2492 1602 altera
2530 1550 2697 1616 Myri·

1622 1643 1766 1686 unm,
1792 1630 1961 1682 altera
1984 1628 2345 1693 Triumphum,
2371 1627 2696 1694 gladiatores

1625 1705 1860 1763 eximios,
1880 1706 2195 1769 postularat.
2251 1706 2472 1757 Sueton.
2496 1707 2697 1759 Domita

1625 1797 1678 1834 c.
1708 1787 1761 1836 4.
1794 1783 1812 1813 ⁴
1841 1784 2107 1836 Praeterea
2142 1783 2435 1848 quaestoriis
2468 1783 2694 1835 muneri*

1629 1861 1746 1920 bus,
1782 1876 1900 1926 quse
1946 1862 2072 1912 olim
2109 1861 2298 1912 omissa
2339 1867 2698 1920 revocaverat,

1628 1939 1705 1993 ita
1742 1952 1952 2003 sompes=
1983 1936 2244 1996 interfuit,
2276 1945 2337 1990 ut
2374 1939 2574 2003 populo
2605 1953 2698 2004 po·

1629 2022 1900 2069 testatem-
1928 2013 2134 2069 faceret
2177 2014 2312 2067 binaz
2341 2016 2489 2081 paria
2531 2031 2563 2067 e
2595 2030 2697 2068 ‘sno

1630 2094 1754 2145 ludo
1776 2094 2095 2158 postulandi,
2115 2109 2231 2159 qnae
2255 2094 2536 2146 novissima
2568 2094 2699 2146 auli.

1630 2186 1696 2226 co
1727 2178 1988 2235 apparatu
2022 2171 2313 2222 induceret.
2319 2169 2334 2192 ’
2400 2170 2485 2223 ef.
2520 2178 2577 2222 et
2607 2172 2731 2232 Se-,

1631 2249 2059 2314 neu.Epist.v11.
2084 2247 2231 2312 apud
2269 2262 2424 2313 quem
2460 2248 2699 2314 legimus,

1633 2325 1818 2391 ‘paria
1838 2325 2184 2395 gladiatorum
2208 2324 2577 2391 postiilutitis.³
2602 2327 2699 2378 Pu·

1633 2404 1773 2458 torol.

1637 2483 1843 2542 Quod
1870 2482 2226 2549 postulabatur]
2260 2484 2571 2534 Liberalitas
2593 2484 2702 2534 lau-

1631 2556 1761 2611 data
1798 2553 1920 2621 est(
1936 2566 1993 2612 et
2026 2560 2268 2625 justitia3
2304 2560 2452 2613 addit
2486 2560 2704 2611 comita

1633 2641 1759 2687 tem.
1827 2636 2110 2703 Quidquid
2132 2637 2289 2687 turba
2329 2637 2572 2702 petebat,
2611 2636 2702 2687 fie-

1636 2711 1747 2775 bat,
1767 2719 1825 2763 et
1846 2727 2024 2763 eorum
2049 2714 2301 2764 voluntati
2323 2728 2437 2763 sese
2461 2711 2701 2778 aptabat.

1630 2790 1898 2841 volebant
1918 2790 2010 2841 hos
2031 2796 2088 2844 et
2110 2791 2221 2844 illos
2254 2799 2424 2856 notos,
2459 2792 2544 2841 vel
2577 2791 2703 2841 suli·-

1631 2881 1740 2925 σοι,
1795 2867 2141 2931 gladiatores?
2195 2869 2496 2920 veniebant.
2579 2868 2706 2920 Illos

1635 2942 1847 3008 dimitti,
1868 2945 2004 2994 bunc
2032 2945 2303 3009 jugulari?
2335 2945 2705 3010 impetrabant.

1638 3018 1744 3072 Adi
1780 3035 1881 3082 me,
1906 3021 1972 3070 de
2004 3021 2359 3071 postulaticiis
2381 3020 2703 3073 Gladiatori-

1638 3097 1753 3154 bus,
1775 3112 1842 3152 11.
1862 3102 1945 3148 16.
1965 3104 2020 3149 et
2041 3098 2107 3150 de
2124 3098 2320 3163 Populi
2336 3099 2706 3163 Petitiouibus,

1636 3188 1681 3228 σ.
1702 3179 1787 3225 22.
1818 3175 1956 3240 Lips.

1636 3278 1652 3284 ν
1701 3250 1993 3317 Admonuit]
2026 3250 2290 3303 Pmestitit
2322 3252 2422 3302 boc
2456 3259 2511 3303 et
2533 3252 2705 3312 Titus,

1635 3327 1706 3379 de
1737 3343 1840 3394 quo
1870 3329 2090 3381 sueton.
2125 3342 2175 3380 c.
2198 3333 2247 3379 8.
2275 3328 2308 3378 .‘
2331 3329 2597 3394 Populum
2630 3330 2705 3380 in·

1637 3406 1819 3470 primis
1854 3407 2150 3457 universum
2189 3412 2339 3456 tanta
2386 3420 2481 3471 per
2525 3420 2704 3458 omnes

1638 3484 1937 3534 occasiones
1998 3484 2246 3536 comitate
2311 3483 2581 3541 tractavit,
2630 3489 2707 3547 ut,

1638 3560 1904 3628 proposito
1948 3561 2261 3624 gladiatorio
2319 3574 2556 3624 munere,
2604 3573 2707 3612 nou

1638 3638 1704 3692 ad
1746 3651 1915 3695 suum,
1945 3640 2036 3687 sed
2078 3638 2145 3690 ad
2182 3639 2536 3703 spectantium
2571 3637 2707 3688 arbi·

1641 3715 1818 3777 trium,
1876 3713 2139 3765 editurum
2191 3729 2247 3766 se
2272 3714 2275 3717 ’
2299 3712 2564 3779 professus
2620 3714 2708 3767 sit·

1637 3792 1709 3844 Et
1731 3794 1885 3857 plane
1912 3791 1985 3842 ita
2021 3789 2169 3843 fecit.
2196 3799 2206 3814 '
2238 3791 2372 3842 Nam
2410 3805 2583 3856 neque
2615 3805 2707 3844 ne·

1639 3869 1784 3933 gavit
1823 3870 2103 3934 quidquam
2150 3868 2490 3933 petentibas;
2547 3876 2605 3921 et
2650 3874 2707 3922 ut

1638 3961 1757 4011 quae
1781 3948 1978 3998 vellent
2008 3955 2274 4011 peterent,
2295 3947 2436 3998 ultro
2469 3945 2711 3998 adhorta

1638 4033 1724 4078 tus
1747 4026 1869 4077 est!
1900 4028 2121 4077 Paturol.

1642 4132 1646 4136 .
1703 4103 1781 4154 Ao
1799 4105 1870 4153 sio
1898 4118 2076 4169 meoque
2101 4101 2268 4167 plura]
2302 4100 2529 4152 Codices
2560 4101 2708 4153 Vati·

1623 4181 1759 4231 cani
1800 4182 1992 4233 habent
2016 4181 2085 4232 At
2111 4181 2182 4231 sic
2214 4181 2354 4245 plum
2378 4194 2575 4243 quoque.
2640 4180 2709 4232 Et

1641 4270 1783 4321 mox,
1839 4271 1937 4321 pro
1996 4270 2124 4306 voce
2157 4258 2493 4320 spectantium,
2541 4255 2708 4305 codex

1644 4335 2139 4402 Guelplierbytanus
2195 4334 2412 4386 exhibet
2466 4336 2709 4398 speculan·
