3017 4942
795 447 866 499 0·-
906 445 1151 495 manu!
1199 444 1535 499 summm
1585 445 1863 495 PANEG·

360 591 449 641 hi:
489 589 610 641 Hoc
632 589 767 641 duce
806 589 871 656 (ἰ.
907 605 955 640 e.
989 588 1353 655 imperatum)
1386 590 1429 643 si

363 665 472 716 dixi
517 664 697 717 felicia
739 667 948 731 saecula,
984 680 1183 732 proque
1222 667 1430 719 Cesar-e

362 748 481 793 tura
508 743 621 806 pins
646 741 1048 807 Caesaribusque
1072 741 1228 806 dedi3
1250 744 1308 794 Si
1330 741 1434 793 fuit

359 818 448 868 hic
479 818 678 868 animus
714 818 879 879 uobis,
901 820 974 870 ita
1007 819 1226 884 parcite,
1258 819 1384 870 Divi
1404 819 1435 872 !’

362 893 612 950 Videsne,
650 896 786 945 bunc
832 908 949 946 esse
985 895 1138 960 hujus
1180 896 1431 947 orationis

304 1013 310 1019 .
362 970 605 1020 sensum?
648 970 819 1034 Rogo,
849 977 907 1022 ut
940 972 1062 1021 mihi
1097 974 1342 1037 parcatis,
1377 979 1435 1024 et

363 1048 570 1112 quidem
596 1061 720 1099 nonx
736 1047 838 1098 alia
866 1047 1189 1112 conditione,
1212 1063 1363 1114 quam
1388 1049 1433 1100 si

361 1124 414 1174 id
434 1139 538 1174 non
559 1122 659 1174 feci
685 1137 751 1173 ex
774 1125 987 1182 malitia,
1007 1124 1100 1175 sed
1124 1140 1220 1188 per
1237 1125 1432 1190 impru-

361 1201 628 1263 dentiam3
662 1201 810 1266 sique
845 1216 1051 1266 semper
1084 1201 1294 1251 laudavi
1324 1201 1432 1252 An·

361 1285 594 1341 gustum,
630 1286 683 1328 et
707 1279 820 1343 ejus
845 1280 1143 1343 imperium,
1168 1279 1314 1344 sique
1338 1293 1433 1342 pro

361 1355 479 1420 ejus
531 1355 698 1405 salute
757 1356 873 1405 Diis
926 1353 1233 1406 sacrificavi.
1300 1355 1433 1408 Haec

362 1430 501 1480 enim
526 1430 568 1479 si
585 1428 704 1488 feci,
726 1430 1180 1497 dignusosumfcui
1204 1431 1435 1497 parcatis

362 1512 420 1557 et
464 1508 616 1572 cujus
665 1508 1030 1567 misereamini,
1068 1511 1170 1558 &m
1234 1505 1431 1557 Similis

358 1583 508 1632 locus
531 1583 695 1635 Trist.
713 1597 803 1634 ιιι.
818 1588 868 1633 6.
884 1588 967 1634 21.
982 1598 1128 1649 seqq.
1156 1583 1228 1634 Et
1245 1583 1434 1633 tertius

364 1659 510 1709 locus
554 1667 637 1710 est
677 1659 832 1710 Trist.
872 1673 928 1708 v.
966 1663 1019 1708 3.
1056 1663 1139 1708 63.
1193 1658 1436 1726 Apparet

361 1747 520 1796 nunc,
545 1735 656 1798 quis
680 1747 835 1783 verus
856 1734 926 1783 sit
948 1748 1151 1796 seusus,
1174 1749 1293 1799 quae
1310 1747 1434 1783 vera

362 1811 525 1861 verba
540 1811 719 1861 Plinii.
789 1811 877 1862 Sic
894 1811 1096 1861 scilicet
1117 1811 1396 1876 legendum
1420 1828 1433 1862 t

372 1888 469 1939 Voae
523 1891 656 1938 modo
693 1888 864 1948 favete
912 1887 1043 1950 huic,
1096 1888 1239 1954 (scil.
1293 1886 1436 1953 meo)

359 1966 618 2030 proposito,
640 1965 913 2029 etquidem,
934 1965 981 2014 si
1000 1979 1143 2015 cursu
1177 1998 1194 2014 .
1227 1995 1245 2015 .
1279 1997 1293 2013 .
1323 1964 1436 2015 sul·-

362 2042 472 2095 atita·
493 2058 515 2100 ,-
546 2043 611 2106 εἰ,
643 2057 751 2095 cum
801 2043 1031 2104 viderem,
1064 2073 1081 2090 .
1121 2076 1137 2091 .
1183 2073 1199 2091 .
1233 2042 1382 2093 malui
1413 2057 1435 2100 ,-

359 2120 406 2171 si
427 2119 567 2169 molis
599 2150 624 2168 0
651 2153 667 2169 .
704 2151 720 2174 .
750 2132 1012 2181 numeram·
1045 2118 1090 2168 si
1113 2119 1332 2182 denique,
1351 2121 1436 2183 &e-

356 2196 520 2263 Ναὶς),
553 2195 724 2260 inquit
761 2194 984 2255 Plinius,
1019 2209 1121 2244 non
1166 2196 1271 2251 alia
1313 2210 1435 2245 con·

363 2271 569 2322 ditione
603 2288 634 2321 a
678 2272 821 2321 vobis
865 2273 1025 2322 amari
1070 2273 1437 2339 adjuvarique‚

365 2361 540 2412 quam·
555 2349 600 2396 si
617 2379 631 2395 .
648 2378 662 2395 .
684 2348 726 2396 si
752 2381 767 2398 .
785 2382 800 2398 .
837 2349 881 2397 si
907 2382 922 2398 .
942 2382 956 2397 .
978 2349 1022 2398 si
1063 2349 1305 2413 denique,
1335 2352 1435 2398 διο.

362 2423 473 2474 Vos
496 2437 716 2489 namque
740 2425 868 2475 satis
884 2426 1069 2481 nostis,
1093 2425 1207 2475 haec
1228 2425 1437 2490 singula

363 2514 482 2550 esse
498 2501 784 2559 verissima,
797 2502 934 2566 quod
950 2502 1216 2561 videlicet,
1230 2508 1276 2553 1.
1291 2509 1435 2568 post·

362 2589 520 2640 quam
566 2577 891 2628 Domitianus
926 2594 1073 2630 suum
1111 2594 1238 2644 erga
1276 2580 1436 2632 bonos

363 2651 541 2702 odium
579 2651 842 2716 professus
875 2662 978 2719 est,
1017 2656 1341 2706 substiterim
1380 2657 1433 2708 in

364 2740 448 2790 eo,
470 2743 625 2793 quem
652 2736 760 2780 tum
796 2738 1065 2781 assecutus
1092 2745 1255 2796 eram,
1276 2733 1435 2785 bono·

364 2804 435 2857 ris
462 2805 647 2868 gradu,
684 2820 783 2856 nec
819 2807 884 2859 ab
917 2821 981 2858 eo
1016 2809 1256 2860 altiorem
1283 2810 1335 2860 in
1360 2810 1434 2860 lo·

364 2893 484 2929 cnm
531 2881 683 2931 evehi
716 2881 1041 2946 studuerim3
1076 2890 1124 2935 2.
1159 2900 1434 2938 non-com·

363 2956 690 3022 pendiariam
713 2959 1066 3023 improborum
1095 2962 1231 3011 viam
1255 2962 1320 3012 ad
1342 2963 1435 3019 bo-

364 3046 520 3087 nores
544 3033 1174 3100 dignitatesque,secutus
1204 3039 1319 3102 sim,
1340 3038 1433 3090 sed

364 3108 653 3172 longiorem
700 3110 839 3161 illam
880 3112 1106 3162 virorum
1152 3114 1435 3178 bonorum;

364 3189 418 3234 3.
440 3187 592 3235 malis
617 3188 954 3251 temporibus,
991 3189 1045 3239 id
1078 3198 1181 3253 est,
1208 3193 1436 3243 Domiti·

364 3263 451 3312 ani
476 3263 597 3321 iilis,
637 3270 853 3314 moestus
883 3271 940 3316 et
975 3267 1227 3330 solicitus,
1251 3275 1437 3320 contra

363 3338 460 3392 sub
495 3339 632 3391 bono
669 3342 905 3406 principe
938 3357 1150 3406 securus
1187 3352 1436 3411 tutusque

366 3415 588 3479 fuerim3
622 3422 674 3468 4.
709 3418 933 3484 denique
967 3426 1116 3470 tanto
1147 3435 1231 3470 me
1259 3437 1438 3473 amore

369 3504 718 3562 prosequatur
761 3499 1034 3561 Traianus,
1061 3501 1303 3563 princeps
1328 3515 1438 3566 ‚op-

368 3572 546 3636 timus,
580 3579 775 3637 quanto
813 3587 897 3622 me
937 3576 1351 3637 prosequebatur
1381 3592 1437 3626 o·

366 3647 455 3698 dio
480 3649 774 3713 principum
800 3650 1072 3713 pessimus,
1091 3650 1438 3701 Domitianus.

367 3724 676 3789 Jamigitur
707 3731 762 3775 et
799 3724 973 3782 video,
996 3739 1094 3789 pro
1128 3725 1294 3787 diligo)
1316 3724 1440 3788 opti·

367 3815 497 3849 mum
519 3800 813 3866 Principem,
846 3801 1007 3851 scribi
1038 3807 1302 3866 oportere,
1325 3802 1439 3851 dili-

363 3893 458 3941 gor
476 3878 652 3941 optimo
674 3878 938 3942 Principi!
993 3878 1264 3929 Hactenus
1290 3877 1438 3930 Heu‘·

368 3967 605 4004 mannus.
671 3953 819 4004 Bene
856 3969 913 4004 se
950 3955 1052 4005 alia
1088 3955 1317 4016 habent3
1349 3970 1437 4005 ve-

370 4045 504 4094 rum,
549 4029 684 4094 quod
724 4030 791 4079 ad
827 4032 1135 4094 particulam
1152 4033 1209 4081 'st’
1230 4032 1437 4090 attinet,

370 4119 523 4169 quam
549 4105 631 4154 vir
660 4104 991 4155 doctissimus
1014 4107 1211 4170 verbis,
1242 4123 1350 4159 etun
1366 4108 1440 4158 υἱ·

368 4182 549 4237 der-em,
598 4181 756 4231 etiam
814 4181 1218 4245 praeponendam
1262 4183 1439 4233 existi-

371 4257 555 4313 mavit,
586 4271 739 4322 quam
777 4263 834 4307 et
870 4258 1168 4322 christoph.
1204 4259 1440 4318 Bebrius,

371 4335 632 4401 quondam
677 4332 828 4385 Prof.
871 4335 1219 4409 Gedanensis,
1248 4335 1349 4389 hoc
1384 4338 1439 4388 in

1943 445 1995 494 1.
2021 430 2134 498 95.
2392 427 2570 497 1099

1502 590 1617 643 loco
1661 589 1972 656 requisivit;
2019 588 2213 654 fateor,
2267 588 2312 639 si
2356 589 2570 655 quidem

1503 679 1637 724 eam,
1660 674 1752 718 aut
1776 681 1871 732 pro
1903 681 1985 729 ea,
2006 667 2193 717 saltem
2216 667 2477 730 copulam,
2497 680 2573 731 ac,

1503 756 1599 793 sen
1621 751 1690 806 et,
1711 744 1765 794 in
1789 750 1969 795 vetere
2002 743 2224 810 quodam
2253 742 2388 793 libro
2420 736 2572 806 repe‘·

1506 821 1706 885 rissem,
1746 835 1830 871 me
1868 820 2003 870 baud
2042 834 2182 883 tegre
2214 823 2572 869 assumtnrom

1504 895 1699 958 fuisse3
1732 903 2070 947 veruntamen
2109 895 2207 945 boc
2239 894 2573 958 supplemen-

1508 979 1616 1023 tum
1638 972 2036 1037 haudquaquam
2062 978 2192 1035 puto
2205 970 2576 1033 necessarium,

1506 1051 1635 1100 etin
1658 1051 1754 1099 bac
1775 1064 1831 1099 re
1853 1048 2033 1099 lubens
2055 1046 2353 1110 adstipulor,
2369 1045 2579 1100 Gesneq

1508 1142 1585 1186 ro,
1626 1128 1715 1193 qui
1749 1129 1865 1179 baec
1897 1131 2275 1178 commentatus
2302 1131 2415 1175 est:
2450 1124 2467 1151 ‘
2494 1124 2576 1173 Re

1507 1204 1696 1256 iterum
1734 1204 2081 1261 considerata,
2126 1216 2227 1252 non
2266 1210 2398 1265 puto
2442 1214 2575 1264 opus

1506 1295 1644 1340 esse,
1666 1287 1726 1331 ut
1758 1288 1942 1331 contra
1974 1279 2135 1330 libros
2166 1292 2342 1328 omnes
2372 1277 2419 1326 si
2440 1290 2576 1340 prn-

1508 1372 1796 1422 ponamus;
1831 1355 1969 1421 quod
2003 1355 2206 1406 Plinius
2237 1354 2303 1404 ad
2338 1346 2578 1418 proposi-

1507 1435 1700 1481 tionem
1725 1433 1878 1482 modo
1898 1432 2176 1497 capitalem
2194 1430 2423 1495 adjecit:
2446 1430 2576 1488 ime,

1504 1522 1612 1559 cum
1624 1508 1852 1570 viderem,
1874 1539 1889 1556 .
1909 1539 1925 1556 .
1942 1541 1956 1557 .
1979 1508 2147 1571 ardui,
2168 1506 2405 1559 incidens
2422 1507 2578 1557 modo

1504 1591 1609 1647 est,
1632 1599 1751 1650 quae
1776 1585 2158 1649 iuterpretatur
2180 1581 2574 1647 illud,substiti.’

1508 1660 1769 1711 Schuetz.
1844 1702 1849 1711 .

1574 1738 1655 1787 Aa
1673 1739 1870 1788 honores
1884 1736 2157 1800 compendia
2167 1735 2412 1800 paterent]
2436 1739 2578 1787 Com·

1503 1814 1732 1877 pendium
1756 1814 2046 1878 generatim
2075 1813 2268 1863 dicitur
2298 1827 2449 1863 omne
2485 1827 2578 1877 ge-

1509 1892 1766 1947 nus.lucri
1786 1897 1841 1942 et
1863 1899 2111 1958 quaestus,
2135 1890 2268 1956 quod
2302 1890 2385 1940 vel
2412 1891 2462 1940 in
2487 1905 2579 1955 pe-

1509 1967 1681 2032 cunia,
1704 1968 1787 2018 vel
1813 1982 1993 2032 opera,
2030 1968 2115 2018 vel
2137 1967 2241 2024 via,
2266 1967 2351 2016 vel
2376 1973 2578 2030 tempo·

1511 2057 1589 2102 re,
1609 2044 1783 2095 facere
1800 2057 2088 2108 possumus.
2153 2042 2276 2092 Prae
2298 2042 2490 2092 ceteris
2507 2040 2576 2093 de

1509 2121 1863 2185 contractiore
1891 2127 1954 2172 et
1986 2119 2227 2171 breviore
2260 2120 2345 2169 via
2367 2119 2472 2170 dici
2495 2133 2578 2177 so·

1507 2185 1618 2260 let}
1657 2212 1811 2265 quam
1847 2199 1984 2263 quis,
2015 2195 2323 2261 ambagibus
2358 2196 2579 2258 relictis,

1509 2283 1742 2337 sectans,
1764 2274 1897 2326 facit
1921 2274 2066 2339 quasi
2089 2274 2289 2324 lucrum
2313 2273 2581 2325 lassitudi-

1508 2352 1608 2400 nis.
1675 2351 1933 2404 Quinctil.
1974 2348 2152 2398 Instit.
2194 2348 2349 2399 Orat.
2385 2361 2448 2399 11.
2494 2352 2577 2398 13.

1511 2426 1529 2454 ‘
1543 2427 1614 2476 Et
1635 2433 1854 2477 stratum
1877 2426 2085 2478 militari
2108 2425 2283 2475 labore
2313 2427 2413 2476 iter
2433 2439 2581 2489 saepe

1509 2502 1817 2560 deserimus,
1838 2502 2149 2567 compendio
2178 2502 2358 2554 ducti-³
2424 2502 2579 2557 Idem

1512 2595 1592 2632 lv,
1610 2585 1661 2632 2.
1683 2580 1701 2610 ‘
1715 2579 1990 2633 Amoennm
2008 2594 2070 2630 ac
2088 2578 2242 2629 molle
2257 2579 2376 2636 iter,
2394 2580 2579 2629 etiam·

1511 2657 1557 2709 si
1579 2663 1660 2709 est
1691 2657 1850 2722 spatii
1873 2656 2158 2721 amplioris,
2181 2655 2348 2705 minus
2371 2653 2581 2719 fatigat,

1511 2749 1665 2800 quam
1707 2735 1891 2784 dur'nm
1927 2732 2245 2798 arduumque
2274 2731 2583 2795 compendi·

1512 2808 1633 2860 nm.'
1687 2809 1892 2860 Deinde
1926 2807 2244 2859 transfertur
2278 2808 2344 2858 ad
2380 2808 2581 2860 brevio-

1512 2901 1622 2936 rem
1647 2894 1705 2938 et
1725 2885 2015 2939 faciliorem
2041 2898 2401 2950 quemcunque
2422 2896 2585 2949 agen*

1513 2962 1586 3020 di,
1635 2961 1878 3025 docendi,
1919 2968 2012 3012 aut
2052 2959 2247 3025 aliquid
2287 2959 2583 3023 obtinendi,

1512 3040 1785 3089 rationem.
1850 3037 2000 3087 Idem
2019 3037 2273 3089 Quinctil.
2290 3050 2328 3086 ι.
2346 3039 2395 3084 1.
2413 3037 2428 3063 ⁴
2445 3036 2583 3086 Bre-

1514 3113 1600 3165 v'ia
1643 3114 1868 3166 docendi
1909 3119 2192 3163 monstrare
2231 3111 2582 3176 compendia,'

1513 3194 1614 3241 διο.
1681 3187 1969 3253 Compendi«
1988 3188 2146 3237 etiam
2168 3185 2419 3251 dicuntur
2437 3194 2582 3241 artes

1512 3266 1746 3319 breviter
1770 3264 2030 3331 facileque
2048 3264 2385 3329 perveniendi
2404 3264 2470 3313 ad
2484 3265 2580 3314 ho-

1514 3357 1666 3392 nores
1711 3347 1766 3393 et
1798 3341 2112 3405 dignitates;
2151 3356 2266 3405 quae
2306 3342 2389 3389 vel
2428 3341 2579 3393 boun
2626 3342 2635 3350 ’

1512 3426 1654 3480 sunt,
1697 3418 1780 3469 vel
1825 3418 1995 3468 rnalae.
2060 3418 2148 3468 De
2183 3419 2276 3467 tali
2312 3418 2585 3483 expedita,

1514 3507 1681 3559 eaque
1715 3493 1855 3547 bona
1886 3501 1942 3544 et
1974 3494 2357 3557 compendiaria
2390 3495 2474 3544 via
2502 3497 2582 3546 lo·

1516 3572 1692 3634 quitur
1729 3570 1841 3621 Cic.
1875 3566 2033 3619 Offic.
2067 3581 2136 3617 11.
2169 3572 2247 3619 12.
2281 3569 2580 3622 ‘Praeclare

1513 3645 1754 3696 Socrates
1777 3648 1910 3697 banc
1933 3646 2066 3695 viam
2089 3644 2153 3694 ad
2171 3646 2386 3709 gloriam
2405 3646 2580 3710 proxi-

1513 3736 1670 3779 mam,
1693 3729 1750 3773 et
1772 3723 1918 3789 quasi
1951 3722 2413 3787 compendiariam,
2434 3723 2580 3775 dice·

1515 3796 1607 3846 bat
1636 3810 1771 3859 esse,
1805 3801 1848 3849 si
1872 3799 1984 3865 quis
2019 3798 2072 3847 id
2103 3809 2309 3863 ageret,
2330 3807 2388 3850 nt
2410 3801 2580 3866 qualis

1514 3875 1695 3926 haberi
1736 3878 1913 3939 vellet,
1951 3878 2068 3927 talis
2102 3878 2277 3929 esset!
2341 3878 2427 3929 ef.
2461 3880 2581 3930 Vai.

1514 3952 1662 4001 Max.
1678 3966 1781 4002 vn.
1799 3957 1848 4002 2.
1866 3957 1914 4003 1.
1929 3953 2050 4004 Hoc
2070 3954 2186 4004 loco
2205 3954 2405 4005 Plinius
2427 3955 2582 4007 intel·

1512 4028 1634 4092 ligit
1653 4031 2094 4093 compendiariam
2119 4033 2365 4082 malarum
2391 4035 2580 4085 artium

1516 4105 1651 4154 viam
1681 4105 2017 4167 perveniendi
2040 4104 2103 4154 ad
2127 4106 2367 4171 honores,
2390 4122 2579 4174 nempe

1515 4196 1611 4246 per
1632 4180 1976 4241 adulationes,
2000 4180 2311 4249 delationes,
2334 4192 2391 4234 et
2414 4187 2583 4238 scele-

1516 4274 1573 4309 ra
1593 4273 1610 4323 3
1629 4258 1768 4323 quia,
1793 4257 2032 4309 tradente
2052 4259 2236 4311 Tacito
2251 4260 2443 4317 Annal-
2458 4277 2581 4315 ΧΠ.

1515 4339 1599 4388 57.
1644 4335 1778 4388 tales
1819 4340 1963 4386 artes
2003 4348 2145 4401 saepe
2192 4337 2483 4404 validiores,
2521 4346 2581 4395 et
