3017 4942
721 395 789 445 c.
835 393 1086 445 nunu
1133 392 1470 444 suenum
1523 391 1804 445 ranno.
1878 392 1930 443 1.
1960 376 2070 443 40.

283 540 329 592 si
344 554 453 594 non
475 539 637 591 etiam
658 539 829 591 omnia
848 540 1079 605 scripsit.
1115 541 1283 592 Gur.

348 618 489 667 Idem
516 617 761 683 effecisti]
794 618 967 683 Vulgo
1003 618 1198 682 legitur
1233 618 1363 668 idem

272 694 444 754 fecisti
458 710 480 753 ,-
514 693 608 744 sed
624 694 733 757 jam
756 694 1362 759 Cuspiuianusfflrover·

288 771 354 822 bo
390 771 619 835 simplici
642 769 829 831 fecisti,
853 771 1122 836 evulgavit
1153 784 1362 834 compo·

283 847 440 897 situm
464 847 695 912 effecisti.
757 848 940 909 Bene;
978 848 1078 899 hoc
1100 847 1237 897 enim
1260 847 1361 898 eti·

286 937 370 974 am
406 930 652 973 asserunt
688 924 900 974 codices
934 925 1066 976 Mss.
1099 924 1361 990 Vaticani,

287 1002 624 1058 Parisiensis‚
646 1002 901 1065 Venetus,
929 1001 1362 1066 salisburgensis,

288 1078 810 1144 Guelpherbytanus,
857 1085 913 1129 et
969 1092 1135 1128 meus.
1212 1077 1363 1128 Idem

286 1156 566 1207 confirmat
621 1156 757 1206 liber
797 1160 1024 1221 uterque
1068 1152 1365 1205 Gudianus.

287 1233 428 1283 Idem
472 1233 554 1283 vir
579 1230 583 1236 ’
607 1225 795 1284 doctus
853 1232 1186 1290 Christianus
1232 1229 1366 1281 Tob.

285 1309 559 1361 Dammius
583 1324 676 1375 pro
696 1317 881 1361 neutro
899 1308 1092 1371 liabet3
1126 1322 1243 1359 cnm
1262 1307 1364 1358 boc

287 1389 406 1437 loco
429 1387 500 1436 sit
521 1386 727 1451 generis
760 1385 1052 1451 masculini,
1075 1384 1222 1451 quasi
1255 1384 1366 1436 Pli-

287 1462 406 1513 nius
451 1461 645 1512 dixerit
686 1462 816 1512 idem
867 1467 922 1513 tu
975 1461 1203 1527 effecisti.
1236 1465 1243 1476 '
1275 1461 1367 1511 Sic

289 1539 452 1589 etiam
475 1539 706 1603 loquitur
728 1536 889 1601 infra,
921 1538 958 1587 l.
978 1552 1023 1588 1.
1053 1537 1235 1588 ‘Idem
1259 1542 1366 1589 tam

288 1628 485 1681 parcus
519 1616 571 1666 iu
607 1615 928 1681 aedificando,
961 1630 1114 1681 quam
1143 1615 1367 1680 diligens

287 1693 343 1743 in
367 1692 604 1745 tuendo-⁹
667 1693 829 1747 Quasi
863 1693 1003 1744 enim
1024 1692 1130 1744 duo
1151 1692 1369 1755 Trajani

289 1771 482 1822 merita
513 1776 573 1821 et
604 1770 862 1822 beneficia
890 1784 960 1820 ex
992 1770 1147 1821 unica
1176 1769 1370 1821 condo·

289 1847 509 1898 natione
533 1847 770 1912 pristinoe
794 1845 1052 1899 vicesimoe
1076 1844 1293 1897 deducit
1313 1851 1372 1898 et

294 1925 480 1977 laudat
497 1926 737 1977 Pliniuss
773 1939 948 1987 unum,
964 1923 1103 1990 quod
1119 1924 1372 1989 Trajanua

295 2001 373 2053 sic
399 2002 620 2052 solverit
642 2002 892 2066 pristinos
915 1999 1182 2052 debitores
1219 2015 1250 2050 a
1272 2001 1373 2051 sol-

294 2078 463 2131 vendi
524 2078 840 2130 necessitate
863 2098 879 2141 ;
936 2079 1178 2137 alterum,
1233 2077 1374 2142 quod

300 2155 444 2208 idem
464 2147 548 2207 'sic
567 2154 822 2222 effecerit,
839 2170 904 2206 ne
920 2155 1216 2221 superiores
1233 2154 1374 2218 priu-

298 2228 470 2301 cipes,
499 2237 590 2302 qui
627 2236 780 2286 istam
815 2234 1112 2285 vicesimam
1146 2220 1376 2297 imposu-

296 2320 470 2378 erant,
483 2313 616 2376 jam,
628 2318 906 2378 postquam
924 2324 988 2361 ea
1007 2326 1039 2361 a
1054 2309 1282 2375 Trojano
1300 2323 1380 2359 re·

296 2389 452 2440 missa
476 2397 611 2447 erat,
636 2389 771 2439 male
792 2388 1099 2453 duriterque
1121 2387 1287 2452 egisse
1300 2386 1377 2437 vi-

294 2465 569 2516 derentur.
593 2465 716 2517 Nou
731 2465 971 2529 inargute
984 2462 1284 2528 conjecerat
1296 2462 1379 2513 Li·

293 2541 519 2608 vincius,
545 2556 641 2606 pro
665 2556 795 2593 voce
816 2544 964 2605 idem,
987 2531 1378 2592 rescribendum

294 2630 410 2670 esse
431 2618 486 2668 ἔα
510 2623 601 2678 est,
623 2617 700 2669 ita
713 2623 774 2668 ut
792 2618 895 2668 ista
917 2617 1086 2683 prima
1105 2631 1197 2668 sex
1213 2615 1379 2667 verba

293 2701 676 2766 connectantur
703 2709 821 2745 cum
855 2694 1120 2759 proximis,
1139 2707 1256 2758 quse
1287 2706 1379 2743 an·

297 2778 644 2827 tecesseraut.
678 2771 798 2822 Nec
826 2769 1105 2835 nego,ista
1125 2768 1379 2821 vocabula

294 2847 451 2913 idem,
471 2855 630 2913 atque
651 2847 706 2899 id
724 2852 818 2909 est,
838 2845 995 2898 facile
1015 2847 1156 2898 inter
1177 2861 1234 2898 se
1257 2860 1379 2911 per·

298 2915 509 2977 m'isceri
530 2925 783 2991 potuisse,
807 2924 1029 2975 maxime
1049 2923 1138 2975 nbi
1163 2923 1380 2975 verbum

297 3007 375 3053 est
414 3016 510 3066 per
545 3001 914 3068 compendium
943 3017 971 3053 e
997 3002 1249 3067 scriptum
1288 3002 1376 3061 sit,

299 3079 539 3129 ut-etiam
573 3093 671 3143 pro
700 3094 777 3130 em
802 3077 928 3142 legi,
954 3086 1010 3129 et
1033 3093 1151 3129 cum
1178 3078 1234 3129 id
1255 3092 1378 3130 con·

291 3155 449 3220 jungi
488 3155 673 3219 possit.
708 3155 861 3205 ‘Nec
899 3154 1091 3208 desunt
1134 3156 1378 3221 exempla

299 3232 453 3296 bnjus
486 3229 827 3297 confusionis,
849 3246 967 3298 quae
993 3223 1227 3297 sug'gerit
1250 3234 1378 3284 Cor-

303 3309 407 3360 tius
428 3309 494 3359 ad
520 3309 661 3359 Plin.
686 3308 859 3373 Epist.
878 3321 958 3359 vr.
977 3313 1063 3361 29.
1077 3315 1136 3359 et
1157 3307 1378 3360 Arutse-

300 3383 416 3435 nius
440 3384 508 3436 ad
531 3385 586 3436 b.
622 3386 659 3437 l.
692 3385 783 3450 qui
820 3386 981 3436 etiam
1019 3385 1201 3447 vellet,
1222 3385 1378 3436 istam

218 3517 233 3530 Ι
302 3461 623 3525 ingeniosam
646 3460 865 3512 Livineii
880 3460 1275 3526 conjectursma
1290 3475 1380 3511 co·

301 3537 509 3589 dicibus
552 3538 685 3589 Μαι.
713 3536 1029 3588 confirmari.
1094 3538 1226 3591 Quae
1263 3537 1379 3602 ipsa

302 3614 529 3666 Livineii
574 3615 882 3680 conjectura
921 3614 1082 3666 etiam
1127 3629 1159 3664 a
1201 3614 1379 3679 Lipsio

302 3698 361 3743 et
379 3691 612 3742 Grutero
630 3697 714 3741 est
735 3690 1096 3755 comprobata.
1159 3690 1377 3753 Verum,

303 3769 548 3834 quonism
570 3781 674 3817 vox
694 3767 822 3817 idem
839 3767 892 3816 in
913 3766 1147 3818 omnibus
1167 3766 1379 3818 omuino

302 3845 447 3895 libris
485 3851 743 3909 superest,
773 3858 945 3908 neque
978 3843 1085 3893 ulla
1120 3848 1266 3906 nota,
1299 3843 1376 3893 ul·

302 3921 477 3972 lumve
497 3920 764 3977 indicium,
797 3919 947 3970 istius
969 3918 1264 3969 variationis
1287 3917 1378 3968 de·

302 3997 678 4063 prehenditur3
708 4004 774 4045 'et
796 3996 1039 4061 quoniam
1062 3995 1246 4045 eadem
1266 3994 1378 4045 vul·

305 4083 431 4139 gata
466 4074 624 4124 lectio
658 4071 818 4123 nihilo
851 4073 1019 4122 minus
1052 4070 1378 4123 commodam

306 4151 538 4201 admittit
559 4149 1066 4213 interpretationem,
1080 4161 1196 4198 eam
1213 4147 1378 4212 ipsam

307 4228 579 4291 aspernari
600 4240 663 4276 ac
686 4225 907 4288 rejicere
931 4225 1094 4275 uolui.
1135 4223 1383 4275 Schwarz.

371 4304 453 4357 Ns
470 4300 876 4368 mazosprincipes
896 4298 1248 4366 habuissemus]
1271 4300 1317 4355 1.
1332 4313 1384 4353 e.

2373 374 2509 444 675

1437 551 1506 589 ue
1543 537 1814 591 videamur
1844 537 2232 605 sentiamusque
2262 535 2386 590 olim
2418 537 2511 589 bs-

1435 615 1615 667 buisse
1649 617 1815 667 malos
1858 615 2143 681 principes,
2186 614 2276 681 qui
2319 622 2509 667 tenues

1436 695 1762 747 hereditates
1783 694 2051 760 rapuerint
2070 710 2088 756 ς
2111 708 2227 745 cnm
2252 701 2311 746 tu
2327 708 2511 745 eorum

1435 770 1585 835 leges
1603 769 1671 821 de
1694 771 1940 822 vicesima
1960 773 2273 837 correxeris,
2296 772 2514 822 remise·

1436 847 1629 912 risque,
1650 862 1767 913 qum
1787 848 1881 900 sub
1904 848 2051 899 malis
2072 847 2398 914 principibus
2420 848 2512 900 fis·

1436 925 1507 975 co*
1536 924 1875 976 debebantur.
1903 989 1914 996 f
1942 926 2027 977 Sic
2049 932 2105 975 et
2126 940 2307 991 supra,
2327 940 2439 977 ιιι.
2460 930 2517 977 2.

1437 999 1647 1051 dixerat
1670 1002 1811 1053 Plin.
1840 1001 1857 1028 ‘
1874 1016 1978 1052 uon
2002 1002 2264 1053 immensis
2286 1001 2516 1053 muneri·

1437 1077 1538 1129 bus
1563 1078 1897 1144 paciscimur,
1912 1084 1972 1130 ut
1989 1078 2304 1139 vicerimus,’
2320 1079 2359 1131 i.
2385 1094 2433 1132 e.
2451 1083 2516 1131 ut

1438 1154 1627 1206 vicisse
1651 1155 1967 1207 videremur.
2022 1156 2093 1206 Et
2110 1170 2248 1207 xxv.
2269 1159 2321 1210 4.
2344 1162 2361 1185 ‘
2377 1155 2513 1207 Pro-

1442 1231 1610 1281 visum
1632 1238 1735 1289 est,
1756 1245 1824 1282 ne
1860 1231 1977 1296 quis
2006 1246 2167 1296 teger,
2200 1246 2265 1283 ne
2291 1233 2405 1297 quis
2427 1245 2515 1283 oc·

1439 1314 1683 1372 cupatus,
1716 1321 1784 1357 ne
1817 1306 1931 1373 quis
1974 1307 2203 1373 denique
2245 1310 2400 1371 longe
2432 1306 2517 1358 fu·

1439 1383 1606 1447 isset,'
1624 1385 1658 1434 i.
1669 1400 1718 1436 e.
1733 1382 1892 1436 fuisse
1908 1384 2195 1436 videretur.
2211 1386 2291 1448 xEt
2307 1398 2519 1437 xxvm.

1438 1466 1492 1513 2.
1511 1461 1528 1491 ⁸
1547 1462 1672 1513 Non
1692 1461 1792 1512 tibi
1810 1460 2174 1513 benefaciendi
2192 1461 2296 1513 fuit
2309 1471 2518 1526 caussa,

1441 1543 1520 1598 ut,
1542 1555 1661 1606 quoe
1702 1540 1837 1591 male
1862 1539 2091 1606 feceras,
2126 1540 2335 1606 impune
2360 1539 2517 1592 fecis·

1443 1615 1562 1667 ses.'
1603 1617 1755 1668 Idem.

1512 1694 1621 1751 Quo
1641 1692 1861 1760 ingenio]
1912 1692 1964 1746 1.
1988 1708 2039 1747 e.
2066 1696 2186 1749 Quo
2207 1693 2399 1759 animo,
2420 1708 2523 1761 qua
2552 1699 2558 1704 ’

1396 1831 1403 1834 ,
1442 1772 1649 1834 indole3
1674 1773 1803 1830 sive,
1824 1772 1922 1823 boc
1945 1771 2041 1823 tali
2056 1772 2289 1837 ingenio,
2303 1772 2403 1822 hoc
2423 1770 2519 1822 tali

1445 1855 1698 1914 tantaque
1738 1847 1916 1900 indole
1970 1854 2081 1900 tna.
2152 1847 2470 1899 Germanice
2502 1861 2521 1897 s

1446 1927 1533 1993 bey
1562 1941 1615 1976 so
1641 1926 1909 1989 guddigeus
1927 1927 2026 1975 aad
2042 1924 2263 1989 gangem
2278 1924 2522 1988 gemiiths,

1446 2005 1554 2069 vel,
1591 2005 1705 2055 Uud
1733 2006 1797 2054 du
1816 2006 1882 2054 du
1902 2017 1957 2053 so
1983 2003 2137 2067 giitig
2161 2003 2385 2066 gesiuuet
2405 2000 2520 2053 bist.

1447 2081 1571 2133 Nou
1595 2080 1768 2146 potnit
1789 2094 1890 2131 non
1912 2079 2195 2131 obscurare
2228 2079 2520 2130 orationem

1449 2157 1611 2207 Plinii
1635 2156 1923 2220 Livineius,
1942 2154 2065 2205 dum
2085 2155 2201 2205 haec
2219 2152 2397 2217 verba,
2414 2153 2521 2210 Quo

1447 2234 1664 2298 iugenio,
1682 2233 1984 2299 parenthesi
2002 2231 2333 2294 includenda,
2348 2231 2521 2282 simul·

1449 2326 1553 2378 que
1609 2318 1737 2363 nota
1790 2307 2212 2374 interrogationis
2265 2305 2523 2372 signanda
2554 2297 2562 2306 ’

1452 2389 1673 2440 censuit.
1716 2387 1869 2437 Idem.

1516 2464 1575 2514 Si
1595 2468 1770 2515 natura
1790 2461 2062 2529 peterem]
2097 2460 2147 2513 1.
2165 2475 2214 2512 e.
2238 2461 2294 2512 Si
2314 2475 2411 2525 per
2433 2473 2525 2511 na-

1451 2546 1587 2592 turae
1628 2539 1861 2591 ordinem
1906 2537 2024 2589 fieri
2060 2537 2245 2603 possit,
2283 2542 2345 2588 ut
2378 2534 2523 2587 facta

1448 2615 1738 2667 reddantur
1770 2614 2004 2666 infecta.
2055 2613 2168 2665 Cic.
2205 2612 2410 2664 Quaest.
2447 2609 2521 2662 A·

1451 2692 1569 2744 cad.
1590 2705 1672 2742 tv.
1692 2694 1779 2741 48.
1800 2696 1816 2719 ⁸
1830 2689 1982 2741 Quod
2012 2702 2181 2738 rerum
2204 2691 2394 2737 natura
2416 2700 2522 2738 non

1408 2769 1413 2770 ⁷
1449 2766 1685 2834 patitur.'
1720 2766 1925 2816 Plinius
1949 2764 2142 2828 Major,
2168 2763 2331 2814 N.H.
2353 2776 2527 2814 xvur.

1449 2849 1535 2897 29.
1563 2844 1713 2895 ‘Non
1732 2842 1934 2907 patitur
1949 2842 2084 2891 ratio
2098 2838 2340 2891 naturus!
2371 2840 2524 2891 Idm.

1518 2921 1663 2972 Boua
1698 2917 1981 2983 rqfudisses]
2013 2918 2062 2968 Ι.
2098 2931 2148 2968 e.
2183 2914 2523 2976 reddidisses,

1451 3006 1546 3050 aut
1578 2996 1969 3062 compensando
2004 2994 2342 3048 restituisses.
2409 2995 2524 3044 Pli-

1450 3077 1568 3127 nius
1601 3088 1760 3140 supra
1782 3086 1948 3125 xxxr.
1972 3076 2022 3122 8.
2063 3072 2080 3100 ‘
2097 3070 2404 3122 Refudimus
2430 3069 2525 3121 Ni·

1451 3154 1504 3205 lo
1544 3167 1658 3204 suas
1696 3149 1917 3217 copias.'
1959 3149 2184 3201 Bebrius
2222 3148 2409 3200 maluit
2433 3150 2526 3200 -le-

1452 3244 1577 3297 gere
1595 3229 1892 3291 refunderes.
1925 3227 2133 3278 Dicitur
2156 3232 2333 3277 autem
2351 3225 2527 3290 Traia-

1452 3320 1549 3358 nus
1592 3307 1765 3358 ‘bona
1792 3305 2057 3371 spoliatis,
2092 3303 2371 3355 trucidatis
2407 3317 2527 3353 sau-

1455 3384 1704 3453 guinem,’
1732 3385 1841 3437 sive
1863 3384 2041 3441 vitam,
2059 3381 2325 3436 refusurus
2341 3379 2552 3432 t'uissea.

1455 3462 1638 3589 uffo-u
1669 3543 1757 3589 suo
1772 3536 1970 3604 seculo]
2020 3536 2070 3587 1.
2091 3550 2135 3587 e.
2160 3549 2263 3586 nou
2286 3539 2526 3600 ternpore

1454 3615 1717 3681 regiminis
1739 3621 1797 3666 et
1821 3613 2029 3680 imperii
2052 3614 2154 3667 tui.
2201 3611 2340 3663 Vide
2365 3625 2524 3677 supra
2608 3669 2612 3673 ,

1452 3689 1519 3742 ad
1541 3695 1783 3744 xvmsl.
1816 3691 1973 3742 Ιαειιι.

1518 3770 1636 3819 Nou
1664 3773 1746 3819 tuo
1771 3766 1972 3831 seculo]
1999 3766 2122 3817 Uno
2140 3762 2302 3815 verbo
2325 3761 2527 3813 remisit

1453 3844 1656 3911 reliqua
1676 3843 1793 3908 ejus
1812 3842 2103 3907 vectigalis,
2120 3841 2182 3890 in
2196 3838 2402 3890 caussis
2412 3838 2524 3889 dic-

1453 3921 1543 3973 tis.
1611 3920 1731 3971 Hoc
1752 3926 1857 3982 est,
1878 3917 2016 3984 qnod
2034 3915 2294 3968 Ausonius
2315 3914 2367 3965 iu
2385 3915 2523 3965 Lau-

1453 3996 1667 4048 datione
1704 3995 1949 4047 Gratiani
1990 3992 2190 4057 tangit:
2225 3990 2361 4040 ‘Vel
2393 3988 2525 4042 illud

1453 4088 1613 4126 unum
1654 4071 1940 4137 eujusmodi
1979 4077 2082 4127 est,
2120 4070 2187 4120 de
2219 4066 2546 4119 condonatis„

1453 4147 1673 4201 residuis
1719 4146 2071 4198 tributorum?
2116 4145 2249 4199 Quis
2294 4135 2524 4209 unquam

1452 4224 1830 4290 imperatorum
1851 4222 1948 4271 boc
1969 4220 2252 4286 provinciis
2270 4218 2377 4269 suis
2394 4215 2523 4267 ube·
2553 4239 2558 4246 ·

1454 4303 1593 4357 riore
1618 4297 2027 4365 te‘iudulgeutia
2060 4296 2245 4351 dedit?
2298 4294 2524 4347 Fecerat
2549 4299 2556 4304 ’
