3017 4942
500 423 638 495 818

509 584 707 636 amicos
727 581 927 634 habes?
993 582 1107 634 Cic·
1129 582 1194 632 sd
1215 582 1379 632 Attic.
1403 595 1480 632 tv.
1500 584 1585 631 16.

509 667 530 695 ‘
547 662 699 723 Mihi,
713 662 1031 723 mehercule,
1059 661 1185 711 nihil
1209 659 1487 710 videbatur
1503 673 1586 707 es·

513 752 594 800 se,
610 738 662 786 iu
684 752 786 802 quo
811 738 1068 786 tantulum
1089 738 1389 799 interesset,
1409 742 1587 785 utrum

417 842 424 846 -
512 827 610 878 per
650 824 1017 877 procuratores
1053 827 1256 876 ageres,
1292 826 1355 861 an
1397 824 1491 874 per
1530 817 1586 859 te

512 888 719 954 ipsum-⁹
789 889 988 939 Plinius
1035 896 1215 939 noster
1257 887 1430 951 Epist.
1463 900 1503 936 ι.
1534 888 1589 935 4.

516 965 533 999 ⁴
556 966 703 1015 Servi
729 966 938 1028 probari
961 965 1181 1015 dominis
1208 979 1303 1028 per
1323 965 1454 1016 alios
1479 976 1586 1012 ma·

514 1042 613 1106 gis,
635 1056 788 1106 quam
815 1056 908 1104 per
926 1042 1087 1104 ipsos,
1111 1039 1388 1091 laborant-⁹
1436 1038 1587 1093 Alias

519 1133 661 1182 vero,
685 1125 700 1149 ‘
720 1120 828 1169 Per
852 1120 1074 1184 aliquem
1105 1133 1297 1184 capere
1328 1117 1588 1176 bonores‚’

516 1202 665 1247 notat
710 1209 944 1245 caitssam
990 1194 1327 1259 efficientem,
1367 1209 1587 1261 eamque

521 1273 606 1322 rel
632 1273 950 1337 primariam,
969 1273 1049 1322 vel
1073 1273 1329 1335 mediam3
1352 1272 1428 1322 uti
1445 1271 1585 1336 spud

519 1349 720 1412 Nepot.
745 1347 1001 1417 Attgcap.
1019 1354 1070 1401 7.
1107 1359 1123 1382 ·
1141 1351 1340 1412 Ceteri,
1372 1348 1461 1414 qui
1490 1362 1588 1412 per

520 1439 640 1474 eum
683 1431 774 1474 aut
802 1425 1042 1490 bonores,
1072 1432 1165 1476 aut
1198 1426 1406 1475 divitias
1428 1439 1587 1489 cepe-

520 1499 678 1557 rant,'
700 1503 800 1550 &c.
832 1500 920 1550 ubi
960 1509 1085 1565 ‘per
1123 1501 1273 1551 eum’
1308 1500 1588 1566 siguificat,

519 1577 638 1640 ejus
664 1575 920 1628 beneficio
943 1584 998 1626 et
1021 1592 1140 1641 ope.
1176 1578 1329 1627 Idem·

583 1653 689 1701 Per
706 1651 850 1716 alios]
885 1654 1003 1705 Quo
1034 1652 1222 1703 modo?
1258 1660 1452 1705 namet
1475 1653 1589 1718 ipse

518 1727 850 1787 nihilomiuus
885 1729 938 1778 in
966 1736 1201 1780 senatum
1236 1729 1497 1788 veniebat,
1531 1736 1590 1781 et

520 1804 696 1857 omnia
722 1804 926 1869 publica
957 1806 1132 1856 munia
1154 1806 1458 1872 usurpabat,
1485 1808 1587 1858 etsi

519 1896 627 1933 non
649 1884 849 1933 consul.
901 1884 1090 1949 Itaque
1115 1886 1440 1935 consulatum
1465 1901 1591 1950 qua·

523 1956 569 2006 si
608 1959 846 2022 gerebat,
874 1973 1041 2024 eoque
1071 1959 1339 2011 fruebatur
1371 1961 1424 2012 in
1459 1963 1591 2014 aliis.

517 2032 750 2085 Subibat
773 2041 964 2096 tsmeu,
994 2050 1059 2084 au
1087 2051 1211 2100 non,
1232 2038 1340 2100 pati
1361 2038 1485 2089 ulios
1516 2039 1592 2090 le-

521 2113 751 2175 gendum
774 2120 931 2162 esset.
963 2113 1100 2177 Lips-

461 2254 468 2259 .
593 2187 734 2239 Cae.
756 2201 870 2241 ux.
903 2189 1115 2250 Sedjam
1127 2195 1311 2255 temus
1328 2191 1423 2256 est]
1459 2193 1592 2244 Cum

521 2265 775 2330 ‘trajanus
798 2281 862 2317 eo
885 2267 1000 2331 ipso
1021 2283 1178 2332 anuo,
1201 2284 1303 2333 quo
1322 2270 1404 2320 bic
1423 2271 1593 2322 Pane-

522 2343 737 2407 gyricus
760 2343 969 2394 habitus
1004 2350 1103 2408 est,
1138 2347 1461 2397 consulatum
1484 2353 1592 2398 ter·

526 2420 658 2472 tium
691 2420 799 2483 jsm
843 2421 1172 2485 suscepisset,
1221 2424 1592 2489 gessissetqne,

521 2510 627 2547 non
654 2497 876 2561 amplius
894 2513 1023 2561 opus
1045 2506 1177 2560 erat,
1199 2501 1321 2549 ntis
1344 2500 1411 2549 sd
1435 2502 1592 2552 bono·

519 2588 633 2625 rem
655 2574 795 2625 hunc
828 2574 1199 2639 capessendum
1228 2577 1593 2629 exhortatione

523 2653 746 2716 quadam
792 2653 1182 2703 soilioitaretur.
1255 2653 1389 2703 Cum
1433 2655 1593 2705 uibilo

519 2728 691 2778 minus
705 2729 906 2780 Plinius
923 2742 1057 2778 nuuc
1071 2737 1454 2785 commemoret,
1467 2744 1590 2795 quo·

517 2805 680 2856 snodo
701 2806 956 2870 Trajanus
986 2812 1141 2855 autea
1175 2806 1418 2855 bonorem
1454 2808 1592 2857 hunc

523 2881 627 2935 sibi
648 2881 877 2932 oblatum
913 2881 1224 2945 deprecatus
1257 2891 1431 2944 esset;
1472 2897 1593 2946 pro·

521 2956 641 3019 prie
672 2957 848 3007 dicere
868 2956 1152 3021 debuisset,
1173 2957 1273 3007 Sed
1284 2958 1392 3018 jum
1413 2963 1597 3022 tempus

523 3038 649 3096 erat,
674 3042 723 3084 te
742 3034 837 3097 ipsi
858 3034 1122 3083 consulatui·
1150 3040 1401 3097 praecare,
1422 3041 1474 3084 ut
1499 3051 1597 3085 ma·

515 3108 680 3170 ,iorem
701 3126 809 3160 eum
840 3111 1132 3174 suscipiendo
1148 3114 1448 3176 gerendoque
1456 3113 1593 3173 face-

523 3200 625 3247 res,
645 3189 728 3249 &c-
774 3185 849 3236 At
867 3195 1062 3249 orator,
1084 3203 1202 3237 usus
1222 3189 1595 3255 προσωποποιΐᾳ,

526 3263 736 3312 nomine
779 3270 1011 3326 senatus,
1043 3264 1127 3312 vel
1160 3265 1484 3328 reipublicae,
1524 3269 1596 3316 lo-

525 3338 706 3403 quitur
719 3353 834 3388 cum
852 3338 1185 3403 imperatore,
1205 3342 1350 3405 quasi
1369 3342 1594 3391 nondum

476 3421 484 3429 “
521 3415 744 3464 ‚consule
768 3428 857 3464 ιιι.
876 3423 933 3464 et
958 3417 1206 3478 proponit
1238 3431 1301 3466 ea
1325 3430 1597 3481 argumen-

529 3495 607 3551 ta,
625 3489 813 3553 quibus
836 3491 920 3541 hic
956 3490 1261 3555 imperator,
1293 3507 1410 3543 cum
1425 3495 1596 3545 semel

526 3567 827 3633 iterumque
847 3570 984 3618 bunc
1001 3569 1250 3621 bonorem
1267 3570 1489 3621 antebac
1506 3572 1595 3621 de·

525 3652 780 3707 precatus
803 3652 961 3708 esset,
992 3645 1060 3695 sd
1091 3660 1210 3696 eum
1237 3647 1595 3711 recipiendum

528 3720 746 3773 excitari
761 3722 1154 3788 permovet-ique
1168 3724 1454 3774 debuisset.
1473 3725 1597 3776 Huc

527 3796 664 3847 adeo
686 3799 844 3847 etiam
863 3798 1091 3862 pertinet
1108 3800 1377 3850 annotatio
1394 3800 1598 3852 Gesne-

527 3874 596 3925 τί.
666 3875 859 3924 Fateor
882 3882 1073 3934 tamen,
1106 3876 1226 3925 mibi
1258 3876 1487 3926 Plinium
1522 3876 1595 3928 fea

527 3944 592 3999 re
627 3950 842 4000 nimium
871 3950 1033 4001 fuisse
1063 3950 1225 4001 videri
1254 3952 1306 4001 iu
1337 3952 1598 4006 laudanda

531 4025 742 4088 Trajani
765 4026 1093 4077 recusatione
1116 4029 1410 4077 consulatus
1437 4030 1596 4080 tertii.

527 4101 746 4151 Quanta
799 4104 932 4152 enim
980 4105 1079 4154 ists
1131 4104 1432 4162 moderatio,
1477 4120 1596 4156 cum

529 4176 857 4229 consulatum
891 4181 1025 4228 hunc
1060 4192 1162 4228 non
1195 4179 1291 4229 uisi
1328 4183 1379 4229 in
1404 4196 1596 4235 annum

534 4250 769 4314 proxime
816 4252 1172 4318 insequentem
1219 4256 1499 4314 distulerit,
1534 4273 1599 4310 sc

529 4325 727 4379 deinde
760 4327 920 4379 nihilo
939 4330 1351 4395 minusgesssrit
1381 4334 1594 4398 plures!

1206 438 1425 489 140¹?AE
1471 435 1888 487 VAluoRmt
1936 435 2027 489 ΙΝ

1658 579 1905 630 Schmun.

1728 657 1797 706 Te
1838 657 1932 720 ipsi
1966 654 2239 707 conudaetui
2277 653 2541 718 mestun]
2590 651 2641 704 1.
2683 665 2736 704 e.

1660 739 1864 796 tempus
1888 740 1989 790 est.
2016 741 2072 783 te
2105 747 2242 784 nunc
2270 734 2537 797 recipere,-
2558 740 2615 782 et
2639 747 2737 796 per

1659 815 1716 859 te
1741 810 1906 873 ipsum
1933 824 2138 873 gerere,
2158 811 2502 860 consulatum.
2572 810 2734 860 Cata-

1660 900 1807 938 uaeus
1827 888 1998 939 edidit
2021 894 2069 940 te
2086 891 2237 955 ipsum
2257 905 2277 949 ,·
2294 904 2396 939 nou
2416 895 2564 939 certe
2588 889 2738 947 male,

1661 965 1706 1015 si
1732 965 1862 1016 lianc
1892 966 2170 1017 lectionem
2209 981 2276 1017 ex
2312 972 2521 1015 vetusto
2554 966 2737 1015 codice

1660 1042 1863 1093 bausit:
1899 1043 1975 1094 sic
2007 1045 2145 1094 enim
2180 1058 2245 1094 eo
2269 1042 2600 1093 manifestius
2622 1043 2738 1092 baec

1662 1119 1823 1168 verba
1846 1125 2235 1184 opponerentur
2266 1119 2517 1183 proximis
2542 1118 2739 1179 verbis,

1657 1194 1676 1226 ⁸
1689 1208 1782 1258 per
1794 1196 1922 1246 slios
1939 1193 2040 1245 frui
2056 1195 2091 1257 3’
2106 1195 2303 1259 postule
2310 1201 2424 1244 retu
2432 1208 2564 1258 rque
2574 1195 2738 1242 nTrs·

1653 1270 1803 1334 jauo,
1834 1278 1890 1320 ιιι
1913 1271 2027 1335 jam
2054 1273 2183 1321 nolit
2205 1273 2507 1321 consulatus
2542 1270 2739 1319 honore

1660 1347 1677 1377 ⁸
1697 1345 1800 1397 frui
1819 1361 1913 1412 per
1934 1348 2064 1398 alios
2085 1348 2118 1408 3’
2150 1348 2243 1398 sed
2268 1354 2325 1398 ut
2346 1348 2458 1410 ipse
2482 1347 2739 1410 suscipiet

1661 1421 1831 1473 fasces
1854 1424 2171 1473 consulares.
2202 1424 2496 1487 Singularis
2522 1438 2648 1472 vero
2664 1423 2738 1474 lo-

1662 1500 1852 1566 quendi
1865 1499 2090 1552 formula
2109 1508 2207 1558 est,
2235 1505 2510 1565 ‘praestare
2532 1515 2592 1550 se
2616 1514 2740 1551 con-

1663 1577 1891 1635 sulatui‚’
1922 1577 1961 1628 i.
1979 1592 2028 1631 e.
2061 1584 2257 1643 praesto
2286 1578 2469 1628 adesse
2500 1577 2741 1628 consula-

1665 1652 1766 1709 tui,
1792 1661 1850 1706 et
1883 1667 2002 1704 eum
2033 1656 2287 1718 recipere,
2322 1668 2485 1718 seque
2519 1668 2581 1704 re
2617 1668 2741 1707 vers

1665 1737 1922 1796 praestare
1939 1733 2219 1782 consulem.
2253 1732 2339 1782 Sic
2362 1732 2475 1783 Cic.
2493 1732 2646 1781 Fam.
2663 1744 2740 1781 tv.

1663 1811 1716 1859 8.
1735 1813 1750 1837 ⁸
1773 1806 2052 1872 Reliquum
2071 1815 2153 1858 est
2175 1808 2355 1872 igitur,
2373 1817 2432 1859 ut
2459 1807 2559 1858 tibi
2587 1807 2740 1858 mein

1666 1885 1804 1936 omni
1841 1899 1899 1934 re
1930 1899 2047 1934 eum
2078 1885 2340 1949 praebeam
2367 1892 2742 1949 manentque,

1667 1968 1730 2011 nt
1765 1959 1833 2011 ad
1869 1961 2064 2023 omnis,
2097 1976 2216 2026 quae
2248 1962 2323 2011 tui
2352 1961 2539 2017 velint,
2576 1960 2740 2010 adsim

1667 2034 1894 2101 presto?
1931 2037 2080 2086 Idem
2102 2037 2167 2086 nd
2190 2037 2256 2088 Q.
2279 2037 2368 2086 Fr.
2385 2050 2427 2087 1.
2447 2041 2494 2086 1.
2517 2041 2569 2087 8.
2593 2039 2610 2066 ‘
2628 2036 2741 2087 Cir-

1668 2112 2110 2176 cumspiciendum
2143 2112 2441 2176 diligenter,
2466 2120 2528 2163 ut
2560 2127 2663 2164 uon
2686 2119 2741 2163 te

1666 2203 1846 2245 unum,
1883 2189 1978 2239 sed
2013 2202 2192 2239 omnes
2225 2188 2491 2238 ministros
2534 2187 2744 2251 imperii

1667 2266 1768 2329 tui,
1801 2265 1958 2316 sociis
1993 2272 2051 2319 et
2082 2265 2303 2325 civibus,
2328 2274 2386 2315 et
2415 2266 2743 2329 reipublice,

1668 2349 1922 2408 prestare
1947 2341 2194 2392 videare.’
2227 2342 2401 2407 Magis
2417 2357 2540 2392 cnm
2567 2343 2742 2392 Plinio

1664 2419 1914 2471 convenit
1939 2420 2058 2469 Lat.
2084 2420 2330 2481 Pacatus,
2353 2432 2469 2482 cap.
2490 2423 2575 2469 18.
2602 2424 2619 2449 ⁸
2636 2417 2742 2468 Ubi

1668 2498 1891 2563 primum
1933 2496 1988 2547 ιό
2026 2496 2246 2558 imperio
2279 2494 2601 2559 prestitisti,
2641 2509 2744 2545 nou

1666 2582 1953 2625 contentus
1977 2574 2091 2637 ipse
2120 2573 2261 2629 ultra
2285 2571 2409 2621 vitis
2440 2571 2743 2631 recessisse.

1667 2650 1852 2700 alienis
1889 2649 2030 2699 vitiis
2066 2647 2392 2711 corrigendis
2432 2661 2617 2697 curam
2656 2647 2748 2696 sd-

1661 2726 1881 2791 jecisti.'
1947 2727 2188 2776 Paullum
2214 2725 2368 2777 aliter
2389 2723 2606 2773 Sueton-
2628 2722 2745 2773 Tib.

1666 2818 1790 2868 cap.
1810 2807 1896 2852 83.
1927 2804 1942 2831 ‘
1963 2803 2242 2853 Paullatim
2267 2800 2560 2865 principem
2592 2813 2745 2851 exse·

1668 2882 1795 2942 ruit,
1840 2877 2227 2944 praestititque-³
2295 2878 2420 2927 Non
2473 2890 2602 2927 vero
2642 2883 2743 2935 est,

1668 2958 1808 3022 quod
1867 2956 2175 3022 cogitemus,
2220 2953 2503 3005 dicendum
2560 2952 2745 3015 fuisse,

1666 3035 1686 3065 ⁸
1705 3032 1811 3082 Sed
1827 3033 1935 3095 jam
1963 3041 2169 3095 tempus
2193 3037 2276 3080 est
2307 3036 2361 3079 te
2386 3030 2482 3094 ipsi
2508 3031 2748 3079 consula·

1672 3109 1750 3159 tui
1774 3108 2057 3172 praestandi
2073 3107 2107 3170 ς’
2140 3122 2257 3157 nam
2282 3114 2337 3156 et
2360 3106 2471 3156 Cic.
2497 3105 2567 3181 de
2590 3106 2749 3156 Orat*

1670 3199 1736 3235 ιι.
1759 3189 1846 3235 42.
1882 3184 1900 3215 ³
1923 3184 2155 3248 Tempus
2194 3190 2296 3243 est,
2321 3181 2435 3245 jsm
2468 3182 2538 3230 de
2560 3182 2746 3232 ordine

1670 3269 2096 3326 argumentorum
2119 3267 2172 3310 et
2192 3261 2259 3309 de
2280 3259 2633 3309 collocatione
2657 3258 2747 3309 ali·

1672 3338 1798 3404 quid
1827 3335 2039 3387 dicere.'
2105 3338 2176 3386 Et
2204 3336 2318 3400 ipse
2344 3335 2546 3386 Plinius
2570 3336 2745 3399 Epist·

1674 3428 1779 3466 vu.
1794 3418 1846 3464 8.
1887 3416 1904 3443 ‘
1923 3413 2153 3477 Tempus
2175 3419 2274 3475 est,
2299 3420 2355 3463 te
2383 3413 2617 3465 revisere
2638 3428 2745 3464 mo·

1672 3491 1852 3542 lestias
1875 3489 2118 3540 nostras!
2156 3491 2305 3540 Idem.

1739 3568 2049 3632 Suscipiendo
2066 3566 2388 3631 gerendoque]
2418 3566 2612 3617 Codex
2642 3566 2746 3621 1³2·

1672 3645 1925 3705 risiensis,
1950 3646 2042 3696 sed
2060 3644 2175 3695 sine
2202 3645 2357 3694 uilius
2380 3643 2502 3693 libri
2524 3645 2746 3696 alterius

1671 3735 1949 3778 consensu,
1982 3721 2093 3771 haec
2120 3722 2279 3773 verba
2304 3720 2525 3774 exhibet
2547 3721 2748 3772 auctio·

1674 3815 1752 3858 ra,
1778 3807 1834 3851 ut
1857 3801 2078 3862 iuniorem
2103 3816 2207 3850 eum
2228 3802 2545 3864 suscipiendo,
2578 3816 2748 3864 geren-

1672 3880 1734 3927 do
1761 3879 2103 3941 augustiorem,
2119 3877 2301 3936 sacius.
2346 3877 2634 3931 Arutzeuio
2657 3878 2748 3928 mi·

1674 3952 1823 4002 ritice
1848 3953 2070 4003 blandiri
2104 3954 2218 4003 visa
2251 3959 2332 4001 est
2365 3954 2639 4016 scriptura
2660 3968 2745 4003 co·

1673 4026 1804 4079 dicis
1829 4028 2176 4090 Parisiensis3
2211 4041 2326 4077 cum
2350 4029 2434 4078 liic
2458 4028 2528 4078 de
2553 4030 2747 4094 priuci-

1674 4118 1742 4166 pe
1786 4107 2000 4155 consule
2046 4113 2247 4170 agatur,
2286 4106 2375 4170 qui
2418 4109 2746 4157 consulatum

1672 4179 1897 4231 reddere
1916 4184 2152 4245 potuerit
2164 4183 2510 4244 augustiorem.
2549 4184 2747 4235 Noster

1670 4262 1812 4316 enim
1837 4261 1988 4321 infra,
2005 4275 2094 4313 nx.
2114 4266 2165 4311 2.
2187 4270 2202 4292 ‘
2221 4261 2312 4310 Vis
2335 4261 2464 4312 illud
2485 4265 2746 4328 augustis·

1670 4337 1858 4388 simum
1893 4337 2159 4390 consulum
2195 4337 2474 4407 aliquando
2516 4339 2745 4393 tribunal
