3017 4942
713 378 782 430 c.
828 373 1076 427 eman
1125 374 1458 430 saeuum
1509 370 1791 426 unna.
1865 353 2056 421 1.25.

275 517 598 585 suspicabar,
631 533 696 571 an
719 519 861 572 forte
891 518 1109 578 librarii,
1132 518 1229 569 hoo
1253 515 1349 569 eti·

275 609 359 648 am
382 598 519 655 loco,
543 612 641 661 pro
658 597 892 659 siuissent,
925 595 1202 647 debuerint
1224 594 1348 645 scri·

275 675 407 727 bere
439 675 713 736 afuissent?
775 675 880 727 Sed
915 688 1242 738 supervacua
1265 680 1350 724 est

273 752 367 802 illa
405 752 654 816 suspicio,
689 751 1092 803 reclamantibus
1127 750 1350 800 maxime

277 828 517 877 omnibns
563 828 726 879 libris.
793 829 884 879 Sic
928 835 1075 878 certe
1120 827 1350 893 loquitur

273 904 552 968 Trajanus,
570 905 707 955 inter
732 905 996 969 Epistolas
1017 904 1162 954 Plin.
1187 917 1243 954 x.
1267 907 1351 955 sl.

272 979 290 1008 ‘
308 994 429 1046 quae
455 995 559 1031 non
589 981 746 1043 longe
770 995 802 1032 a
833 995 988 1046 poena
1011 977 1153 1029 sint!
1222 978 1348 1044 Ipse

275 1056 439 1106 etiam
464 1056 581 1108 Cic.
599 1055 663 1105 ad
686 1057 870 1107 Famil.
891 1071 985 1109 xv.
1003 1061 1054 1106 4.
1090 1054 1251 1106 ‘Cum
1276 1055 1349 1105 vi·

275 1131 484 1195 der-em,
506 1146 540 1182 a
563 1132 902 1197 Cappadocia
927 1133 1239 1183 Parthorum
1261 1145 1349 1183 co·

275 1211 386 1273 pias
409 1224 624 1259 aversas
654 1224 756 1260 non
793 1210 944 1275 longo
967 1225 999 1260 n
1027 1208 1212 1260 finibus
1233 1222 1350 1259 esse

274 1283 518 1338 ciliciae?
580 1286 646 1336 In
670 1287 825 1336 Orat.
863 1299 957 1351 pro
990 1286 1175 1338 Quint.
1196 1299 1245 1336 o·
1264 1288 1350 1354 ²1⁵·

272 1363 289 1392 ⁸
306 1363 483 1416 Quam
505 1362 659 1427 longe
688 1370 773 1414 est
801 1363 922 1412 hinc
946 1363 998 1412 in
1020 1364 1204 1413 saltum
1236 1376 1349 1412 ves·

276 1447 417 1491 trum
448 1442 778 1494 Gallicanum
795 1439 830 1492 ?'
863 1441 1116 1493 Similiter
1140 1441 1352 1492 Sallust.

272 1518 533 1584 Jugurth.
576 1533 694 1584 cap·
726 1524 810 1570 47.
855 1525 872 1552 ⁸
899 1522 1031 1576 Erat
1061 1517 1199 1569 haud
1242 1519 1352 1570 lon·

275 1609 342 1660 ge
391 1596 466 1646 ab
505 1610 571 1652 eo
613 1597 804 1648 itinere
843 1596 1055 1661 opidum
1097 1595 1144 1647 N
1152 1595 1352 1647 umida·

274 1672 436 1723 rums,
470 1673 625 1722 Iden&

339 1750 417 1799 Ee
461 1748 622 1813 tuum]
662 1749 844 1801 Codex
880 1750 1168 1802 Vaticanus
1204 1754 1356 1802 8461.

277 1832 332 1876 ot
353 1825 863 1890 Guelpherhytanns
885 1827 1083 1878 habent
1115 1835 1166 1879 et
1196 1829 1354 1889 inaug

232 1916 241 1927 ·
278 1916 381 1954 non
410 1904 624 1968 quidem
648 1918 857 1967 prorsus
879 1904 1093 1969 inepte;
1123 1912 1354 1956 attamen

276 1979 469 2034 melior
509 1986 563 2029 et
605 1978 978 2042 significantior
1017 1987 1100 2031 est
1140 1984 1356 2047 vulgatu

278 2055 464 2106 lectio.
532 2057 778 2120 Ettritum,
801 2057 836 2105 i.
861 2070 910 2107 e.
931 2056 1277 2121 magnificum,
1300 2061 1356 2110 et

282 2136 381 2186 tibi
423 2136 713 2200 proprium,
748 2149 916 2197 neque
946 2148 1079 2199 opus
1123 2144 1212 2186 sut
1245 2151 1355 2187 mu·

281 2228 379 2263 nus
405 2214 621 2263 virtutis
644 2227 760 2263 cnm
791 2213 906 2262 aliis
928 2215 1214 2267 communis
1253 2220 1356 2265 est.

282 2291 371 2341 Sic
398 2291 474 2341 ait
496 2291 609 2342 Cic.
627 2288 694 2339 ad
722 2289 904 2339 Famil.
928 2303 984 2339 x.
1004 2294 1054 2339 6.
1075 2288 1093 2317 ‘
1110 2289 1208 2340 His
1227 2296 1357 2340 tem·

282 2366 503 2431 poribus
539 2364 854 2416 difficillimis
879 2365 1188 2429 reipublicae
1212 2367 1356 2431 quio·

281 2443 410 2507 quid
435 2441 767 2506 subveneris,
785 2441 836 2491 id
860 2443 960 2491 erit
979 2448 1151 2492 totum
1167 2450 1222 2492 et
1241 2456 1357 2506 pro·

279 2519 456 2584 prium
484 2526 633 2569 tunm
653 2517 688 2581 ;'
714 2519 1027 2583 ubiquidarn
1046 2519 1248 2585 legunt,
1269 2521 1359 2570 ‘et

280 2596 505 2660 proprie
541 2592 743 2657 tnnm3'
782 2601 936 2658 prout
968 2595 1105 2646 idem
1140 2597 1254 2647 Cic.
1291 2596 1356 2648 ad

284 2673 477 2723 Famil.
505 2685 564 2722 x.
587 2675 671 2722 24.
696 2670 711 2698 ‘
730 2671 822 2722 Me
847 2671 1053 2736 diligas,
1074 2685 1218 2737 rogo,
1238 2686 1359 2736 pro·

281 2750 507 2815 prieque
545 2757 690 2798 tnnm
728 2762 844 2798 esse
882 2749 976 2799 tibi
1013 2749 1361 2813 persuadeas-⁹

282 2827 436 2878 Idem
457 2841 552 2890 pro
575 2825 847 2881 Marcello,
870 2839 916 2874 c.
931 2828 980 2874 2.
1003 2829 1018 2855 ‘
1033 2825 1358 2884 Totnm‘hoc,

283 2909 752 2969 quantumcunque
774 2909 873 2965 est,
891 2901 1027 2965 quod
1046 2909 1193 2952 certe
1216 2916 1359 2952 max-

284 2980 444 3032 imum
469 2987 572 3041 est,
598 2985 761 3029 totum
795 2985 897 3040 est,
927 2977 1153 3043 inquam,
1179 2978 1361 3030 tuum-²

284 3056 356 3106 Et
377 3070 425 3106 c.
450 3059 502 3105 d.
522 3054 537 3082 ‘
559 3054 693 3105 Haec
715 3054 851 3104 enim
877 3068 961 3104 res
981 3055 1131 3106 nnius
1147 3060 1227 3106 est
1245 3069 1361 3121 pro⁴

287 3132 403 3196 pria
427 3129 694 3182 Caesarisss
728 3130 876 3182 Idem.

354 3213 423 3262 Et
448 3210 609 3273 tuum]
626 3209 643 3237 ‘
664 3210 1005 3261 Liberalitate
1030 3209 1157 3261 nihil
1175 3217 1255 3262 est
1273 3226 1362 3262 na·

290 3293 422 3337 tnrae
457 3286 683 3336 hominis
719 3284 1198 3344 accommodatius,⁸
1251 3286 1363 3339 Cic.

293 3362 397 3416 Off.
440 3364 539 3416 lib.
574 3377 614 3412 1.
652 3369 706 3415 et
742 3369 758 3395 ⁶
778 3363 1066 3428 principum
1107 3362 1364 3427 inprimis,

291 3459 415 3509 quos
438 3444 621 3504 armis,
648 3456 797 3505 quam
822 3440 1181 3493 munificentia
1205 3442 1364 3506 vinci,

291 3520 459 3572 minus
478 3518 795 3582 flagitiosum
811 3517 927 3574 est:
943 3519 1155 3569 Sallust.
1172 3518 1223 3569 in
1240 3519 1367 3583 Jug.

292 3605 308 3627 ‘
327 3599 548 3661 Regium
574 3605 658 3648 est
681 3595 1014 3657 benefacere,
1035 3611 1096 3647 ac
1117 3597 1252 3647 male
1274 3611 1364 3646 an·

293 3673 439 3737 dire,’
476 3672 804 3725 Antisthenis
828 3671 1202 3738 apophthegm.
1263 3672 1365 3724 Ille

188 3763 191 3768 ⁴
290 3752 456 3802 &diem
492 3749 804 3814 perdidisse,
835 3763 936 3814 qno
972 3749 1099 3798 nihil
1120 3750 1366 3815 cuiqnam

298 3825 663 3889 praestitisset,’
724 3827 945 3878 Sueton.
991 3827 1100 3877 Tit.
1149 3839 1266 3889 cap.
1313 3831 1366 3879 8.

299 3904 410 3957 Quo
448 3903 683 3967 respexit
716 3909 772 3952 et
807 3902 947 3966 Imp.
979 3902 1235 3953 Theodos.
1264 3902 1365 3953 Va·

290 3982 473 4032 lentin-
505 3986 521 4012 ‘
540 3981 730 4039 Diem,’
759 3981 947 4045 inquit,
975 3986 991 4009 ⁸
1011 3980 1222 4045 periisse
1246 3995 1366 4045 pro-

300 4060 377 4108 cul
408 4059 574 4110 *dnbio
620 4058 967 4123 suspicemur,
1007 4072 1163 4125 quem
1201 4059 1366 4109 nostri

301 4135 516 4185 numinis
562 4125 923 4187 beneficentio
957 4150 1060 4186 non
1107 4134 1369 4186 illustrat!

304 4211 466 4262 Credo
492 4211 758 4276 principes
795 4226 860 4263 ex
895 4227 959 4263 eo
991 4226 1198 4279 quoque
1221 4213 1366 4263 Deos

303 4287 350 4338 in
390 4290 551 4341 sacris
587 4288 782 4341 dictos.
837 4290 995 4342 Certe
1032 4290 1226 4343 David.
1264 4300 1367 4382 Ἓξ]

2351 351 2487 421 559

1422 530 1519 582 pro
1541 521 1664 569 nota
1685 529 1794 568 sna
1816 512 2102 566 vocationis
2118 511 2293 564 habet.
2327 517 2342 542 ⁶
2359 514 2487 565 Pto·

1422 599 1633 646 lemarus
1655 594 1869 660 AEgypti
1892 594 2003 644 Rex
2027 591 2147 643 inde
2159 592 2487 655 eunomius·

1424 681 1509 723 tus
1546 679 1629 726 est
1653 669 1976 735 Evergetes,’
2010 670 2063 720 h.
2085 684 2135 721 e.
2156 672 2172 699 ⁸
2187 668 2486 720 beneficus.'

1424 749 1577 802 Quod
1608 761 1897 811 cognomen
1933 753 1989 796 et
2018 746 2133 796 aliis
2164 745 2487 810 principibus

1426 826 1588 876 trihni
1611 825 1787 890 vulgo,
1809 822 1901 873 sed
1925 822 2080 880 male,
2098 836 2165 872 ex
2187 822 2317 873 Luc.
2339 835 2490 874 1¹11.

1423 905 1508 953 25.
1533 900 1772 969 probant·
1837 900 2005 950 Locus
2029 897 2165 949 enim
2186 898 2288 948 iste
2317 896 2489 964 (licet,

1425 978 1561 1043 qnod
1588 978 1747 1030 libeat
1767 976 2005 1039 monere)
2039 974 2247 1024 minime
2267 974 2322 1024 id
2358 973 2489 1028 vnit.

1423 1055 1601 1107 Verba
1623 1052 1917 1106 Servatoris
1938 1053 2053 1103 haee
2076 1058 2225 1103 sunt:
2264 1049 2327 1102 Oi
2344 1054 2487 1108 βασι·

1423 1138 1529 1188 λεῒο
1548 1138 1646 1187 τᾶν
1670 1134 1817 1186 ἐθνόν
1836 1130 2128 1198 κυριεύουσιν
2146 1132 2318 1197 αὐτοῖν,
2338 1131 2419 1184 καὶ
2439 1131 2489 1182 oi

1424 1211 1784 1279 ἐξουσιάζοντες
1809 1212 1981 1275 οὔτᾶν,
2016 1209 2259 1276 εὐεργέται
2283 1212 2490 1262 καλοῦν·

1422 1303 1519 1341 τοι·
1542 1290 1631 1342 nbi
1663 1288 2012 1353 ἐξουσιάζοντες
2031 1288 2187 1338 αὐτῶν
2207 1294 2330 1338 snnt
2357 1286 2487 1353 (non

1427 1374 1486 1418 ut
1519 1367 1693 1434 vulgo,
1724 1367 1806 1431 qai
1832 1370 2116 1431 potestatem
2146 1364 2321 1414 babeat
2344 1378 2488 1428 snper

1424 1460 1523 1503 eos,
1561 1447 1671 1496 scil.
1706 1452 1907 1508 gentes,
1941 1441 2060 1508 sed)
2088 1448 2305 1507 potentes
2337 1442 2490 1493 οὔτ-ὂν

1424 1522 1539 1573 scil.
1558 1519 1812 1580 fluam,
1845 1520 1943 1571 hoo
1977 1527 2077 1581 est,
2102 1534 2278 1582 regum
2300 1521 2488 1584 dynas-

1426 1606 1515 1659 tae,
1549 1612 1814 1665 proceres,
1835 1597 1887 1646 in
1923 1596 2040 1646 sula
2067 1603 2329 1661 potentes.
2395 1596 2490 1659 Hi,

1427 1690 1546 1728 cnm
1578 1689 1754 1741 regem
1787 1687 2069 1738 regnumve
2097 1672 2280 1735 insigni
2313 1671 2491 1736 aliquo

1429 1750 1681 1805 beneflcio
1693 1747 2494 1814 demeruissent,si›eprye'rotGroe·

1428 1829 1505 1879 cis
1520 1828 1845 1883 dicebantur,
1857 1826 2032 1878 Persis
2050 1826 2355 1890 Orosangoe,
2366 1839 2490 1891 quo-

1427 1921 1561 1963 rum.
1582 1920 1649 1958 ne
1673 1905 1842 1955 meriti
1872 1905 2123 1955 memoria
2143 1904 2495 1968 intercideret,

1428 1983 1635 2034 nomina
1657 1982 1710 2036 in
1743 1982 1913 2047 regios
1940 1981 2332 2032 commentarios
2356 1979 2492 2031 refe·

1429 2059 1702 2122 rebantur,
1732 2063 1792 2109 ut
1821 2066 1970 2123 patet
2004 2074 2070 2108 ex
2103 2059 2339 2108 Estherae
2374 2071 2493 2123 cap.

1428 2149 1503 2185 vr.
1524 2141 1572 2185 6.
1596 2142 1645 2190 2.
1668 2141 1718 2188 8.
1750 2136 1965 2200 Joseph.
2000 2135 2182 2200 Antiq.
2208 2136 2335 2189 Jud.
2358 2147 2422 2186 u.
2442 2141 2494 2186 0.

1430 2212 1691 2264 Herodot.
1716 2226 1812 2263 ιιι.
1834 2218 1947 2265 140.
1986 2227 2113 2263 vm.
2135 2217 2216 2265 86.
2252 2213 2494 2278 Xenoph-

1429 2287 1579 2339 Paed.
1596 2288 1687 2340 lib.
1714 2301 1840 2340 vm.
1864 2290 2048 2339 AElian.
2065 2289 2192 2339 Var.
2212 2289 2350 2341 Hist.
2375 2304 2495 2352 esp.

1429 2368 1516 2416 40.
1534 2365 1775 2430 Thucyd.
1805 2364 1894 2416 lib.
1918 2379 1954 2414 ι.
1976 2381 2028 2431 p.
2051 2369 2135 2415 85.
2186 2365 2338 2418 Quod
2365 2366 2493 2415 auli-

1431 2455 1508 2494 οε
1533 2442 1804 2505 dignitatis
1840 2457 2026 2493 nomen
2059 2444 2112 2492 in
2140 2443 2281 2494 dicto
2305 2443 2498 2494 Christi

1431 2518 1654 2573 indicari
1688 2521 1859 2573 nullus
1894 2520 2147 2570 dubitem.
2218 2520 2334 2570 Nisi
2358 2521 2495 2571 eninr

1430 2595 1529 2647 hac
1550 2597 1797 2660 singulari
1818 2594 1948 2661 (nou
1973 2603 2143 2646 antem
2161 2595 2385 2660 vulgari)
2405 2610 2502 2647 no·

1435 2672 1577 2723 tione
1618 2675 1818 2737 capias,
1853 2674 1968 2738 jam
2014 2674 2168 2723 fidem
2216 2673 2499 2724 Christiani

1435 2751 1678 2806 animam,
1708 2749 1944 2812 spoliasti
1978 2763 2071 2799 sno
2101 2750 2397 2812 splendore,
2424 2751 2500 2799 in·

1437 2825 1618 2892 primis
1640 2826 1786 2876 nobis
1810 2827 2188 2882 commendato,
2228 2826 2420 2878 Matth.
2443 2840 2501 2879 v,

1438 2906 1519 2954 16.
1540 2903 1646 2954 Tit.
1666 2917 1706 2953 ι.
1725 2907 1774 2953 8.
1797 2911 1852 2954 et
1868 2903 1990 2953 alibi
2011 2919 2030 2951 r
2050 2903 2188 2968 quod
2211 2912 2286 2953 est
2303 2901 2499 2954 ἆθοόλο·

1434 2996 1543 3042 γον.
1608 2980 1961 3032 Interdictum
1981 2981 2141 3045 igitur
2159 2980 2347 3031 Christi
2371 2980 2501 3041 ὑμαῖς

1437 3055 1489 3108 δὲ
1520 3057 1629 3120 οὐχ’
1664 3058 1832 3121 οὕτως,
1869 3073 1983 3108 eam
2015 3056 2181 3107 habet
2217 3058 2336 3114 vim,
2359 3058 2500 3123 quod

1437 3134 1681 3201 Apostoli
1703 3151 1801 3187 nec
1824 3136 2145 3185 dominatum
2166 3134 2384 3199 regium,
2403 3147 2502 3185 nec

1439 3213 1573 3263 adeo
1596 3215 1803 3264 nomina
1824 3213 2289 3277 dignitatum,qnae
2314 3210 2506 3275 dynas-

1439 3289 1508 3341 tis
1558 3291 1609 3341 in
1648 3292 1768 3341 ania
1822 3291 2139 3353 tribuuntur,
2181 3288 2375 3339 ambire
2410 3287 2504 3338 de*

1439 3366 1619 3420 beant.
1644 3367 1901 3419 Fortassis
1936 3374 2091 3417 extra
2124 3366 2285 3428 oleas,
2307 3363 2399 3416 sed
2434 3364 2504 3415 ad

1440 3458 1610 3494 meam
1643 3459 1770 3495 rem.
1806 3443 1963 3495 Rern.

1506 3520 1856 3585 Munitis-entia
1886 3517 2108 3582 ingenio]
2145 3518 2182 3569 i.
2216 3532 2269 3569 e.
2303 3515 2504 3572 munifi-

1441 3596 1630 3646 centiae
1674 3595 1911 3657 consilio,
1954 3602 2047 3645 aut
2091 3601 2403 3656 commento,
2448 3598 2507 3643 et

1440 3672 1778 3733 inventione3
1816 3686 1930 3735 seu,
1972 3669 2327 3721 munificentia
2363 3671 2504 3732 inge·

1441 3749 1609 3799 niosa.
1636 3756 1651 3781 ⁶
1676 3748 1971 3813 Ingenium’
2016 3748 2155 3798 enim
2196 3746 2388 3796 dicitnr
2430 3744 2508 3794 vis

1436 3825 1682 3892 quasdam
1729 3826 2001 3888 naturalis,
2045 3832 2100 3875 et
2139 3823 2292 3873 nobis
2335 3822 2507 3885 insita,

1441 3905 1546 3956 suis
1572 3904 1768 3954 viribus
1793 3903 2083 3967 praevalens
2106 3902 2171 3951 ad
2197 3898 2508 3951 invenienda

1438 3986 1495 4030 et
1517 3981 1863 4042 excogitanda
1886 3996 2038 4031 nova.
2084 3978 2371 4031 Petronius
2389 3991 2507 4041 cap.

1440 4060 1527 4108 70.
1543 4056 1561 4110 ,‘
1579 4056 1799 4121 Ingenio
1822 4056 1974 4120 meo,'
1988 4057 2023 4107 i.
2046 4072 2095 4107 e.
2113 4071 2179 4106 ex
2199 4056 2508 4106 mealnven-

1441 4137 1605 4200 tione,
1633 4135 1963 4200 ‘impositum
1986 4141 2068 4184 est
2091 4135 2163 4185 illi
2186 4148 2372 4184 nornen
2397 4132 2507 4182 bel-

1441 4210 1729 4264 lissimum:
1757 4210 1844 4261 Ab
1859 4211 2066 4261 homine
2084 4209 2395 4261 transfertur
2410 4209 2508 4258 eti-

1442 4304 1526 4342 am
1564 4288 1632 4341 ad
1665 4302 1747 4342 res
1782 4288 1925 4340 alias.
1991 4287 2078 4338 Sic
2113 4286 2367 4340 Quinctil·
2402 4284 2506 4338 De-
