3017 4942
425 375 574 446 ’656

446 546 603 600 sent3
651 536 689 589 ii
729 535 891 590 etiam
937 535 1224 602 participes
1265 533 1514 587 heredes·

442 632 548 684 que
585 615 829 666 bonorum
851 612 1067 665 familiae
1101 628 1217 665 esse
1249 611 1511 676 intellige·

444 699 644 743 rentur.
709 691 924 743 Scilicet
967 684 1115 743 sacra
1160 691 1509 741 Romanorum

446 770 546 820 alia
568 776 720 819 eraut
743 769 972 834 publica,
988 782 1106 835 quae
1139 767 1351 832 publico
1372 765 1512 817 aum·

448 854 507 897 tu
538 862 633 912 pro
664 846 861 912 populo
888 844 1122 907 fiebant3
1159 844 1263 895 alia
1284 844 1513 909 privata,

449 923 534 973 vel
573 923 876 985 domestica,
932 937 1050 989 qnae
1091 922 1252 972 certis
1297 919 1511 971 familiis

449 1010 504 1052 et
526 1001 768 1066 gentibus
792 1009 946 1052 erant
973 1001 1208 1067 propria,
1238 1009 1294 1050 et
1317 998 1513 1049 fiebant

449 1092 548 1142 pro
591 1078 761 1129 salute
806 1076 1041 1141 familiia,
1082 1085 1139 1129 et
1187 1076 1379 1142 gentis,
1422 1075 1515 1125 'aut

450 1154 762 1217 singulorum
798 1154 866 1205 ad
906 1152 1155 1205 familiam
1199 1159 1516 1218 gentemque

444 1230 847 1295 pertinentium.
891 1230 1196 1296 cujusmodi
1214 1232 1230 1259 ‘
1247 1242 1516 1282 sacrorum

440 1307 805 1374 -privatorum’
843 1317 900 1361 et
939 1317 954 1339 ⁶
979 1307 1385 1374 gentilitiorum’
1432 1323 1517 1357 ra-

451 1385 636 1441 tiones,
657 1392 853 1449 praeter
869 1393 1096 1449 ceteros,
1113 1387 1404 1437 luculenter
1426 1398 1518 1434 ex·

453 1460 672 1524 plicavit
702 1461 998 1514 Gutherius
1039 1462 1108 1515 de
1145 1463 1344 1514 Vetere
1384 1462 1518 1515 Jure

450 1537 752 1604 Pontificio,
773 1554 848 1591 tv.
881 1546 934 1592 6.
966 1547 1024 1591 et
1054 1546 1104 1593 7.
1172 1542 1324 1594 Licet
1356 1540 1520 1605 igitur

448 1616 673 1666 heredes
711 1617 811 1680 sui,
849 1625 906 1669 et
943 1620 1136 1683 agnati,
1171 1619 1521 1685 gentilesque,

453 1692 582 1743 item
618 1699 677 1743 et
719 1694 807 1745 alii
845 1701 1160 1747 testamento
1194 1696 1440 1759 instituti,
1474 1696 1519 1747 ai

448 1768 797 1821 hereditatem
852 1787 1041 1837 capere
1094 1773 1310 1836 vellent,
1361 1774 1522 1823 etiam

453 1846 470 1872 ⁸
484 1847 645 1896 sacris
665 1847 777 1897 istis
804 1848 1021 1911 privatis
1036 1848 1051 1871 '
1071 1850 1223 1899 simul
1245 1850 1522 1913 alligaren-

454 1926 579 1983 tur;
613 1928 799 1987 utpote
839 1940 956 1990 quie
992 1934 1249 1991 perpetua
1277 1942 1391 1978 esse
1428 1927 1521 1977 de·

456 1998 690 2061 behant;
747 2001 925 2063 plures
982 2009 1159 2054 tamen
1214 2004 1375 2054 etiam
1431 2002 1522 2053 alii

455 2084 610 2128 erant
654 2078 814 2142 modi,
857 2080 1042 2146 quibus
1096 2083 1399 2142 cavebatur,
1452 2096 1522 2133 ne

456 2161 586 2205 tunc
625 2156 804 2219 etiam,
838 2157 884 2208 si
922 2173 1075 2209 nemo
1116 2160 1334 2213 relictus
1379 2166 1524 2211 esset

455 2231 630 2291 heres,
652 2233 737 2285 vel
769 2233 836 2285 ab
868 2234 1136 2300 intestato,
1156 2237 1240 2288 vel
1269 2251 1335 2288 ex
1359 2243 1521 2287 testa-

456 2316 654 2371 mento,
688 2308 789 2360 ista
821 2325 968 2362 sacra
1001 2311 1314 2364 familiarum
1358 2313 1523 2364 inter·

454 2384 614 2437 irent.
675 2386 766 2438 Sic
801 2389 958 2453 enim,
992 2397 1130 2441 teste
1152 2391 1276 2442 Cic..
1292 2391 1360 2441 de
1394 2391 1521 2455 Leg-

441 2468 522 2514 '110
565 2468 646 2514 16.
681 2464 805 2529 jure
861 2468 1128 2532 pontificio
1181 2469 1522 2519 constitutum

458 2546 590 2603 erat,
612 2547 673 2590 ut
693 2555 795 2590 non
829 2544 993 2594 solum
1027 2544 1328 2609 alligaretur
1363 2545 1523 2595 sacris

456 2614 687 2681 familiae,
729 2619 746 2647 ⁶
774 2619 860 2684 qni
911 2627 1081 2672 morte
1134 2625 1523 2672 testamentove

458 2694 849 2759 patrisfamilias
882 2699 937 2764 [e
976 2698 1177 2763 legato]
1214 2699 1524 2750 tantundem

455 2772 704 2836 cepisset,
746 2783 998 2839 quantum
1031 2790 1213 2826 omnes
1251 2776 1469 2826 heredes
1486 2773 1523 2839 ς’

459 2849 550 2899 sed
588 2850 766 2909 etiam.
799 2854 816 2881 ⁸
837 2852 880 2903 si
915 2867 1067 2904 nemo
1101 2860 1243 2906 esset
1276 2855 1445 2916 heres,
1480 2852 1524 2904 ia

459 2925 881 2991 obstringeretur
906 2930 1064 2980 sacris
1085 2927 1321 2994 familias,
1342 2931 1430 2997 qui
1453 2930 1525 2981 d'e

460 3002 625 3062 bonis,
645 3005 734 3069 qui
766 3006 881 3069 ejus
910 3005 1126 3064 fuerint,
1146 3022 1265 3058 cum
1293 3021 1523 3058 morere-

463 3087 567 3142 tur,
582 3083 911 3144 usucepisset
935 3084 1215 3147 plurimum
1232 3082 1265 3146 ς’
1297 3084 1351 3133 h.
1368 3098 1416 3136 e.
1435 3084 1523 3149 qni

460 3157 709 3221 majorem
737 3159 988 3210 bonorum
1019 3169 1223 3226 partem
1258 3164 1525 3227 usucepis·

460 3241 560 3297 set,
576 3240 633 3284 et
648 3249 803 3300 anno,
816 3237 897 3286 vel
918 3236 1144 3296 biennio,
1159 3253 1276 3289 cum
1296 3238 1524 3304 paterfa-

461 3311 631 3362 milias
645 3312 755 3363 sine
769 3313 869 3362 alio
883 3313 1078 3365 herede
1094 3324 1400 3380 moreretur,
1413 3331 1529 3382 pos·

459 3388 700 3441 sedisset.
767 3387 988 3457 Adbaec,
1009 3394 1027 3423 ⁴
1048 3394 1090 3443 si
1112 3400 1167 3444 et
1194 3408 1345 3446 nemo
1366 3401 1530 3459 esset,

461 3466 551 3530 qui
585 3467 743 3517 ullam
777 3480 883 3518 rem
918 3468 1186 3535 cepisset,'
1215 3471 1260 3522 is
1292 3473 1345 3522 in
1378 3486 1529 3522 sacra

460 3541 671 3594 familiae
718 3545 993 3604 transibat,
1031 3553 1046 3576 ‘
1070 3546 1139 3599 de
1177 3549 1527 3599 creditoribus

460 3622 652 3672 mortui
674 3624 760 3688 qui
786 3623 1062 3687 plurimum
1084 3626 1356 3677 servaret.’
1422 3628 1530 3676 De·

459 3698 619 3763 nique
635 3707 691 3749 et
711 3700 797 3758 ‘is,
814 3701 904 3767 qni
922 3702 1094 3768 ei,qui
1113 3711 1349 3754 mortuus
1367 3711 1529 3765 esset,

460 3775 734 3838 pecuniam
767 3776 1050 3841 debuisset,
1085 3780 1378 3845 neminique
1412 3794 1526 3830 eam

463 3855 725 3919 solvisset,
768 3857 989 3920 proinde
1030 3858 1344 3922 habebatur,
1381 3861 1529 3924 quasi

463 3946 580 3982 eam
616 3934 884 3997 pecuniam
907 3934 1001 3999 (ex
1028 3935 1352 4001 hereditate)
1373 3952 1528 4003 cepe-

459 4001 573 4070 ’rit‚'
600 4010 831 4075 adeoque
864 4013 1026 4062 sacris
1057 4013 1241 4063 iisdem
1277 4013 1531 4065 obnoxius

464 4093 603 4143 erat,
626 4087 810 4150 quibus
845 4089 1076 4139 creditor
1104 4088 1281 4140 suerat
1310 4092 1529 4142 adstric-

467 4169 570 4213 tus.
637 4163 1081 4216 Quemadmodum
1109 4180 1232 4216 vero
1255 4168 1419 4219 omnis
1440 4168 1531 4217 he·-

467 4238 664 4289 reditaa
699 4240 991 4293 habebatur
1018 4258 1260 4305 onerosa,
1292 4245 1376 4294 cui
1418 4246 1531 4296 alli-

468 4322 590 4380 gata
613 4324 762 4368 erant
795 4320 811 4348 ⁴
830 4332 979 4369 sacra
1001 4319 1257 4384 privata?
1291 4328 1528 4390 propter-

1146 388 1368 440 1101*AE
1418 386 1827 438 vammum
1877 386 1964 437 BN

1588 547 1669 590 ea,
1695 533 1833 598 quod
1869 531 1923 584 ln
1957 527 2237 592 sacrificia,
2258 533 2316 581 et
2335 526 2665 589 sacerdotes,

1587 612 1893 676 epulasque,
1911 608 2050 660 haud
2080 607 2256 673 exigui
2282 612 2483 657 sumtus
2503 610 2662 669 quot·

1583 687 1731 737 annis
1756 693 1935 737 essent
1954 684 2220 747 faciendi3
2253 684 2330 733 ita
2358 694 2487 732 onus
2514 677 2663 729 istud

1586 779 1651 815 eo
1673 764 1882 829 gravius
1901 762 2178 826 evadebat,
2200 762 2244 814 si
2276 768 2537 827 praeterea
2564 772 2686 822 per-

1586 842 1884 894 vicesimam
1921 856 2023 893 non
2069 854 2251 906 parum
2294 837 2665 889 detraheretur

1587 919 1735 970 bonis
1757 918 2109 969 hereditariis.
2146 918 2299 968 Idem-

1654 996 1971 1060 Geats'litate]
2012 993 2401 1046 Deficientibus
2440 997 2664 1042 consan-

1586 1073 1786 1137 guineis
1818 1070 2239 1124 substituebatur
2268 1083 2373 1120 non
2396 1069 2664 1133 nunquam

1589 1156 1911 1201 testamento
1947 1147 2067 1214 quis
2109 1161 2178 1197 ex
2222 1145 2405 1196 eadem
2450 1143 2666 1194 nomin‘e

1587 1227 1806 1294 familia,
1841 1235 1900 1280 ut
1935 1233 1992 1278 et
2025 1226 2167 1276 inter
2205 1238 2299 1273 nos
2336 1222 2533 1286 pariter
2568 1234 2668 1272 usn

1592 1307 1754 1357 venit.
1822 1304 1928 1356 Hic
1951 1318 2020 1353 ex
2049 1301 2348 1368 gentilitate
2369 1300 2523 1373 heres
2544 1296 2672 1349 fieri

1589 1382 1885 1434 dicebatur.
1918 1378 2144 1431 Potor-ol,

1655 1459 1914 1511 Sacrorum
1934 1458 2137 1522 denique
2156 1452 2408 1518 societate]
2446 1450 2583 1502 Nam
2606 1455 2669 1502 et

1591 1552 1743 1591 sacra
1779 1539 1987 1603 privata
2021 1549 2115 1586 sua
2147 1531 2355 1583 familiis
2387 1536 2557 1585 erant,
2585 1533 2669 1579 at-

1594 1631 1696 1683 que
1730 1630 1791 1667 ea
1828 1629 1924 1681 pro
1960 1621 2105 1677 nota,
2138 1618 2197 1663 et
2234 1608 2461 1661 vinculo.
2530 1606 2672 1657 Inde

1591 1700 1608 1725 ⁶
1629 1694 1849 1744 transire
1872 1693 1925 1743 in
1948 1698 2160 1756 gentem
2187 1694 2244 1740 et
2273 1702 2425 1739 sacra
2442 1684 2476 1733 ε·
2510 1686 2671 1736 item-

1594 1787 1716 1839 que,
1733 1773 1750 1802 ‘
1766 1770 2031 1823 hereditas
2052 1784 2169 1821 eum
2192 1765 2395 1829 sacris,’
2416 1771 2510 1816 aut
2525 1765 2672 1815 ‘sin'e

1594 1848 1792 1914 sacris,’
1813 1850 1866 1899 in
1885 1848 2098 1899 Plauto.
2140 1846 2278 1904 Sine,
2300 1843 2529 1909 inquam,
2542 1841 2670 1891 curia

1579 1925 1650 1977 'in
1691 1934 1903 1993 gentem
1936 1923 2220 1990 adoptione
2252 1936 2355 1975 non
2390 1919 2670 1972 transitur-

1594 2004 1735 2070 Lips.

1662 2084 1921 2134 Sacrorum
1969 2080 2174 2145 denique
2219 2074 2469 2139 societate]
2535 2071 2676 2139 Ant,

1596 2161 1722 2225 'quia
1744 2173 1950 2211 sacrum
1984 2156 2389 2212 matrimonium,
2418 2152 2675 2216 multipli-

1595 2237 1735 2287 cium
1768 2235 2135 2301 cognationum
2166 2230 2528 2290 seminarinm;
2575 2235 2674 2279 aut

1598 2313 1938 2380 potins,.quia
1966 2313 2105 2364 cives
2128 2312 2280 2362 Rom.
2299 2307 2561 2359 habebant
2583 2321 2673 2356 sa-

1596 2404 1689 2442 cra
1730 2390 2055 2441 hereditaria
2093 2403 2160 2439 ex
2202 2389 2345 2451 Lege
2387 2398 2492 2435 ιιι.
2532 2382 2671 2434 Tab.

1598 2467 1802 2533 quinta,
1842 2482 1945 2534 qua
1979 2465 2284 2525 cavebatur,
2322 2469 2380 2512 ut
2421 2467 2573 2526 pater
2604 2459 2670 2509 fi-

1597 2547 1799 2613 liusque
1833 2547 1985 2597 heres
2017 2544 2199 2595 eadem
2234 2556 2389 2593 sacra
2410 2541 2674 2591 colerentv
2715 2567 2722 2576 ·

1601 2622 1756 2673 Unde
1789 2621 1965 2679 ffilius
1997 2635 2101 2671 non
2134 2619 2355 2684 amplius
2385 2617 2438 2667 in
2470 2613 2677 2672 sacris:

1581 2700 1756 2753 ·Jctis.
1777 2706 1863 2751 est
1893 2706 1909 2731 ⁴
1927 2695 2328 2762 emancipatus,’
2351 2697 2448 2746 hoc
2471 2702 2574 2756 est,
2597 2691 2673 2742 de

1600 2781 1876 2841 potestate·
1890 2775 2055 2840 patris
2078 2774 2282 2835 missus,
2297 2771 2438 2836 quod
2456 2769 2671 2819 demum

1600 2860 1705 2916 est,
1724 2854 1802 2904 sui
1818 2853 1957 2918 juris
1979 2850 2176 2903 factus.
2237 2849 2360 2899 Vid.
2386 2847 2519 2898 Rad.
2538 2846 2673 2897 For-

1598 2943 1713 2980 ner.
1756 2930 1949 2980 Rerum
1988 2926 2207 2980 Quotid.
2250 2937 2339 2975 m.
2370 2928 2455 2975 29.
2492 2922 2676 2974 Taub⁴

1599 3007 1774 3056 manni
1812 3007 1998 3074 plaut,
2013 3006 2070 3058 in
2095 3005 2253 3069 Capt.
2286 3016 2366 3054 lv.
2400 3006 2446 3051 1.
2473 3006 2582 3051 not.
2617 3002 2676 3051 8.

1666 3160 1923 3211 Sacrorum
1941 3158 2190 3223 societate]
2225 3152 2282 3208 15·
2290 3156 2433 3223 psius
2452 3161 2508 3206 et
2528 3154 2672 3218 Ray-

1602 3250 1728 3287 anus
1750 3237 2050 3300 intelligunt
2066 3236 2134 3287 de
2151 3236 2314 3285 sacris
2329 3232 2636 3283 familiarum
2647 3248 2678 3295 ς

1603 3315 1741 3366 unde
1784 3314 2138 3380 proverbium,
2175 3314 2192 3345 ‘
2213 3311 2501 3363 Hereditas
2548 3323 2671 3363 cum

1589 3390 1804 3455 'sacris,’
1823 3398 1876 3440 et
1901 3399 1917 3422 ‘
1934 3392 2045 3440 sine
2069 3387 2269 3440 sacris.'
2301 3389 2523 3439 Pater-ol.

1676 3470 1744 3519 Ut
1765 3470 1878 3533 sua]
1913 3468 2176 3531 Namque,
2210 3468 2299 3532 qui
2339 3466 2394 3514 iu
2419 3467 2545 3529 jure
2582 3479 2675 3516 vo-

1604 3554 1794 3600 cantur
1828 3548 2080 3599 ‘heredes
2114 3546 2232 3604 sui,’
2267 3560 2316 3596 v.
2334 3561 2386 3611 g.
2421 3547 2535 3605 filii,
2561 3548 2672 3611 Jam

1605 3629 1727 3681 vivo
1764 3631 1934 3681 adbuc
1972 3636 2147 3695 patre,
2182 3629 2508 3680 habebantur
2546 3641 2674 3694 quo·

1602 3707 1722 3757 dam
1745 3708 1903 3758 modo
1923 3705 2262 3764 συνδεσπόται,
2285 3712 2341 3756 et
2361 3705 2558 3756 domini
2583 3706 2677 3755 bo-

1605 3798 1787 3834 norum
1811 3783 2044 3842 familiae,
2068 3784 2159 3847 ita,
2180 3790 2240 3833 ut
2262 3796 2441 3832 eorum
2466 3797 2677 3833 succes-

1603 3860 1682 3912 sio
1705 3874 1804 3910 non
1830 3868 1936 3910 tam
1958 3860 2363 3910 bereditas'ease
2387 3859 2676 3916 videretur,

1603 3950 1754 4002 quam
1778 3937 2098 3987 continuatio
2134 3935 2471 4001 possessionis
2491 3935 2563 3986 ‘et
2586 3934 2678 3986 do·

1602 4014 1766 4065 minii.
1831 4014 1892 4063 Id
1914 4013 2250 4079 qnodtpaullo
2276 4012 2512 4077 pluribus
2534 4013 2676 4062 illus-

1606 4098 1803 4142 tratum
1828 4097 1911 4141 est
1935 4091 1985 4140 in
2011 4090 2228 4139 Excurs.
2246 4102 2388 4139 xnu.
2407 4090 2655 4139 Schwen-

1672 4168 1799 4220 Hoec
1833 4168 2140 4218 suametado
2173 4165 2319 4230 legis]
2356 4167 2595 4228 Scilicet,
2617 4175 2678 4218 ut

1608 4243 1886 4296 domestici
1924 4243 2165 4307 heredes,
2195 4245 2306 4293 sive
2338 4241 2465 4293 πάνυ
2495 4259 2675 4306 cuwe-

1589 4322 1718 4381 Ἢεῒς,
1741 4328 1802 4399 ut
1825 4322 1926 4376 Dio
1947 4321 2199 4389 loquitur,
2226 4321 2455 4386 itemque
2480 4336 2678 4386 paupe·
