3017 4942
745 418 813 466 c.
856 415 1101 470 mun
1152 415 1485 468 suenum
1536 375 1816 468 mune.
1893 403 2083 469 1.3l.

298 554 449 614 ,dices
470 555 739 617 Vaticani,
763 559 1092 624 Psrisiensis,
1115 560 1373 619 Venetus,

300 633 735 699 salisburgensis,
757 635 1101 702 Guelphicus,
1125 644 1182 689 et
1212 653 1373 701 utens,

302 709 559 762 exhibent
569 712 817 763 udaiuns
828 728 851 772 ,⁰
868 714 1034 764 ceteri
1052 729 1231 764 omnes
1251 716 1373 766 libri

299 787 572 836 metiens.
612 788 892 840 Salmasius
915 791 979 841 sd
1002 791 1163 843 Soliu.
1187 808 1239 857 p.
1253 797 1372 843 468.

296 863 469 920 trudit
487 866 755 926 materiem,
779 866 840 917 τὸ
867 867 1029 931 ξύλον,
1052 870 1157 920 diei
1182 871 1370 935 potius,

292 954 453 1006 ,qum
477 945 748 1005 materiam
770 960 927 1010 quum
957 946 1023 996 de
1057 947 1200 1011 ligno
1224 962 1370 998 usur·

294 1026 491 1083 petur3
528 1020 655 1070 vitio
673 1020 1000 1072 librariorum
1019 1037 1114 1087 pro
1131 1023 1371 1086 materies,

294 1096 479 1148 multis
506 1097 636 1148 locis
657 1098 760 1163 legi
785 1100 988 1150 materia
1006 1115 1028 1158 ,·
1052 1100 1367 1149 recentiores

292 1174 608 1226 Latinitatis
656 1183 894 1229 auctores
947 1178 1046 1228 hoc
1087 1177 1365 1227 discrimen

292 1252 616 1315 neglexisse.
680 1253 757 1303 At
780 1254 921 1305 Guil.
945 1253 1167 1304 Goesius
1190 1253 1240 1303 iu
1272 1254 1368 1304 Rei

290 1325 493 1392 Agru.
506 1328 789 1393 scriptores
805 1330 1064 1396 antiquos,
1080 1336 1365 1389 asseveret,

294 1411 513 1455 veteres
553 1408 865 1471 promiscue,
886 1416 943 1459 et
971 1409 1157 1458 eodem
1189 1423 1366 1474 seusu,

285 1480 502 1538 ‚dixisse
553 1485 807 1534 muter-ium
849 1491 905 1536 et
959 1486 1242 1544 materienst
1287 1487 1366 1538 uti

291 1557 544 1610 dicantur
568 1568 583 1590 ‘
598 1561 803 1627 effigia’
827 1570 882 1613 et
906 1562 922 1593 ‘
937 1561 1138 1627 effigies
1156 1561 1192 1624 ς’
1211 1564 1226 1592 ‘
1242 1555 1363 1614 'con-

287 1636 480 1702 gerie’
515 1646 573 1688 et
612 1646 626 1668 ⁴
653 1639 921 1704 congeries
937 1636 969 1702 ς’
1013 1642 1029 1668 ‘
1055 1640 1273 1691 notitis’
1307 1650 1365 1695 et

290 1714 511 1766 notities
532 1714 570 1777 ;’
616 1718 634 1745 ‘
662 1716 905 1780 pigritia'
939 1725 994 1767 et
1036 1719 1053 1746 ‘
1076 1718 1311 1782 pigrities
1330 1719 1364 1782 ς’

289 1790 581 1855 ‘planitie’
615 1799 671 1841 et
706 1794 721 1822 ⁶
748 1794 989 1857 planities
1011 1792 1045 1856 ς’
1075 1792 1274 1844 ‘seris’
1308 1801 1363 1843 et

291 1866 307 1892 ‘
326 1869 496 1918 series
517 1867 554 1930 ς’
587 1871 602 1898 ⁶
628 1869 855 1933 segnitia
878 1868 893 1892 '
943 1877 999 1919 et
1032 1871 1047 1899 ‘
1068 1871 1316 1932 segnities
1328 1869 1364 1934 ς’

292 1951 306 1973 ‘
329 1944 533 1995 duritie
552 1944 567 1965 '
591 1953 647 1995 et
667 1944 949 2008 ‘duritiesss
971 1949 1070 1996 ὅτε.
1122 1947 1232 1997 Pro
1248 1960 1360 2010 pro·

286 2021 465 2086 sterni,
493 2022 696 2085 Lipsius
719 2022 885 2073 edidit
902 2023 1159 2089 proestmi
1172 2039 1193 2082 ,·
1225 2034 1361 2075 etex

288 2098 385 2149 hoc
408 2099 809 2165 Berneggerus,
844 2100 1100 2164 Hackius,
1123 2109 1178 2151 et
1201 2101 1362 2165 Ceva,

284 2176 549 2242 hodieque
590 2177 930 2228 Arutzenius.
1017 2179 1137 2230 Non
1172 2180 1359 2231 damno

280 2253 418 2316 liene
464 2254 809 2316 varietatem3
844 2255 1005 2305 miror
1042 2263 1238 2313 temen,
1267 2272 1362 2310 eur

288 2330 502 2395 Lipsius
528 2345 630 2382 non
655 2331 986 2396 indicaverit,
1018 2335 1154 2383 unde
1179 2334 1357 2384 heuse-

287 2406 354 2457 rit
378 2406 477 2458 hoc
502 2407 717 2457 verbum
742 2423 758 2469 3
792 2423 1106 2474 quamquem
1131 2409 1175 2459 is
1200 2412 1356 2461 etiarn

283 2482 335 2534 in
358 2483 501 2547 eliis,
538 2486 617 2534 vel
655 2500 927 2550 nusquam,
965 2487 1047 2535 vel
1078 2487 1358 2552 rarissime,

285 2564 455 2610 testes
498 2562 698 2612 excitet
733 2563 941 2612 codices
974 2564 1105 2614 Mss.
1172 2565 1247 2615 Ut
1280 2572 1357 2615 ts·

282 2648 407 2686 men
444 2636 561 2685 aliis
604 2645 833 2697 constet,
874 2639 1063 2704 quibus
1099 2642 1358 2707 presidiis

283 2710 577 2764 instructus
603 2713 915 2765 Arutzenius
939 2716 1116 2767 Plinio
1138 2718 1355 2768 verbum

282 2788 381 2840 hoc
416 2788 784 2855 vindicaverit,
821 2790 1078 2856 integrum
1118 2793 1230 2858 ejus
1264 2809 1354 2845 uo·

283 2870 392 2916 tam
416 2866 498 2915 his
533 2866 798 2932 adjiciam.
861 2868 1134 2927 ‘Omnes,’
1164 2872 1353 2936 inquit,

283 2940 300 2969 ‘
318 2940 437 2993 fere
459 2943 741 3000 editiones.
764 2945 953 3009 etipse
981 2945 1115 2998 adeo
1149 2946 1353 3000 Gesne-

281 3033 391 3081 rns,
407 3021 656 3084 prosterni
668 3037 691 3081 ,·
722 3021 841 3087 [sed
857 3029 912 3072 et
928 3022 1195 3074 Gesnerus
1214 3033 1352 3089 post·

279 3096 503 3159 liminio,
531 3099 581 3146 iu
606 3096 829 3162 epistola
848 3097 917 3148 de
940 3113 1034 3148 sua
1056 3099 1218 3150 Plinii
1240 3101 1352 3151 edi·

279 3172 442 3232 tione,
464 3181 695 3224 testatus
718 3183 819 3238 est,
848 3190 906 3226 se
922 3175 1087 3225 miuus
1106 3177 1354 3228 damnare

271 3249 591 3316 praestern1‘5]
617 3265 712 3314 pro
731 3266 833 3316 quo
856 3253 1040 3302 melius
1060 3252 1212 3318 longe
1231 3254 1351 3319 Lip-

280 3326 404 3389 sius,
452 3327 718 3391 Graevius,
764 3327 929 3393 [forte
975 3330 1028 3379 in
1073 3330 1349 3382 Heckisns

279 3402 561 3468 editione,]
598 3413 674 3469 et,
732 3413 791 3456 ut
848 3405 1076 3470 videtur,
1122 3408 1351 3474 Vossius,

273 3481 565 3544 ποιέει-αἱς
600 3482 780 3545 sicque
820 3483 870 3533 in
909 3485 1143 3550 margine
1176 3501 1348 3537 eruen-

275 3556 444 3609 dsbst
482 3559 606 3608 Nic.
645 3558 914 3615 Heinsius,
952 3561 1209 3627 simulque
1244 3565 1347 3614 alio

276 3636 412 3702 loco,
438 3637 617 3700 Epist.
638 3651 695 3686 v.
717 3641 768 3687 8.
801 3638 817 3666 ‘
837 3638 997 3701 Illud,
1032 3648 1177 3704 peto,
1216 3657 1348 3705 proe·

273 3712 521 3777 sternas‚'
556 3728 624 3762 ex
648 3715 708 3764 Μ
712 3713 894 3764 ediceo
919 3723 976 3767 et
998 3716 1136 3767 Aldo
1159 3717 1344 3768 coufir-

274 3789 474 3850 msbst.
541 3788 694 3840 Adde
729 3791 953 3842 eundem
990 3793 1057 3843 ad
1093 3794 1253 3846 Ovid.
1275 3794 1346 3846 A·

274 3881 404 3924 mor.
450 3880 540 3919 m.
588 3872 668 3918 13.
702 3872 787 3919 24.
822 3876 879 3919 et
914 3869 1245 3921 Marcklsnd.
1279 3872 1345 3921 sd

275 3946 415 4000 Stat.
453 3946 583 3997 Silv.
615 3959 668 3995 v.
707 3951 755 3997 1.
789 3950 905 3998 257.
939 3953 954 3976 ‘
976 3946 1180 3998 Auimae
1211 3964 1344 4014 prae·

273 4028 511 4080 sternere
533 4021 753 4073 flores.'’
817 4024 1036 4086 Verum,
1059 4025 1112 4074 in
1136 4026 1214 4076 his
1236 4042 1345 4078 usn·

273 4099 423 4166 nibus
454 4100 586 4149 locis
609 4100 804 4150 nullam
828 4112 1029 4163 certam
1053 4102 1344 4154 indubium·

273 4191 371 4241 que
402 4177 585 4228 sedem
620 4177 782 4229 hebet
814 4180 1031 4229 verbum
1064 4186 1079 4208 ‘
1099 4189 1344 4244 praester·

272 4254 432 4308 nere?
494 4252 656 4318 Apud
679 4255 815 4306 Plin.
840 4256 1001 4318 enim,
1025 4257 1194 4322 Epist.
1216 4273 1271 4309 v.
1294 4263 1344 4310 8.

273 4332 480 4398 plurimi
498 4333 816 4398 evulgarunt
833 4339 847 4364 ⁸
865 4334 1026 4400 lund,
1050 4344 1196 4401 peto,
1208 4351 1343 4402 pres-

2381 406 2515 473 603

1449 560 1660 613 strnss.’
1724 561 1885 627 Apud
1910 561 2070 615 Ovio.
2105 560 2290 613 Amor.
2320 576 2408 613 ιιι.
2431 567 2515 615 ls.

1444 642 1534 690 24.
1576 639 1665 690 ulii
1709 639 1902 691 babent
1948 638 2368 705 ‘praverrunt3'
2407 643 2517 700 ulii,

1446 718 1463 746 ⁴
1480 723 1781 768 straverunt
1797 718 1832 782 ς’
1851 718 1961 783 alii,
1981 719 1999 747 ‘
2015 718 2517 783 praevertunt5'elii,

1446 794 1812 858 ‘prebuerant
1828 795 1862 844 ε’
1894 797 2033 846 solus
2068 796 2314 847 Heinsius
2338 811 2368 847 e
2390 812 2514 848 eon-

1436 869 1655 934 jectura
1670 879 1866 934 mouet,
1879 869 2017 922 forte
2032 872 2308 934 legendum
2346 874 2363 903 ⁴
2380 887 2513 936 prn-

1444 948 1723 998 sternuntl
1789 949 1877 1000 Sic
1912 956 1970 999 et
1999 950 2055 999 iu
2086 949 2242 1000 Statii
2266 950 2384 1000 loco
2408 964 2508 1001 neu

1443 1026 1569 1074 nulli
1595 1026 1776 1089 legunt
1812 1026 1828 1053 ‘
1845 1025 2217 1089 prosternere,'
2235 1026 2324 1075 elii
2345 1027 2364 1092 ξ
2379 1042 2508 1091 prae-

1443 1101 1731 1166 spargere!
1767 1100 2000 1153 Affersm
2021 1111 2196 1153 tmen
2219 1105 2510 1168 elegantem

1442 1177 1858 1229 observationem
1879 1180 2214 1230 eruditissimi
2237 1180 2510 1231 Drseken·

1444 1252 1630 1318 borgii,
1671 1256 1759 1321 qui
1804 1256 1867 1305 sd
1913 1256 2008 1308 Sil.
2044 1270 2187 1308 xvu.
2217 1262 2303 1308 56.
2333 1257 2513 1320 docet,

1442 1329 1609 1393 ‘pro‚'
1640 1339 1695 1381 et
1729 1338 1745 1361 ⁶
1765 1330 1913 1396 prae,’
1948 1338 2005 1382 et
2036 1332 2052 1359 ‘
2071 1330 2271 1395 per,'’in
2297 1347 2509 1398 compo-

1440 1406 1554 1456 sitis
1576 1422 1678 1457 non
1703 1422 1822 1457 raro
1852 1409 2162 1459 commutari
2183 1427 2196 1456 e
2234 1409 2249 1437 ‘
2270 1410 2505 1474 Saepissi·

1440 1482 1564 1547 me,’
1597 1484 1784 1550 iuquit,
1820 1484 1929 1534 ‘its
1968 1492 2255 1547 peccarunt
2290 1486 2506 1538 libr-urii.

1441 1594 1457 1610 .
1475 1594 1491 1610 .
1512 1597 1527 1613 .
1550 1562 1681 1612 Cum
1703 1562 1839 1611 euim
1878 1564 2095 1628 voculae,
2126 1568 2141 1592 ‘
2158 1564 2287 1627 per,’
2322 1570 2336 1593 ‘
2355 1565 2509 1628 pref

1440 1644 1495 1688 et
1530 1637 1698 1702 ‘pro,'
1734 1647 1793 1689 ut
1816 1639 2091 1705 plurimum
2124 1641 2176 1690 in
2210 1641 2366 1692 Metis
2392 1642 2502 1690 nni-

1438 1729 1503 1765 σα
1546 1715 1703 1766 litere
1744 1731 1782 1780 p
1825 1717 1991 1766 notari
2041 1718 2289 1774 solerent,
2326 1717 2505 1768 addito

1437 1791 1645 1856 quidem
1682 1792 1830 1857 siguo
1862 1792 2105 1858 quodem,
2125 1808 2230 1858 quo
2254 1793 2501 1858 distingui

1439 1877 1673 1931 possent,
1694 1870 1923 1934 imperiti
1952 1870 2150 1920 librarii
2182 1886 2272 1922 eus
2298 1885 2501 1935 proepo·

1437 1944 1655 1994 sitiones
1669 1946 1955 2010 saepissime
1974 1948 2504 2004 commutarunt‚'&c.

1439 2019 1584 2069 Nihil
1608 2026 1781 2072 tamen
1815 2024 2118 2074 nominatim
2149 2024 2222 2074 ibi
2250 2024 2411 2075 tradit
2432 2024 2499 2072 de

1437 2095 1599 2146 verbo
1624 2100 1638 2126 ‘
1657 2098 2035 2163 praesternere!
2078 2101 2360 2166 Utcunque
2383 2106 2466 2149 est
2485 2117 2503 2160 3

1435 2172 1514 2222 uti
1557 2174 1673 2224 aliis
1727 2175 1893 2225 libens
1938 2176 2173 2242 relinquo
2212 2178 2502 2241 optionem,

1427 2248 1511 2320 ‘its
1532 2252 1646 2315 ipse
1670 2257 1845 2301 tamen
1868 2253 2093 2304 nonduin
2124 2253 2292 2304 audeo
2314 2255 2498 2318 rejice·

1434 2342 1492 2378 re
1515 2329 1780 2393 vulgatam
1811 2330 2109 2391 lectionem,
2140 2346 2291 2394 quam
2317 2344 2497 2381 omnes

1434 2406 1641 2455 omniuo
1661 2405 1869 2458 codices
1887 2407 2214 2465 confirment,
2232 2408 2284 2457 in
2309 2407 2500 2474 quibus

1433 2482 1653 2532 verbum
1683 2486 1946 2548 prosterni,
1982 2500 2084 2535 non
2119 2500 2214 2549 per
2254 2499 2497 2549 compen,-

1433 2557 1598 2621 dium,
1649 2559 1743 2609 sed
1778 2559 1993 2626 singulis
2033 2562 2197 2612 literis
2233 2562 2498 2626 expressis

1429 2636 1684 2700 scriptum
1730 2644 1897 2687 extet.
1975 2639 2319 2691 Consentiunt
2358 2654 2497 2704 pr·-

1430 2716 1581 2762 teres
1614 2726 1792 2764 omues
1829 2714 2107 2779 editiones,
2146 2724 2337 2779 preter
2369 2731 2495 2779 psu-

1431 2803 1539 2846 css,
1556 2804 1684 2856 quus
1707 2804 1866 2853 supro
1883 2791 2295 2842 commemoravi.
2362 2792 2495 2842 Ver·

1429 2868 1554 2920 bum
1611 2870 1627 2897 ⁶
1651 2867 1924 2932 sternere,'
1979 2876 2035 2920 et
2080 2872 2098 2900 ‘
2122 2871 2496 2935 prosternere,’

1428 2961 1534 2998 non
1556 2961 1764 3011 semper
1787 2946 1853 2997 de
1879 2947 2108 2999 violente
2135 2946 2377 3012 quedem,
2399 2948 2494 2998 sed

1424 3024 1587 3074 etiarn
1610 3023 1909 3074 voluntaria
1931 3024 2233 3088 dejectione
2254 3032 2347 3075 sut
2374 3040 2494 3090 pro·

1420 3100 1676 3166 jectioue,
1726 3108 2030 3163 usurpatur.
2118 3101 2252 3153 Inde
2307 3102 2492 3155 dicunt

1427 3176 1736 3240 scriptores,
1788 3185 1804 3211 ‘
1824 3175 2000 3236 flores,
2053 3193 2243 3242 remos,
2296 3187 2494 3238 vestes,

1427 3261 1669 3305 sternere
1724 3255 1899 3317 humi:
1949 3256 1966 3283 ‘
1990 3264 2226 3306 sternere
2282 3256 2491 3308 humum

1425 3329 1678 3394 floribus,’
1695 3335 1795 3384 διε.
1816 3339 1831 3363 ⁸
1847 3340 2085 3384 sternere
2107 3332 2308 3390 lectos,’
2330 3342 2345 3365 ‘
2359 3342 2493 3385 ster·

1426 3423 1553 3459 nere
1593 3410 1766 3472 vism,'
1797 3409 1814 3438 ‘
1838 3418 2007 3461 stratu
2047 3410 2282 3470 viarum,’
2325 3412 2492 3462 ‘lecti

1425 3486 1599 3536 mollis
1632 3487 1838 3552 strets,'
1866 3493 1925 3538 et
1964 3487 2166 3538 similis.
2231 3487 2492 3540 Dicuntur

1425 3571 1479 3614 et
1501 3572 1690 3629 sponte
1713 3564 1730 3592 ‘
1750 3565 1952 3621 sterni:
1971 3565 2083 3614 sive
2104 3567 2119 3592 ‘
2139 3579 2197 3615 se
2220 3562 2494 3620 sternere,’

1421 3642 1512 3705 qui
1530 3657 1586 3694 se
1607 3642 1672 3694 ad
1687 3642 1971 3706 jacendum
1993 3641 2271 3699 collocant,
2293 3647 2348 3691 et
2369 3655 2490 3705 pro·

1423 3719 1699 3771 cumbunt.
1734 3720 1921 3783 Virgil.
1941 3719 2054 3769 IEn.
2069 3733 2161 3769 ιιι.
2175 3723 2292 3768 509.
2311 3719 2328 3748 ‘
2345 3719 2489 3769 Ster-

1422 3797 1593 3846 nimur
1637 3803 1835 3861 optstae
1881 3793 2076 3860 gremio
2116 3792 2350 3844 telluris-⁹
2415 3795 2490 3845 Et

1422 3873 1619 3934 Geor-g.
1647 3888 1723 3924 tv.
1746 3876 1862 3925 432.
1893 3877 1909 3901 ⁶
1928 3874 2182 3923 Sternunt
2217 3887 2272 3921 se
2305 3887 2487 3925 somno

1420 3949 1631 4000 diverso
1658 3948 1712 3998 iu
1738 3948 1915 3998 littore
1940 3946 2162 4013 phocae.'
2226 3950 2485 4001 Quoniam

1422 4041 1545 4076 vero
1581 4023 1867 4076 sternendo
1916 4039 1997 4074 res
2036 4023 2390 4074 extenduntur
2428 4035 2485 4074 et

1421 4104 1860 4166 complanantur;
1891 4099 2009 4150 hine
2057 4098 2279 4151 ‘sterni'
2325 4102 2485 4151 etism

1420 4194 1515 4242 pro
1553 4177 1888 4244 complanari,
1930 4177 2148 4244 aquari,
2188 4183 2243 4227 et
2282 4177 2487 4242 jecere,

1420 4257 1633 4310 dicitur.
1699 4254 1884 4320 virgil.
1919 4253 2038 4304 AEn.
2074 4267 2132 4304 v.
2172 4257 2289 4305 763.
2325 4258 2342 4283 ⁸
2363 4253 2482 4304 Pla-

1420 4335 1528 4388 cidi
1573 4339 1876 4386 strsverunt
1909 4344 2118 4399 equore
2161 4330 2341 4382 venti!
2410 4331 2485 4382 Et
