3017 4942
509 365 645 436 592

509 528 662 595 hujus
685 528 894 595 generis
915 527 1161 582 formulas
1185 530 1446 596 sigillatim
1477 530 1585 581 col·

513 606 711 671 ligere:
765 606 1023 657 ‘hostiles
1069 607 1284 671 spiritns
1328 606 1582 672 induerc,’

508 685 526 711 ‘
550 681 798 735 affectum
839 682 1095 749 induere,'
1132 685 1385 749 ‘pavores
1428 683 1585 734 falsos

509 759 763 825 induere,²
796 762 1053 813 ‘animum
1087 761 1236 813 bonis
1270 760 1469 814 artibus
1502 760 1583 813 in·

514 836 711 900 duere,'
737 840 835 889 &c.
859 838 1012 889 Idem.

576 915 900 979 [adunatur]
922 914 1190 967 Audacter
1213 915 1340 967 satis
1374 920 1433 967 et
1454 914 1583 980 poe-

512 991 661 1054 tice3
695 1000 837 1043 terra
879 992 1149 1057 segetibus
1179 994 1306 1059 tegI,
1343 999 1400 1044 et
1431 994 1581 1059 qnasi

512 1069 691 1130 vestiri
715 1068 937 1120 videtur.
971 1071 1110 1135 Lips.

584 1146 745 1209 Usque
765 1148 831 1197 od
858 1145 1112 1213 injuriosi]
1145 1148 1404 1200 Iuvat-iis
1436 1149 1581 1201 eodi-

510 1222 657 1273 cibus
691 1223 918 1290 scriptis,
940 1226 1250 1291 excusisque
1269 1226 1434 1290 libris,
1456 1242 1580 1292 pro-

511 1300 657 1350 ditur
692 1315 837 1365 usque
870 1304 923 1354 ia
964 1302 1210 1364 injurians.
1279 1303 1438 1354 Haud
1483 1305 1580 1354 im·

510 1376 678 1440 probo
710 1377 847 1428 hauc
880 1378 1091 1430 dicendi
1125 1380 1396 1439 rationem,
1427 1395 1580 1445 quam

512 1452 730 1503 aliorum
753 1453 913 1504 etiam
937 1461 1205 1505 anctorum
1239 1457 1479 1521 exempla
1498 1462 1582 1506 tu·

511 1534 683 1582 entur.
727 1529 816 1581 Sic
836 1531 1069 1595 loquitur
1089 1532 1294 1583 Seneca
1307 1533 1370 1583 de
1387 1531 1584 1584 Beuef.

510 1616 591 1653 iv.
625 1610 678 1657 6.
734 1611 751 1635 ‘
776 1607 961 1672 Neque
1004 1608 1143 1659 enim
1172 1608 1582 1660 necessitatibus

511 1684 878 1735 tantummodo
929 1686 1120 1737 nostris
1159 1687 1422 1751 provisum
1462 1694 1580 1752 est3

508 1773 673 1822 usqne
704 1761 757 1811 in
803 1762 1020 1813 delicias
1057 1762 1319 1816 amamur?
1377 1764 1582 1817 Colum.

511 1836 673 1889 Praef.
700 1839 799 1890 lib.
832 1852 940 1889 ιιι.
978 1840 1044 1890 de
1067 1841 1148 1890 Re
1175 1841 1325 1891 Rust.
1356 1839 1373 1869 ⁴
1395 1842 1581 1908 Usque

510 1915 563 1963 in
622 1920 828 1978 patrum
890 1926 1187 1969 nostrornm
1244 1917 1580 1969 memoriam!

507 1991 728 2043 Boetius
750 1993 817 2043 de
839 1994 1047 2045 Consol.
1081 1994 1280 2045 Philus.
1305 1995 1340 2044 1.
1361 2009 1400 2047 ι.
1427 2010 1583 2060 prosa

510 2071 561 2117 l.
609 2075 624 2097 ‘
647 2068 754 2119 Sed
779 2069 921 2120 abite
946 2071 1136 2134 potius,
1158 2072 1389 2129 Sirenes,
1414 2087 1584 2138 nsque

509 2142 565 2193 ln
584 2144 834 2197 delicium
857 2146 1060 2198 dulces!
1081 2147 1097 2173 '
1130 2147 1285 2198 Haud
1312 2149 1584 2212 panciores

513 2225 685 2270 tamen
720 2222 839 2272 libri
874 2221 1069 2273 habent
1089 2239 1234 2289 usque
1255 2227 1580 2289 udinjurs‘om·

1213 385 1431 435 NoTAE
1479 383 1889 435 vammum
1939 385 2023 438 IN

1654 529 1671 557 ⁸
1696 530 1819 582 Non
1856 530 2103 583 nobilitas
2137 530 2395 597 cuiqnam.
2417 545 2538 584 ⁸uon
2573 538 2732 596 oetas,

1656 613 1745 656 snt
1782 610 1887 658 acti
1926 609 2168 672 honores,
2200 609 2591 675 impedimento,
2625 626 2734 677 qno

1654 682 1823 733 minus
1847 683 2022 736 Graeci
2042 686 2323 752 Latinique
2343 686 2624 738 histriones
2648 703 2734 739 ar·

1658 767 1767 812 tem
1789 771 2123 827 exercerent,
2144 779 2312 831 nsque
2335 765 2399 816 ad
2423 771 2601 829 ‘estus
2623 780 2737 819 nto·

1655 834 1858 903 dosque
1894 837 2031 888 haurd
2063 838 2279 890 viriles!
2337 839 2417 892 Cf.
2441 840 2578 892 idem
2604 853 2732 893 xxv.

1653 914 1738 963 26.
1791 913 1915 978 Ipse
1941 915 2140 965 Plinius
2164 922 2345 966 noster
2372 917 2545 980 Epist.
2565 930 2652 969 m.
2675 922 2734 968 7.

1651 988 1670 1019 ⁸
1691 989 1822 1041 Erat
1843 989 2116 1053 φιλόκαλος
2136 1005 2301 1057 usque
2330 991 2395 1041 ad
2429 994 2730 1045 emacitatis

1652 1067 2148 1129 reprehensionem!
2218 1068 2368 1119 Idem
2403 1070 2571 1133 Epist.
2594 1084 2652 1122 x.
2671 1074 2734 1121 4.

1652 1148 1668 1172 ⁶
1688 1142 2000 1195 Gravissima
2022 1144 2341 1210 valetudine,
2363 1159 2525 1210 nsque
2548 1145 2616 1195 ad
2638 1160 2730 1211 pe·

1651 1220 1869 1272 riculum
1888 1221 2025 1280 vite,
2049 1220 2300 1273 vexatus!
2359 1221 2448 1272 Sic
2468 1222 2567 1273 hoc
2591 1223 2730 1286 ioco,

1650 1310 1798 1361 usque
1829 1298 1894 1347 ud
1925 1298 2156 1360 iniuriam
2189 1296 2485 1349 sterilitatis.
2545 1299 2563 1325 ⁴
2586 1297 2736 1360 luja-

1652 1373 1762 1426 ria’
1781 1376 1905 1427 alias
1942 1376 2151 1435 dicitur,
2187 1374 2435 1441 quidquid
2476 1388 2582 1424 non
2605 1374 2734 1438 jure

1650 1450 1734 1510 flt.
1754 1453 1867 1502 sive
1891 1468 1968 1518 re,
1990 1454 2101 1504 sive
2123 1453 2317 1505 verbis.
2365 1451 2517 1502 Unde
2538 1451 2734 1513 magis-

1654 1532 1739 1579 ter
1758 1528 2125 1580 Herennianus
2144 1531 2434 1579 l.1v.c.26.
2466 1529 2484 1559 ‘
2510 1527 2730 1591 lnjuriae
2814 1530 2822 1539 '

1625 1603 1813 1663 -suut.’
1858 1605 2047 1671 inquit,
2082 1607 2099 1635 ⁸
2133 1620 2252 1670 quae
2294 1612 2388 1655 aut
2430 1604 2730 1669 pulsatione

1653 1696 1861 1749 corpus,
1884 1690 1976 1735 aut
1997 1684 2234 1735 convicio
2255 1695 2424 1745 aures,
2439 1688 2530 1732 ant
2554 1682 2734 1747 aliqua

1655 1761 1977 1824 turpitudine
1997 1761 2159 1811 vitam
2179 1759 2470 1825 cujuspiam
2488 1756 2732 1811 violant.’

1649 1836 1755 1888 Sed
1778 1844 1834 1887 et
1856 1836 2144 1901 generatim
2166 1836 2362 1902 quavis
2397 1834 2538 1885 laesio
2559 1840 2619 1885 et
2639 1847 2729 1885 ca-

1653 1914 1877 1977 inmites,
1900 1921 1989 1965 aut
2018 1913 2239 1978 quodvis
2269 1910 2648 1964 incommodum
2671 1918 2736 1961 et

1654 1990 1917 2048 damnum,
1954 1989 2044 2041 nbi
2073 2005 2174 2041 nec
2203 1987 2420 2054 proprie
2442 1989 2533 2053 jus
2553 1987 2729 2040 locum

1653 2065 1833 2130 habet,
1855 2066 2137 2131 aliquando
2153 2066 2449 2130 appellatur
2464 2065 2481 2094 ‘
2502 2062 2734 2128 injurim’.

1653 2140 1739 2191 Ita
1766 2142 1977 2192 Plinius
2000 2142 2196 2206 Major,
2210 2155 2310 2192 xx.
2332 2144 2416 2193 14.
2439 2141 2456 2169 ‘
2480 2140 2731 2204 iujuriam

1653 2215 1924 2282 frigorum,
1954 2227 2248 2283 aestusque-3
2268 2218 2283 2241 ’
2318 2230 2464 2269 xvtt.
2487 2221 2573 2268 24.
2608 2223 2625 2247 ‘
2649 2217 2728 2267 in«

508 2296 598 2348 Ita
620 2299 826 2350 scilicet
847 2300 959 2352 haec
993 2301 1154 2352 verba
1188 2301 1427 2353 referunt
1450 2304 1580 2353 Mas.
1642 2295 1838 2360 jurium
1874 2293 2237 2362 pruinarnm3'
2274 2308 2446 2346 xviri.
2473 2297 2559 2347 28.
2597 2300 2738 2345 tem-e

507 2373 771 2432 Vaticani,
805 2376 1233 2442 salisburgensis,
1255 2384 1310 2429 et
1331 2380 1581 2443 Guelplii·

506 2462 628 2512 cns;
663 2458 821 2517 atque
846 2453 898 2503 in
934 2454 1201 2519 impressis
1230 2456 1395 2520 libris,
1415 2456 1584 2507 Bero-

507 2527 998 2594 aldus,‘Catanaeus,
1031 2532 1216 2595 Aldus,
1237 2534 1424 2596 Junta,
1443 2534 1581 2598 Gry·

505 2603 677 2666 phius,
696 2602 996 2665 Ascensius,
1023 2607 1326 2672 Sichardns,
1360 2610 1586 2673 Navius,

505 2679 792 2744 Livineius,
826 2682 898 2734 H.
944 2683 1258 2748 Stephanus,
1305 2685 1580 2750 cellarius,

503 2755 740 2822 Hearne,
762 2765 818 2811 et
840 2773 977 2809 nunc
999 2758 1287 2810 Gesner-us.
1333 2761 1449 2812 Nec
1464 2775 1582 2812 raro

507 2831 631 2883 alibi
655 2835 814 2884 etiam
838 2835 1134 2900 promiscue
1151 2838 1404 2901 scriptum
1429 2852 1579 2902 repe·

503 2910 637 2959 ritur
656 2925 803 2975 usque
826 2912 898 2974 in,
922 2919 976 2962 et
1006 2927 1153 2976 usque
1173 2916 1255 2963 ad.
1324 2914 1479 2965 Hanc
1500 2923 1580 2965 ta·

501 3000 623 3037 men
648 2989 988 3051 posteriorem
1003 2990 1279 3039 lectionem
1297 2990 1457 3054 priori
1464 2991 1578 3054 jam

501 3060 882 3126 praeferendam
912 3064 1132 3128 opinor;
1169 3066 1356 3130 primo,
1377 3068 1498 3132 quia
1523 3068 1580 3119 in

502 3139 880 3201 compositione
919 3140 1212 3198 verborum,
1240 3157 1386 3206 sisque
1415 3145 1481 3193 ad
1498 3145 1577 3195 in·

487 3210 694 3276 iuriam,
718 3229 818 3265 non
844 3221 947 3266 tam
984 3217 1221 3281 ingratus
1257 3219 1577 3285 auribusque

500 3291 749 3343 molestus
772 3308 947 3359 sonus,
965 3310 1116 3360 quam
1141 3296 1193 3346 in
1219 3296 1410 3361 verbis,
1430 3313 1580 3363 usque

500 3367 557 3417 ins
576 3367 820 3430 iniuriam,
848 3379 1068 3436 propter
1104 3386 1410 3423 concursum
1435 3375 1577 3439 ejus-

499 3443 619 3494 dem
663 3446 879 3509 syllabas
914 3447 985 3502 in,
1024 3450 1277 3499 occurrit.
1344 3450 1575 3514 Deinde,

499 3521 623 3586 qnia
662 3529 720 3573 et
754 3523 866 3573 liaec
903 3524 1018 3589 ipss
1056 3525 1213 3575 lectio
1258 3526 1576 3577 auctoritate

499 3605 735 3649 veterum
757 3599 1003 3650 librorum
1023 3602 1270 3652 munitur.
1311 3603 1580 3668 Denique.

497 3676 623 3740 quia
661 3677 814 3740 plura
857 3678 1069 3730 omnino
1111 3681 1352 3744 exempla
1397 3681 1576 3731 obser·

498 3760 709 3814 vantur,
731 3753 823 3804 ubi
847 3755 1103 3817 particula
1127 3770 1273 3819 usque
1295 3770 1413 3806 cum
1441 3771 1572 3819 prae·

496 3829 762 3891 positione
783 3833 866 3888 od,
890 3846 1040 3895 quam
1067 3847 1185 3881 cum
1207 3833 1279 3893 in,
1300 3833 1574 3897 conjungi-

499 3912 602 3955 tur.
642 3907 722 3956 Ex
747 3909 922 3959 multis
950 3923 1117 3971 panca
1142 3916 1393 3959 annotare
1419 3909 1574 3961 libet.-

497 3979 587 4030 Sic
608 3981 821 4032 Terent.
847 3982 1011 4034 Andr.
1031 3997 1068 4035 ι.
1093 3988 1141 4033 2.
1164 3988 1245 4034 28.
1283 3990 1299 4013 ⁸
1324 3985 1574 4036 Verberi-

498 4054 596 4105 bus
615 4070 806 4107 coesnm
832 4066 884 4107 te
904 4059 956 4107 in
982 4059 1275 4124 pistrinum,
1290 4060 1457 4126 Dav'e,
1477 4060 1573 4116 de·

496 4131 634 4188 dam.
658 4146 823 4196 usqne
842 4132 908 4184 ad
935 4134 1152 4185 necem.’
1221 4137 1439 4186 Petron.
1453 4152 1574 4202 cap.

498 4211 580 4256 ll.
625 4207 641 4234 ‘
666 4209 833 4259 Fruor
870 4211 1004 4272 yotis
1041 4224 1202 4275 usque
1233 4213 1298 4262 ad
1324 4214 1569 4264 invidiam

493 4280 769 4334 felicibus?
834 4284 1071 4352 Tacitus,
1108 4287 1298 4340 Annei.
1341 4302 1457 4341 xrv·
1490 4294 1574 4342 15.

491 4741 615 4894 Ι

1651 2379 1883 2437 pestates
1941 2382 2097 2424 vocat
2141 2376 2157 2402 ‘
2184 2373 2397 2440 injurias
2438 2370 2729 2436 coelestes,'

1656 2457 1714 2500 et
1734 2464 1855 2514 cap.
1877 2454 1961 2500 29.
1995 2453 2009 2480 ⁸
2035 2449 2275 2514 injuriam
2311 2449 2578 2500 coelestem
2619 2454 2732 2500 ste-2
2757 2475 2762 2480 ·

1654 2525 1904 2577 rilitatis.’
1969 2527 2143 2592 thue
2170 2527 2284 2591 jam
2317 2531 2520 2576 taceam
2550 2537 2728 2576 exem·

1655 2603 1748 2666 pla
1779 2601 1998 2652 aliorum
2034 2610 2324 2667 auctorum,
2356 2602 2434 2652 sie
2466 2601 2592 2652 alibi
2613 2600 2730 2666 ipse

1655 2693 1859 2744 quoqne
1899 2678 2104 2731 Plinius
2140 2685 2319 2729 noster
2355 2677 2605 2743 loquitur,
2641 2677 2736 2728 lib.

1654 2765 1890 2806 xxxvn.
1915 2770 1964 2806 c.
1988 2760 2038 2806 1.
2077 2753 2096 2785 ‘
2120 2755 2413 2819 Vectigalia
2443 2753 2732 2804 instituun-

1653 2836 1740 2883 tur
1773 2847 1872 2897 pro
1915 2832 2146 2884 utilitate
2185 2831 2464 2888 communi,
2497 2831 2728 2895 singulo·

1653 2922 1769 2961 rum
1792 2907 2032 2974 injuriis:
2078 2918 2325 2960 xxxvm.
2356 2913 2408 2959 5.
2442 2908 2458 2936 ‘
2477 2908 2751 2961 Minuere·

1652 2986 1898 3039 orbitatis
1924 2985 2181 3053 injurias?
2214 2986 2458 3037 Schmun.

1723 3065 1881 3130 Usque
1919 3069 1983 3117 ud
2013 3066 2264 3132 injuriam]
2301 3066 2365 3116 Iit
2393 3063 2624 3126 &timum
2658 3065 2724 3115 V.

1651 3142 1715 3193 C.
1736 3143 1807 3194 G.
1837 3144 2005 3194 Livius.
2083 3189 2086 3190 γ
2665 3173 2670 3182 ‹

1715 3218 1800 3269 Aa
1818 3220 2045 3282 injurians
2065 3219 2366 3285 sterilitatis]
2422 3218 2597 3269 Plinio
2616 3217 2730 3282 jus·

1652 3301 1762 3346 tum
1787 3296 2166 3347 incrementum
2200 3304 2285 3347 est
2313 3293 2613 3346 cubitorum
2634 3294 2723 3345 de·

1650 3385 1764 3423 cem
1800 3381 1856 3424 et
1875 3388 1999 3424 sext
2036 3374 2265 3424 minores
2287 3386 2409 3422 vero
2433 3385 2597 3436 aquas
2619 3383 2726 3422 non

1650 3449 1826 3511 rigare
1865 3450 2060 3513 omnia,
2091 3449 2378 3513 ampliores·
2402 3446 2631 3497 detineri
2664 3461 2726 3500 ae

1651 3525 1848 3576 tardius
1872 3525 2155 3588 recedere;
2182 3526 2262 3575 hae
2286 3531 2524 3587 tempora
2545 3537 2728 3575 seren·

1648 3602 1704 3653 di
1740 3602 2017 3655 absumunt
2050 3604 2162 3655 solo
2191 3602 2458 3657 madente,
2486 3602 2594 3652 illm
2618 3616 2725 3652 non

1649 3678 1797 3736 dant,
1835 3679 2070 3730 sitiente.
2134 3679 2275 3729 Hinc
2311 3679 2362 3727 in
2402 3682 2484 3728 12.
2530 3677 2725 3729 cubitis

1646 3753 1840 3805 famem
1863 3754 2055 3817 sentit;
2081 3754 2131 3814 in
2157 3759 2233 3806 18.
2250 3753 2408 3805 etiam
2429 3755 2634 3819 esurit,
2669 3763 2726 3805 at

1646 3834 1728 3882 14.
1748 3831 1924 3884 cubita
1938 3832 2253 3883 hilaritatem
2274 3830 2522 3894 afferunt,
2543 3837 2627 3885 15.
2644 3846 2721 3884 so·

1646 3908 1944 3967 caritatem,
1969 3909 2303 3961 Iti-delicias.
2336 3907 2557 3960 Claudio
2580 3912 2724 3973 prim

1646 3983 1768 4049 cipe
1794 3985 2072 4036 maximum
2097 3984 2473 4036 incrementum
2508 3981 2607 4034 fnit
2631 4000 2722 4035 cu·

1646 4058 1874 4110 bitorum
1910 4065 1992 4114 1⁷.
2037 4060 2346 4112 Pharsalico
2390 4061 2530 4113 bello
2569 4062 2724 4113 mini-

1645 4151 1803 4189 mum.
1838 4139 1997 4191 Beris.
2663 4177 2670 4181 .
2705 4179 2714 4187 ‘

1710 4215 1869 4277 Piger
1905 4216 2075 4282 Nilus]
2107 4218 2230 4267 Non
2253 4216 2527 4281 assurgens
2551 4225 2607 4266 et
2629 4232 2718 4268 ex·

1646 4294 1901 4358 spatians,
1938 4302 1999 4346 ut
2030 4297 2178 4353 solet,
2202 4295 2352 4359 cujus
2388 4295 2619 4359 ‘justum
2640 4296 2715 4346 in·
