3017 4942
516 353 647 420 892

516 517 665 579 tique
706 512 1063 578 persolvimus,
1081 545 1094 562 .
1115 546 1129 562 .
1148 544 1166 561 .
1182 512 1385 576 precati
1418 513 1587 576 Deos,

514 601 577 641 ut
600 599 654 640 te
683 603 894 654 remque
929 587 1190 652 publicam
1220 585 1492 639 florentem
1528 593 1586 636 et

514 667 824 717 incolumem
848 663 1154 716 servarent!
1201 663 1285 715 ef.
1309 664 1479 728 Epist.
1498 669 1586 715 4⁴.

514 751 574 793 et
595 747 679 792 60.
702 740 933 806 ejusdem
955 741 1046 790 lib.
1070 754 1127 791 x.
1160 738 1402 791 Sela-om.

582 820 643 870 Sa·
664 818 801 883 bene]
835 818 1079 869 clausula
1095 817 1418 881 est‚‘1'rajani
1433 816 1585 880 jussu

514 895 718 960 addita,
731 903 790 946 ut
811 909 877 944 ex
894 895 1069 945 Plinio
1091 900 1348 968 apparet:
1383 895 1584 944 clausu·

517 973 587 1034 la,
608 987 641 1022 o
662 974 829 1033 Deus,
859 971 1094 1035 egregia,
1127 979 1184 1022 et
1206 984 1393 1031 magno
1415 985 1480 1021 ac
1501 984 1583 1021 sa-

514 1048 654 1098 lubri
678 1048 769 1097 illo
791 1048 1027 1112 principe
1045 1047 1217 1108 digua.
1247 1046 1387 1111 Lips.

580 1124 720 1177 Bene
737 1128 787 1174 et
800 1138 865 1174 ex
880 1122 1115 1185 utilitate]
1134 1122 1350 1179 Eadem,
1366 1121 1459 1172 sed
1476 1136 1583 1172 ma-

516 1201 597 1266 gis
631 1215 779 1257 voce.
804 1214 954 1263 quam
982 1213 1062 1261 re,
1090 1198 1332 1249 Tiberius
1354 1199 1405 1247 iu
1431 1200 1584 1262 pleno

513 1286 700 1331 senatu
721 1297 736 1330 z
769 1279 930 1330 ‘Dixi
943 1286 1001 1328 et
1017 1292 1176 1342 nuuc,
1193 1285 1248 1327 et
1270 1292 1412 1342 saepe
1435 1277 1583 1343 alias,

512 1357 580 1407 P.
607 1358 667 1407 C.
691 1357 880 1407 bonurn
901 1363 956 1406 et
972 1356 1253 1405 salutarem
1274 1354 1584 1418 principem,

514 1447 667 1498 quem
692 1447 780 1483 vos
802 1440 954 1483 tauta
981 1439 1039 1481 et
1065 1439 1167 1481 tam
1206 1430 1374 1481 libera
1406 1436 1583 1494 potes-

512 1516 627 1559 tate
663 1509 999 1565 instruxistis,
1035 1509 1242 1556 senatui
1273 1507 1469 1556 servire
1490 1507 1582 1556 de·

512 1584 640 1663 pere
681 1592 739 1635 et
782 1584 1034 1636 universis
1073 1582 1277 1634 civibus
1320 1597 1484 1647 sa’pe,
1524 1591 1582 1633 et

512 1663 821 1727 plerumque
875 1661 1030 1711 etiam
1075 1659 1326 1723 singulis:
1365 1660 1583 1710 Sueton-

475 1739 629 1789 ‘'rib.
659 1754 707 1789 c.
729 1744 812 1790 29.
844 1741 1019 1790 ‘Nam
1050 1751 1235 1801 regere
1272 1737 1382 1785 sive
1415 1736 1582 1799 impe·

511 1829 631 1865 rare
666 1813 891 1864 officium
926 1820 1027 1876 est,
1063 1827 1167 1863 nou
1200 1809 1457 1876 regnum?
1486 1813 1582 1862 Se-

510 1904 626 1941 nec.
650 1891 817 1954 Epist.
845 1893 929 1940 91.
978 1892 995 1919 ‘
1020 1888 1302 1951 Imperium
1340 1894 1423 1938 est
1454 1903 1582 1938 cura

511 1964 695 2014 salutis
726 1963 954 2030 alieuoe,'
978 1963 1237 2015 Ammiau.
1261 1966 1508 2015 Marcell.
1546 1967 1580 2016 l.

512 2051 687 2090 xxix.
732 2041 816 2090 ld.
831 2041 921 2091 lib.
937 2053 1076 2090 xxx.
1089 2047 1144 2090 et
1161 2041 1251 2092 lib.
1274 2054 1416 2093 xxv.
1453 2044 1470 2070 ⁴
1498 2043 1579 2092 Fi-

510 2116 592 2164 nis
603 2117 740 2181 justi
762 2118 965 2181 imperii
988 2117 1206 2183 utilitas⁸
1220 2117 1579 2170 obedientium

511 2201 570 2243 et
607 2193 781 2243 salus.’
828 2194 973 2245 Plat.
1009 2195 1099 2244 lib.
1134 2184 1253 2245 Pol.
1299 2194 1358 2245 Ὀ
1382 2199 1460 2257 τῷ·
1479 2195 1581 2246 ὄντα

509 2268 736 2328 ἀληθινὸς
754 2269 935 2334 ἄρχον,
954 2270 1011 2320 οὔ
1031 2268 1213 2333 πέφυκε
1230 2270 1292 2321 τὸ
1313 2270 1442 2336 αὐτᾷ
1459 2289 1580 2334 ‹twa-

509 2343 656 2409 φέρον
678 2349 975 2411 σκοπεῖσθαι,
996 2346 1128 2398 ἀλλὰ
1145 2346 1205 2396 τὸ
1222 2347 1295 2410 ‘ri
1313 2347 1582 2411 ἀρχομένῳ.

508 2420 747 2481 Justitis,
770 2439 924 2487 quam
941 2424 1271 2476 administrat
1296 2440 1406 2481 rex.
1427 2425 1578 2477 ἄλλό-

507 2514 643 2561 τριον
678 2498 861 2561 ἀγαθὸν
890 2502 960 2564 τῷ
994 2499 1113 2551 ὄντι.
1180 2499 1331 2551 Idem
1369 2502 1485 2552 Pol.
1520 2517 1576 2555 V.

508 2574 675 2625 Plura
714 2579 767 2625 iu
806 2578 937 2627 banc
977 2591 1087 2626 rem
1127 2576 1239 2628 Cic.
1278 2575 1387 2626 Off.
1420 2579 1513 2630 lib.
1537 2593 1579 2628 r.

508 2650 694 2702 Scuec.
727 2667 768 2701 1.
803 2654 970 2704 Clem.
992 2654 1139 2715 Lips.
1162 2655 1215 2702 iu
1253 2652 1438 2703 Monit.
1460 2654 1580 2705 Pol.

486 2722 576 2777 'n-
596 2732 645 2778 7.
672 2730 823 2779 Adde
845 2738 1020 2780 tamen
1040 2729 1265 2780 Aristot.
1287 2730 1461 2782 Etiiic.
1484 2732 1578 2784 lib.

508 2817 617 2854 vu.
638 2814 694 2855 et
710 2806 955 2873 Xenopb.
975 2809 1043 2858 de
1067 2808 1212 2859 Dict·
1232 2815 1288 2858 et
1311 2809 1462 2859 Fact-
1483 2809 1578 2860 lib.

507 2893 589 2931 ιν.
624 2882 779 2933 Bm.

575 2958 661 3008 Ex
693 2960 908 3010 utilitate
939 2960 1146 3010 omnium
1178 2959 1392 3026 nater-is]
1435 2951 1606 3012 Mira'

509 3033 801 3097 pertinacia
836 3050 1015 3085 omnes
1047 3037 1261 3087 codices
1297 3038 1428 3086 Mna.
1449 3052 1578 3102 quos

507 3110 724 3167 contuli,
736 3113 981 3162 omittunt
989 3114 1205 3164 verbum
1215 3114 1424 3179 rexeris,
1436 3115 1577 3180 quod

509 3194 687 3236 tamen
720 3187 786 3237 ad
810 3191 1122 3240 senteutiam
1147 3190 1306 3240 Plinii
1336 3205 1578 3242 necessa·

505 3263 640 3314 rium
676 3270 778 3329 est,
820 3273 878 3315 ct
919 3265 1059 3330 quod
1102 3267 1376 3331 sequentia
1420 3269 1579 3318 Plinii

506 3340 678 3389 verba,
708 3339 1053 3402 confirmant,
1110 3357 1160 3392 v.
1200 3357 1251 3406 g.
1283 3356 1492 3394 txvm.
1529 3349 1578 3394 1.

509 3422 528 3444 ⁴
546 3416 676 3466 Cum
702 3418 954 3482 excipias,
972 3425 1030 3467 ut
1053 3417 1128 3468 ita
1148 3418 1353 3468 demum
1391 3427 1446 3470 te
1485 3421 1577 3470 Dii

504 3500 735 3549 servent,
768 3494 810 3542 si
853 3493 986 3542 bene
1014 3493 1408 3558 rempublicam,
1430 3502 1487 3543 et
1508 3510 1577 3544 ex

507 3568 737 3619 utilitate
767 3570 1011 3628 omnium,
1044 3569 1275 3623 rexeris.’
1327 3571 1398 3620 Et
1423 3585 1577 3622 xclv-

506 3649 559 3694 ⁵.
603 3649 624 3675 ⁴
647 3648 765 3700 Quo
793 3648 995 3712 majore
1028 3647 1237 3708 fiducia,
1268 3648 1451 3698 iisdem
1475 3650 1577 3699 illis

507 3724 666 3785 votis,
688 3739 804 3789 quae
837 3726 949 3787 ipse
985 3740 1079 3789 pro
1103 3739 1162 3775 se
1185 3726 1473 3791 nuncupari
1487 3727 1575 3791 ju·

504 3797 617 3861 bet,
637 3814 728 3849 oro
750 3806 804 3850 et
826 3799 1082 3865 obtestor,
1103 3802 1149 3851 ui
1176 3800 1309 3852 bene
1332 3803 1576 3866 rempub·

507 3875 681 3940 licum,
703 3875 746 3924 si
780 3890 846 3925 ex
880 3878 1107 3927 utilitate
1129 3879 1376 3934 omnium,
1397 3877 1578 3941 regit:

509 3953 611 4001 διο.
676 3950 818 4002 Libri
842 3953 1021 4003 excusi
1042 3967 1223 4003 omnes
1244 3955 1414 4004 locum
1436 3954 1577 4004 bunc

509 4025 746 4078 referunt
767 4030 1042 4093 integrum.
1086 4031 1223 4082 Quid
1248 4018 1573 4081 occasiou’em

509 4100 717 4155 dederit
735 4105 893 4155 verbo
913 4107 1099 4157 rexeris
1118 4107 1171 4156 iu
1192 4106 1412 4157 residuis
1435 4108 1576 4158 codi-

507 4176 656 4230 cibus
667 4181 1055 4247 supprimeudo,
1066 4181 1328 4249 dispicere
1339 4199 1443 4236 non
1459 4199 1579 4252 pos·

1210 369 1427 419 ⁸01·AE
1478 367 1888 420 VAmolum
1936 369 2021 417 m

1646 478 1794 577 =sum,
1817 512 1916 562 uisi
1938 510 2076 577 quod
2099 507 2353 574 suspicor,
2381 507 2433 558 in
2455 506 2722 559 codicibus

1661 589 1841 653 primis
1882 589 2139 652 integram
2184 584 2455 636 formulam
2507 585 2727 634 istorum

1661 675 1916 725 votorum,
1936 676 2052 731 qum
2075 664 2332 728 TraJanus
2364 677 2458 726 pro
2489 662 2725 725 imperio,

1661 750 1718 794 et
1741 757 1836 807 pro
1857 757 1933 799 se,
1955 742 2161 806 publice
2183 738 2296 789 fieri
2321 739 2565 798 voluerit,
2593 738 2725 786 exti-

1662 819 1820 881 tisse3
1855 819 1946 869 sed
1973 819 2039 868 ab
2062 818 2241 879 inepto
2264 814 2484 879 quodam
2513 813 2723 862 librario

1652 895 1766 961 jam
1810 895 2040 959 antiquis
2070 893 2394 957 temporibus
2429 890 2722 940 mutilatam

1659 972 1834 1029 fuisse,
1857 970 2092 1035 adeoque
2114 983 2293 1018 omues
2307 968 2620 1031 superstites
2635 981 2724 1017 co·

1660 1046 1807 1099 dices
1840 1048 1973 1097 Mss.
2004 1047 2093 1112 qui
2124 1045 2249 1096 mibi
2286 1045 2553 1109 hucusque
2578 1043 2725 1093 iuno·

1658 1132 1892 1182 tuerunt,
1934 1139 2009 1181 ex,
2057 1120 2345 1172 istiusmodi
2388 1120 2629 1170 mutilato
2668 1126 2726 1169 et

1657 1216 1843 1252 manco
1874 1198 2159 1263 exemplari
2195 1198 2380 1248 sensim
2417 1194 2726 1256 dim-nasse,

1657 1285 1716 1329 et
1740 1278 1869 1328 alios
1889 1277 2003 1327 aliis
2037 1274 2390 1339 corruptiores
2421 1269 2724 1323 efformatus

1659 1343 1794 1406 ess'e.
1825 1353 2070 1405 δώωσι.

1727 1433 1849 1496 Εςίί
1884 1447 1991 1482 cum
2023 1429 2201 1481 Diis..
2223 1426 2543 1491 ,resp-ablica]
2594 1426 2641 1476 1.
2676 1441 2724 1478 e.

1657 1508 1958 1574 respublica
1993 1507 2139 1573 quasi
2178 1504 2448 1568 transegit,
2473 1511 2533 1553 et
2570 1510 2726 1568 pacta

1656 1594 1741 1638 est
1762 1601 1879 1636 cum
1902 1585 2039 1636 Diis.
2074 1584 2163 1634 Sic
2184 1596 2323 1638 mox,
2342 1583 2371 1646 §
2392 1586 2445 1632 7.
2480 1588 2497 1610 ·
2517 1580 2626 1631 Sed
2649 1581 2726 1630 in·

1657 1664 1800 1728 genti
1840 1662 2176 1717 conscientia,
2214 1662 2408 1723 Caesar,
2441 1658 2726 1722 paciscerin

1655 1754 1774 1791 cum
1799 1738 1953 1790 Diis.'
2005 1739 2123 1789 Cic.
2146 1737 2310 1788 Attic.
2342 1750 2420 1787 lv.
2446 1741 2500 1786 1.
2551 1735 2571 1763 ‘
2594 1735 2725 1786 Cum

1654 1817 1908 1882 Pompeio
1930 1825 2194 1881 ageretur,
2213 1822 2274 1865 ut
2296 1828 2411 1865 earn
2432 1828 2543 1863 rem
2566 1813 2729 1864 susci·

1655 1893 1848 1959 peret.’
1883 1895 2033 1945 Idem
2050 1895 2114 1945 ad
2135 1895 2201 1945 Q.
2222 1893 2309 1945 Fr.
2331 1907 2371 1943 ι.
2388 1890 2438 1942 1.
2456 1895 2538 1944 14.
2571 1891 2726 1944 ‘Jaru

1654 1974 1754 2024 boc
1785 1974 1902 2025 loco
1936 1988 2038 2023 non
2060 1972 2372 2029 hortatione,
2395 1984 2568 2034 neque
2593 1983 2730 2032 prae·

1652 2050 1845 2115 ceptis,
1868 2050 1962 2101 sed
1987 2048 2234 2115 precibus
2273 2055 2445 2099 tecum
2478 2044 2728 2096 fraternis

1654 2141 1772 2192 ago,
1816 2133 1986 2178 totum
2031 2134 2092 2177 ut
2127 2126 2353 2176 animum
2372 2155 2444 2176 ...
2461 2137 2626 2188 ponas
2672 2121 2726 2171 in

1652 2203 1880 2253 omnium
1921 2202 2077 2253 laude
2119 2201 2349 2267 undique
2391 2196 2730 2261 colligenda!

1655 2279 1778 2331 Hoc
1800 2295 1924 2331 vero
1945 2282 2061 2332 loco
2086 2277 2381 2343 respublica
2398 2275 2726 2341 potissimum

1652 2358 1790 2408 votis
1828 2366 1884 2407 et
1907 2357 2152 2423 precibus
2184 2356 2286 2419 egit
2320 2369 2429 2405 cum
2454 2353 2571 2403 diis.
2635 2353 2729 2402 Sc·

1656 2435 1940 2498 quentibus
1960 2432 2136 2484 verbis
2171 2431 2507 2495 interposuit,
2528 2436 2585 2480 et
2611 2443 2728 2492 par·

1653 2510 1749 2559 tim
1784 2512 2005 2560 mutavit
2037 2508 2346 2573 particulos,
2378 2505 2549 2556 codex
2573 2503 2726 2555 Pari-

1650 2587 1858 2647 siensis‚
1877 2591 1935 2636 ut
1953 2591 2002 2636 te
2020 2586 2095 2635 ita
2112 2583 2333 2649 sospitem
2358 2584 2727 2645 §animmque

1645 2667 1958 2726 prostarent,
1987 2677 2046 2711 ac
2083 2666 2141 2711 tu
2179 2664 2361 2711 ceteros
2391 2658 2723 2724 prestitisse&

1650 2738 1824 2788 Idem.

1721 2814 2030 2881 Respublica]
2064 2816 2197 2868 Qua
2221 2821 2347 2864 vota
2367 2813 2457 2864 illa
2478 2811 2723 2878 suscipit.

1719 2968 1766 3018 A
1787 2968 2005 3018 custodia
2027 2967 2103 3017 tui
2120 2964 2318 3030 capitis]
2348 2966 2395 3016 A
2418 2965 2636 3016 custodia
2649 2965 2723 3013 tei

1651 3043 1864 3106 corporis
1897 3043 2068 3092 Liviu.
2096 3043 2150 3092 in
2175 3047 2361 3103 textu;
2392 3040 2485 3090 sed
2513 3042 2566 3090 in
2590 3055 2724 3091 nar-

1653 3120 1793 3184 giue,
1808 3137 1840 3169 a
1860 3120 2075 3170 custodia
2092 3120 2168 3168 tui
2187 3118 2361 3182 cupitis
2381 3118 2443 3168 C·
2463 3118 2635 3170 Livia.

1715 3196 1765 3246 A
1808 3197 2024 3247 custodia
2057 3196 2132 3245 tui
2174 3195 2376 3261 cupitis]
2420 3195 2467 3245 A
2508 3194 2724 3247 maia

1650 3272 1727 3321 tui
1743 3272 1969 3336 corperis.
2034 3271 2252 3335 Aliquot
2268 3270 2407 3331 libri,
2423 3270 2502 3320 tna·
2520 3270 2726 3334 capitis:

1651 3355 1714 3398 nt
1735 3349 1948 3399 dubium
1972 3348 2059 3398 vix
2082 3348 2169 3404 ait,
2192 3356 2248 3396 et
2270 3346 2402 3398 illud
2424 3347 2726 3410 cor-poris,et

1648 3423 1845 3487 capitis,
1861 3433 2041 3474 natum
2066 3439 2097 3472 a
2120 3423 2308 3487 glossa.
2344 3422 2495 3471 Grut-

1665 3502 1954 3551 Custodia
1993 3500 2068 3551 tui
2107 3498 2306 3563 capitis]
2359 3499 2469 3548 Pro
2512 3497 2725 3547 nomine

1648 3535 1840 3640 cepitis,
1855 3577 2013 3641 vulgo
2025 3576 2217 3638 legitur
2230 3575 2458 3638 corporis.
2492 3575 2725 3624 Grutero

1649 3654 1738 3705 vix
1759 3653 1971 3705 dubium
1986 3655 2149 3704 visum
2163 3659 2263 3717 est,
2279 3658 2336 3701 et
2347 3652 2476 3702 uliud
2493 3652 2726 3714 corporis,

1649 3736 1708 3779 et
1738 3728 1933 3792 capitis,
1961 3736 2136 3778 uatum
2170 3743 2202 3777 a
2235 3728 2425 3787 glossa.
2486 3727 2594 3776 Sed
2623 3740 2725 3776 vox

1647 3806 1824 3870 capitis
1860 3807 2069 3855 omuino
2106 3804 2417 3868 exprimitur
2448 3803 2502 3853 in
2527 3803 2724 3853 codici-

1652 3884 1749 3934 bus
1771 3884 1903 3934 Mss.
1926 3883 2216 3939 Vaticanis.
2249 3882 2550 3940 Parisiensi,
2579 3891 2722 3931 utro·

1649 3975 1751 4026 que
1814 3961 2043 4016 Veneto,
2104 3957 2506 4022 Salisburgeusi,
2562 3956 2719 4006 Guel-

1651 4037 1837 4100 pberb.
1868 4044 1925 4086 et
1956 4051 2094 4097 meo,
2127 4037 2252 4086 item
2275 4035 2402 4085 etin
2426 4034 2561 4083 libro
2586 4035 2718 4083 Vos·

1648 4114 1814 4171 siano,
1835 4121 1995 4178 atque
2016 4113 2239 4163 antehac
2272 4113 2324 4161 in
2348 4111 2458 4161 sola
2483 4110 2714 4159 editione

1648 4189 1982 4255 Cuspiniaui3
2031 4203 2150 4241 cum
2185 4201 2362 4239 vocem
2398 4185 2537 4236 banc
2560 4197 2713 4236 .nuuc
