3017 4942
729 409 793 457 0.
841 405 1083 457 eumn
1133 404 1470 457 saeuum
1522 405 1805 456 ranae.
1878 405 1926 455 1.
1971 390 2086 457 52.

298 558 491 609 natum,
519 557 609 603 aut
641 550 1042 615 Rempublicam
1072 549 1166 602 isti
1193 549 1365 603 Genio

297 629 697 680 sacrificantem.
726 628 967 679 Scitum.

358 706 507 771 ,Apud
525 707 721 772 numen]
755 706 819 756 In
844 705 1124 770 Capitolio.
1158 704 1299 770 Lips.

360 783 448 834 Illi
465 785 635 836 debere
654 784 762 847 nos]
796 783 1019 834 Bebrins
1041 782 1365 835 Gedanensis

298 861 373 911 his
397 861 571 912 verbis
594 859 1004 925 praeponendum
1039 859 1245 910 censuit
1268 860 1367 910 Fa·

291 936 412 987 teris
430 937 580 987 aim.
615 937 878 987 Heumau.
899 936 1047 989 Poec.
1068 936 1134 987 T.
1158 949 1251 988 m.
1274 936 1369 987 lib.

296 1027 373 1062 tv.
396 1012 476 1063 sic
500 1013 829 1064 scribendum
855 1014 1137 1065 arbitratus
1156 1021 1259 1078 est,
1282 1014 1371 1065 1112·

292 1089 459 1141 debere
481 1105 569 1140 nos
588 1091 680 1141 vis.
743 1090 849 1147 Sed
880 1105 982 1141 non
1007 1105 1139 1156 opus
1162 1097 1246 1141 est
1267 1091 1367 1142 hac

292 1166 540 1217 insitione
568 1166 709 1218 verbi
741 1167 917 1218 alieni.
984 1168 1267 1232 Dependet
1292 1168 1367 1218 in·

292 1239 524 1293 finitivus
545 1243 712 1293 debere
735 1258 766 1292 a
790 1244 1023 1308 proximo
1059 1245 1217 1295 verbo
1236 1249 1370 1310 pute·

290 1321 361 1371 ris
384 1338 407 1381 ,·
464 1323 604 1387 quod
647 1321 742 1373 ἀπὸ
795 1324 957 1375 κοινοῦ
1005 1325 1369 1390 repetendum.

291 1397 537 1451 Schmun-2.

360 1475 612 1540 Quidquid
641 1476 735 1527 tibi
760 1477 1035 1541 debeamus]
1071 1478 1365 1530 Pronomeu

289 1552 381 1605 tibi
401 1553 671 1618 hucusque
696 1569 764 1603 ex
800 1555 1036 1618 plurimis
1073 1555 1218 1605 libris
1241 1570 1366 1607 exn·

288 1629 521 1692 laverat,
545 1636 741 1693 praeter
766 1630 1010 1695 Gryphii,
1032 1631 1288 1689 Sichardi,
1312 1638 1368 1682 et

291 1705 452 1755 Cevae
491 1705 782 1768 editiones;
818 1706 978 1772 idque
1019 1707 1279 1758 duntaxat
1312 1708 1366 1758 in

288 1782 529 1845 margine
552 1782 692 1833 iuter
715 1783 882 1832 varias
921 1783 1175 1834 lectiones
1212 1799 1365 1835 anno·

291 1863 538 1909 taverunt
578 1858 649 1908 H.
687 1859 985 1923 Stephanus
1029 1865 1086 1910 et
1135 1860 1371 1913 Rivinus.

286 1934 392 1985 Sed
417 1950 599 1986 omnes
622 1934 831 1987 codices
852 1939 983 1989 Mas.
1005 1937 1143 1988 idem
1166 1938 1366 1991 diserte

287 2012 612 2076 exprimunt.
679 2012 797 2063 Viri
837 2012 1053 2064 doctiss.
1101 2014 1365 2066 Gesnerus

287 2093 341 2138 et
373 2088 712 2143 Arntzenius‚
749 2088 803 2138 id
845 2089 1011 2152 ipsum
1053 2105 1259 2156 quoque
1298 2106 1366 2142 ex

285 2172 472 2215 nostro
509 2165 699 2216 indicio
735 2165 1090 2228 admiserunt;
1134 2168 1367 2233 quamvis

285 2242 555 2307 posterior
578 2243 858 2300 monuerit,
879 2243 923 2292 si
946 2258 976 2292 a
996 2243 1128 2294 Mas.
1152 2243 1367 2309 reliquis

286 2320 521 2381 abesset,
544 2319 688 2385 (cnm
714 2327 840 2373 tunc
865 2320 1020 2370 unico
1044 2320 1226 2371 codice
1252 2336 1368 2372 meo

284 2394 524 2461 uterer‚)
548 2411 605 2447 se
635 2412 737 2447 non
765 2411 1080 2462 magnopere
1104 2396 1368 2448 desidera·

285 2480 504 2534 tnrnm3
557 2474 797 2538 quoniam
835 2473 1097 2523 sententia
1133 2474 1209 2524 sic
1245 2475 1369 2526 satis

285 2557 567 2615 appareat.
634 2549 873 2616 Apparet
897 2549 1127 2615 quidem,
1161 2551 1252 2601 sed
1278 2552 1371 2616 ita,

285 2634 345 2676 ut
381 2625 599 2676 verbnm
631 2626 884 2676 debeamus
922 2628 1084 2692 magis
1110 2625 1370 2680 referatur

286 2702 356 2752 ad
399 2701 613 2766 Jovem,
654 2703 738 2752 cui
782 2702 1061 2760 debeatur,
1104 2718 1260 2768 quam
1299 2704 1366 2754 ad

284 2778 593 2842 Trajannm.
627 2776 710 2827 Ad
737 2778 989 2842 maJorem
1010 2794 1134 2829 vero
1149 2779 1368 2844 Trajani

287 2852 501 2904 laudem
526 2852 674 2918 facit,
693 2855 736 2905 si
760 2854 845 2904 hic
878 2869 980 2905 non
1006 2863 1207 2907 tantum
1230 2857 1367 2907 dica-

287 2937 380 2981 tur
401 2945 589 2995 passus
613 2945 749 2995 esse,
788 2937 847 2981 ut
882 2931 1102 2983 Romani
1133 2932 1369 2985 ,10νίᾱο-

286 3007 504 3070 berent,
533 3005 671 3072 quod
711 3021 768 3056 re
793 3021 918 3057 vera
942 3007 1200 3060 deberent
1224 3026 1241 3072 ς
1274 3008 1368 3069 sed

286 3086 476 3145 etiam,
512 3091 574 3135 nt
608 3083 664 3133 id
702 3099 908 3150 qnoque
942 3084 1067 3136 Jovi
1100 3086 1371 3145 deberent,

286 3162 430 3227 quod
456 3159 639 3221 ἆμέσως
659 3161 836 3226 potius
852 3160 1110 3212 deberent
1124 3163 1224 3225 ipsi
1241 3165 1371 3215 Tra·

277 3240 433 3305 jano.
499 3238 620 3288 Hoc
664 3244 837 3289 autem
871 3239 1053 3289 volunt
1097 3240 1372 3305 sequeutia

287 3316 473 3373 verba,
493 3318 509 3346 ⁴
527 3316 671 3382 quod
697 3315 832 3366 bene
856 3315 1057 3368 facias-⁹
1087 3317 1242 3369 Idem.

355 3396 608 3460 Muneris]
664 3396 784 3451 Pie,
822 3394 957 3444 sicut
997 3395 1258 3446 Homerus
1295 3396 1371 3448 O·

292 3472 441 3539 dyss·
458 3479 514 3522 Τ.
562 3470 677 3522 Ζεὺς
697 3471 737 3520 δ’
758 3469 934 3536 ἀρετὴν
956 3470 1206 3534 ἄνδρεσσιν
1224 3471 1370 3535 &pilt-

290 3560 369 3602 λει
404 3568 463 3600 τε
489 3547 672 3612 μινύθει
706 3546 1002 3609 affort-oss·
1030 3565 1114 3598 κεν
1136 3547 1371 3608 ἐθέλῃσιν.

296 3628 544 3681 Virtutem
557 3627 694 3677 Deus
710 3626 760 3675 in
774 3624 910 3675 nobis
927 3629 1072 3688 auget
1088 3625 1371 3691 minuitque,

296 3705 364 3756 Ut
380 3704 551 3754 coluit.
586 3703 732 3767 Lips-

354 3784 460 3833 Per
485 3781 812 3847 Capitolinum
847 3778 969 3842 iter]
1006 3779 1105 3829 Per
1139 3777 1373 3842 Capitoli·

289 3875 370 3910 um
390 3860 488 3910 iter
511 3858 683 3908 Livin.
717 3856 769 3905 in
794 3861 977 3915 textn;
1011 3853 1107 3904 sed
1140 3854 1195 3904 in
1237 3868 1372 3904 mar·

291 3936 432 4000 gine,
450 3947 540 3998 per
565 3931 889 4001 Capitolinum
910 3930 1006 3978 iter
1025 3929 1085 3978 C.

356 4013 463 4062 Per
489 4009 816 4073 Capitolinum
835 4005 956 4068 iter]
1006 4006 1137 4056 Cum
1173 4019 1271 4070 per
1292 4002 1370 4056 fo·

292 4100 404 4137 rum
432 4087 483 4135 in
508 4070 823 4147 Capitolium
848 4082 1002 4130 irent.
1035 4079 1175 4143 Lips.

356 4163 463 4212 Per
490 4160 815 4231 Capitolinum
841 4158 961 4222 iter]
996 4157 1102 4229 Per
1139 4157 1371 4227 Capitoli·

292 4253 372 4290 um
390 4240 524 4289 inter
542 4236 671 4287 edit.
705 4235 875 4301 Rhen.
909 4234 998 4285 sed
1030 4250 1115 4299 per
1138 4236 1372 4301 Capitoli·-

295 4331 372 4364 um
394 4316 509 4367 iter.
545 4314 738 4365 Faber.

2372 386 2504 456 ⁷65

1511 551 1831 617 Capitolinum
1851 550 1971 615 iter]
1992 549 2199 601 Vitiose
2214 550 2327 600 haec
2343 548 2512 601 edidit

1442 628 1743 691 Rhenanus,
1775 643 1862 692 per
1895 628 2165 692 capitolium
2185 626 2314 676 inter
2334 641 2510 688 magua

1440 705 1540 767 sui,
1553 707 1634 767 asc.
1658 705 1829 755 Etiam
1846 705 2190 766 Puteolanus,
2204 704 2512 768 Beroaldus,

1445 779 1632 838 Aldus,
1657 781 1944 846 Gryphius,
1969 779 2279 841 Cratander,
2306 780 2513 829 Sicbar·

1443 858 1561 922 dus,
1591 859 1810 919 Navius,
1847 858 2131 914 Livineius,
2153 857 2385 922 quamvis
2421 872 2512 908 vo-

1445 950 1560 988 cem
1577 937 1675 987 iter
1697 944 1842 986 recte
1866 935 2240 999 expresserint,
2262 933 2510 984 mendose

1446 1020 1619 1063 tamen
1641 1014 1904 1064 retinuere
1929 1011 2221 1074 capitolium.
2256 1010 2512 1074 Immo‚in

1442 1088 1624 1140 eodem
1649 1091 1779 1140 vitio
1803 1091 2005 1140 haerent
2026 1089 2235 1139 codices
2261 1088 2511 1139 mss-Va·

1446 1165 1605 1216 tican.
1627 1165 1820 1214 venet.
1843 1169 1891 1215 1.
1917 1172 1972 1215 et
1994 1169 2045 1214 2.
2084 1164 2510 1230 Salisburgensis,

1443 1240 1957 1305 Guelplrerbytanns‚
1977 1246 2032 1291 et
2053 1255 2213 1289 mens.
2282 1241 2512 1304 Capitoli-

1440 1332 1555 1366 num
1575 1324 1747 1366 autern
1775 1318 1975 1367 veriore
1999 1317 2261 1381 scriptura
2298 1317 2513 1368 exhibet

1442 1393 1608 1447 codex
1635 1393 2034 1451 Parisiensis,et
2044 1393 2154 1456 jam
2180 1393 2516 1458 publicarunt
2546 1408 2549 1413 ·

1442 1471 1719 1523 Catanaeus
1745 1471 1796 1519 in
1820 1471 1986 1519 altera
2005 1477 2056 1519 et
2082 1472 2240 1520 tertia
2264 1469 2515 1533 editione,

1444 1554 1501 1597 et
1526 1547 1890 1611 Cuspiuianus,
1915 1548 2194 1611 pluresque
2214 1547 2321 1596 alii.
2354 1548 2511 1600 Quod

1443 1625 1792 1688 Capitolinum
1836 1625 1938 1674 iter
1981 1625 2056 1674 ita
2111 1624 2510 1676 describendum

1442 1700 1648 1750 censuit
1684 1701 1937 1750 Belrrius:
1974 1701 1990 1727 ‘
2015 1700 2270 1765 Intelligit
2307 1701 2511 1752 Plinius

1442 1777 1922 1841 gregesltostiarum
1942 1791 2033 1841 per
2052 1777 2219 1826 vicum
2237 1777 2508 1839 Jugarium

1442 1868 1473 1903 a
1491 1860 1645 1918 porta
1668 1854 1985 1904 Carmentali
2003 1869 2181 1904 versus
2202 1855 2389 1904 clivum
2409 1855 2510 1907 Ca-

1443 1930 1715 1994 pitolinum
1740 1936 1907 1994 actos,
1931 1944 2149 1995 quorum
2174 1930 2351 1995 aliqui,
2373 1937 2430 1980 ut
2444 1929 2511 1980 ad

1441 2014 1669 2058 statuam
1705 2009 1991 2059 Domitiani
2026 2016 2401 2071 mactarentur,
2438 2008 2514 2057 di·

1442 2097 1651 2136 vertere
1673 2087 1998 2151 cogebantur
2031 2086 2099 2138 ab
2122 2087 2306 2137 itinere
2338 2083 2513 2151 solito,

1442 2177 1560 2214 cum
1579 2178 1644 2213 ex
1671 2165 1787 2215 vico
1809 2165 2030 2230 Jugario
2053 2163 2119 2214 ad
2144 2164 2310 2214 oedem
2334 2165 2514 2214 Satur-

1442 2241 1518 2305 ni,
1538 2241 1626 2291 ubi
1649 2242 1866 2304 patebat
1891 2243 2062 2292 aditus
2093 2242 2146 2292 in
2184 2240 2375 2300 forum,
2396 2257 2512 2292 ver·

1441 2331 1527 2366 sus
1576 2325 1801 2368 statuam
1826 2318 2097 2384 principis
2139 2317 2513 2384 abigerentur?

1442 2394 1691 2446 Schmrz.
2502 2442 2507 2449 .

1508 2473 1618 2522 Iter
1637 2472 1839 2536 magna]
1860 2472 1939 2523 ,In
1974 2472 2119 2528 libro,
2144 2472 2314 2523 altero
2349 2470 2514 2523 Gudi-

1443 2562 1543 2600 ano
1583 2549 1718 2598 inter
1742 2550 1832 2599 has
1857 2550 1986 2600 duas
2011 2566 2166 2601 voces
2198 2566 2264 2599 ex
2288 2548 2513 2614 quodam

1443 2624 1629 2675 codice
1654 2631 1906 2675 annotata
1928 2624 2027 2676 fuit
2050 2641 2152 2676 vox
2170 2631 2352 2688 gentes.
2405 2625 2515 2676 Pro

1444 2714 1545 2766 qua
1563 2701 1773 2764 punctis
1788 2701 2087 2759 subnotata,
2101 2702 2410 2765 rescriptum
2428 2707 2516 2753 est

1439 2781 1654 2838 ugentes.
1720 2776 1873 2828 Quod
1897 2779 2064 2841 ipsum
2085 2778 2416 2843 participium
2440 2779 2534 2828 le-'

1442 2854 1581 2919 gitur
1594 2854 1646 2903 in
1663 2853 1930 2904 codicibus
1944 2855 2078 2905 Mss.
2094 2856 2335 2906 vatican.
2350 2856 2514 2907 Guel-

1444 2929 1793 2995 pherbytano,
1827 2945 1961 2996 meo,
1992 2936 2047 2981 et
2072 2932 2205 2983 libro
2237 2932 2513 2985 vossiano.

1441 3006 1545 3056 Sed
1569 3007 1668 3057 hoc
1686 3007 1990 3058 vocabulum
2004 3023 2215 3074 prorsus
2232 3009 2316 3059 hic
2333 3024 2516 3074 snper·

1445 3096 1722 3133 vacaneum
1765 3092 1823 3134 et
1866 3084 2052 3135 inutile
2104 3092 2201 3136 est.
2266 3084 2515 3148 Suspicor

1444 3160 1602 3216 enim,
1637 3160 2021 3225 imprudentem
2056 3161 2314 3227 quendam
2359 3162 2515 3215 libra·

1444 3235 1602 3300 rium,
1638 3250 1703 3286 ex
1742 3239 2091 3288 antecedente
2118 3254 2242 3289 voce
2276 3240 2517 3303 ingentes,

1445 3310 1574 3360 duas
1619 3311 1788 3361 adhuc
1836 3315 2150 3377 posteriores
2195 3315 2418 3379 syllabas
2459 3317 2516 3366 in

1444 3389 1616 3438 animo
1649 3389 1912 3453 habuisse,
1935 3392 2166 3457 adeoque
2192 3400 2517 3458 praepostero

1441 3464 1576 3523 loco,
1605 3471 1778 3529 gentes
1813 3466 2117 3518 infarsissez
2174 3470 2301 3519 alios
2338 3476 2516 3520 autem

1443 3541 1686 3594 librarios
1721 3544 1880 3606 magis
1910 3553 2140 3608 nasutos,
2164 3559 2278 3594 cnm
2304 3546 2358 3594 in
2381 3545 2518 3609 ejus·

1443 3619 1584 3669 modi
1607 3620 1793 3670 librum
1829 3621 2127 3685 inciderint,
2159 3636 2225 3681 ex
2251 3636 2377 3672 voce
2396 3637 2518 3684 gen-
2616 3624 2621 3629 ’

1443 3700 1516 3745 tes
1540 3697 1847 3760 procudisse
1876 3703 2089 3760 agentes,
2120 3699 2264 3763 quasi
2294 3698 2392 3748 hoc
2423 3714 2517 3763 ap·

1443 3773 1546 3823 tius
1570 3780 1685 3823 cum
1711 3788 1839 3824 voce
1862 3775 1959 3824 iter
1988 3783 2129 3825 stare
2164 3776 2342 3839 possit.
2407 3776 2517 3827 Sed

1442 3850 1576 3901 bene
1601 3849 1945 3901 Arntzenius:
1983 3859 1998 3882 ‘
2018 3850 2517 3918 Novimus,’.inquit,
2550 3869 2557 3874 ’

1442 3927 1461 3956 ‘
1482 3942 1629 3992 agere
1654 3928 1918 3991 proprium
1953 3942 2066 3978 esse
2102 3936 2366 3992 pastorum
2398 3944 2518 3993 pro·

1445 4005 1750 4069 pellentium
1781 4019 1967 4068 pecus;
2004 4019 2182 4055 verum
2203 4006 2398 4056 nonita
2419 4006 2519 4071 ipsi

1447 4096 1636 4146 greges
1682 4089 1900 4146 possunt
1939 4081 2046 4131 dici
2091 4082 2107 4110 ⁸
2147 4096 2302 4144 agere
2347 4081 2519 4133 iter:'

1444 4166 1642 4222 praeter
1676 4156 1815 4223 quod
1852 4171 1955 4206 non
1981 4172 2072 4220 per
2103 4157 2272 4222 ipsum
2306 4159 2517 4222 Capito-

1445 4236 1574 4284 lium
1607 4234 1945 4299 ducerentur,
1971 4232 2060 4282 sed
2092 4235 2155 4282 ad
2184 4233 2517 4298 Capitolium.

1447 4311 1701 4379 Adeoque
1728 4313 1778 4363 in
1805 4319 2018 4379 receptu
2042 4313 2264 4365 lectione
2281 4312 2525 4380 nequies..
