3017 4942
460 332 591 400 670
1153 345 1377 400 Now
1423 346 1839 403 vAmoRtm
1889 350 1975 403 nt

461 503 549 546 ter
583 507 739 561 supra
777 504 917 544 xxx·
947 496 999 544 4.
1031 492 1188 558 dixit,
1221 496 1241 525 ⁴
1276 503 1525 561 usurpata

460 572 666 623 collium
683 571 720 634 ς’
754 578 808 621 et
832 570 995 635 Epist.
1016 585 1147 623 vm.
1166 576 1216 624 4.
1250 572 1267 602 ⁸
1293 573 1527 625 Obsessa

460 651 648 702 eastris
669 650 920 701 montium
945 649 1205 715 abrupta?
1272 652 1527 703 Quinctil.

458 732 618 783 Decl.
641 743 697 782 v,
720 734 770 780 4.
791 737 806 759 ·
824 731 889 780 Iu
912 731 1220 781 tristissimae
1241 731 1525 781 uecessitu-

459 806 529 857 tis
550 807 752 870 positus
776 806 1036 871 abrupto:
1086 807 1268 857 Voluit
1288 807 1387 858 hoc
1408 809 1527 858 loco

462 869 683 933 Plinius‘.
701 882 898 939 dicere,
932 881 1019 933 Ob
1054 889 1303 934 mutatam
1339 883 1525 934 civita-

461 967 589 1021 tem,
612 960 665 1009 iu
689 968 955 1022 posterum
978 959 1263 1023 disjunctio
1284 960 1523 1024 quedem

458 1035 905 1086 necessitudinum
941 1042 997 1084 et
1034 1037 1403 1100 cognationum
1434 1050 1524 1086 ue-

459 1113 648 1161 minem
673 1112 748 1162 ita
781 1112 1006 1168 deseret,
1029 1127 1089 1162 uc
1117 1112 1262 1176 quasi
1286 1112 1526 1175 nudabit,

461 1195 542 1249 ut,
565 1188 794 1252 exempli
817 1201 1020 1252 caussa,
1043 1198 1212 1252 pater,
1236 1204 1267 1238 a
1288 1188 1408 1238 filiis
1439 1204 1523 1239 se·

451 1263 686 1328 junctus,
721 1265 901 1315 similis
935 1267 1006 1316 sit
1041 1266 1213 1315 arbori
1247 1271 1523 1329 truncate,

458 1341 544 1391 cui
569 1342 697 1390 rami
721 1342 800 1391 sui
821 1349 945 1392 suut
975 1342 1250 1406 amputati.
1313 1342 1330 1371 ⁸
1354 1342 1522 1391 Trun-

460 1431 551 1466 cus
574 1416 589 1438 '
623 1417 722 1467 hoc
745 1418 857 1468 loeo
881 1433 980 1467 non
1016 1427 1095 1468 est
1119 1418 1522 1479 substantivum,

458 1494 585 1544 elias
608 1495 866 1559 particula
888 1495 1137 1557 ἑνωτικὴ
1154 1510 1242 1559 «με
1263 1510 1366 1545 nou
1379 1506 1523 1546 stete

458 1578 640 1634 posset
676 1579 799 1622 cum=
819 1587 947 1623 voce
970 1574 986 1600 ‘
1007 1571 1387 1637 ainputatum3'
1427 1572 1523 1623 sed

458 1654 544 1697 est
596 1647 934 1711 adjectivum,
989 1663 1081 1713 pro
1131 1658 1146 1680 ⁶
1181 1656 1483 1710 truncatus3
1509 1647 1527 1671 '

457 1724 604 1787 quasi
627 1724 792 1786 dieat,
826 1726 1100 1776 Neminem
1134 1726 1280 1774 velut
1318 1732 1522 1776 trunca-

454 1807 565 1850 tum
591 1810 1022 1867 amputatumque
1054 1801 1311 1852 destituet
1332 1803 1524 1867 abrup-

454 1884 511 1927 ta
552 1878 665 1928 haec
709 1879 1042 1929 necessitudo
1096 1879 1204 1928 sive
1260 1879 1524 1941 cognatio.

461 1953 582 2005 Hae
612 1956 958 2006 translatione
991 1970 1111 2005 usus
1134 1963 1190 2006 et
1215 1955 1331 2007 Liv.
1359 1967 1526 2005 xxxx.

460 2034 545 2081 29.
577 2037 592 2059 ⁶
619 2030 762 2081 Urbs
792 2039 997 2095 trunca,
1025 2033 1138 2082 sine
1167 2036 1374 2094 senatu,
1409 2032 1525 2080 siue

453 2107 650 2171 plebe.'
691 2108 778 2158 Ita
804 2109 1138 2172 pates-,cujus
1160 2106 1256 2158 filii
1277 2122 1378 2158 non
1403 2113 1527 2159 sunt

454 2184 510 2232 in
530 2173 989 2248 i‘psiuspotestste,
1007 2184 1110 2234 diei
1135 2190 1309 2247 potest
1331 2184 1347 2211 ⁸
1371 2191 1524 2248 pater

454 2261 671 2310 truncus
695 2262 806 2311 siue
830 2261 1048 2312 liberis.’
1079 2261 1325 2312 Schmun.

530 2336 673 2389 Velut
715 2339 959 2403 truncum]
1003 2339 1265 2403 Tanquam
1304 2354 1335 2388 a
1372 2345 1523 2402 patre

450 2412 565 2478 jam
589 2414 889 2471 abscissum,
923 2423 1011 2472 aut
1043 2424 1227 2465 contra
1248 2431 1279 2465 a
1299 2414 1406 2465 filio
1431 2431 1521 2480 pa·

453 2494 608 2539 trem.
670 2491 894 2542 Haerent
927 2501 982 2541 et
1010 2500 1228 2543 manent
1261 2493 1410 2550 tales,
1444 2494 1524 2543 in·

454 2568 836 2631 terpretatione
860 2569 1089 2634 Trajani.
1124 2568 1262 2634 Lips.

509 2643 829 2707 Pignoribus]
849 2646 895 2695 Ι.
909 2659 958 2695 e.
971 2647 1169 2710 liberis,
1185 2647 1522 2711 conjugequ-

453 2720 710 2784 rentibus,
728 2737 845 2787 avo,
861 2723 1160 2787 nepotibus,
1183 2723 1523 2775 sanctissimis

452 2797 963 2861 necessitudinibus3
1010 2798 1100 2864 qui
1129 2813 1307 2848 omues
1340 2799 1523 2849 dicun·

453 2874 858 2924 tus-‘carissima
891 2872 1148 2938 pignore!
1212 2874 1350 2925 Vide
1383 2877 1523 2926 cele·

451 2946 596 2999 berr-
614 2950 995 3015 Schultingium
1012 2950 1076 3000 ad
1099 2952 1352 3005 Quinctil.
1372 2955 1521 3005 Deci.

451 3036 495 3073 1·
516 3028 648 3076 &et
667 3040 824 3088 supra
840 3027 905 3075 ad
924 3039 1154 3076 xxxvu.
1172 3031 1223 3077 4.
1259 3028 1506 3079 Selinos-2.

521 3100 839 3150 Honestior-es
854 3100 1190 3166 perfruentur]
1224 3102 1271 3152 Ι.
1295 3118 1340 3152 e.
1362 3105 1519 3154 hono·

453 3175 699 3239 tutiores,
732 3191 920 3241 nempe
944 3178 1139 3228 honore
1169 3185 1227 3229 et
1248 3180 1370 3244 jure
1393 3181 1519 3231 civi·

451 3251 577 3302 tutis
632 3252 877 3302 Romauae
934 3256 1089 3305 aucti.
1156 3264 1171 3286 ⁶
1206 3257 1474 3308 Honestus
1503 3257 1521 3281 '

454 3328 647 3393 alioqui
680 3332 887 3394 proprie
911 3331 955 3380 is
977 3331 1193 3398 dicitur,
1215 3335 1302 3399 qui
1327 3335 1520 3399 probus

453 3411 555 3461 est,
586 3412 642 3454 et
677 3407 870 3457 virtute
898 3407 1181 3473 praeditus3
1219 3420 1520 3476 propterea,

452 3480 590 3547 quod
611 3483 730 3533 talis
748 3498 858 3548 prae
876 3486 1067 3536 ceteris
1086 3488 1280 3539 honore
1297 3488 1485 3553 dignus
1500 3505 1528 3540 z·

451 3564 685 3610 attamen
723 3568 777 3610 et
810 3576 907 3625 pro
946 3568 962 3592 ⁴
987 3563 1235 3615 honorato
1259 3565 1276 3587 ’
1308 3566 1520 3631 dicitur,

451 3632 562 3683 sive
588 3636 630 3685 is
656 3636 866 3700 virtute,
891 3638 1000 3687 sive
1031 3640 1129 3689 alio
1161 3641 1336 3699 modo,
1357 3643 1520 3695 hono·

450 3724 563 3760 rem
586 3713 654 3761 sit
671 3722 980 3763 consecutus
999 3731 1015 3776 3
1051 3716 1179 3765 item
1204 3731 1296 3781 pro
1312 3719 1522 3769 homine

451 3787 688 3838 lautioris
742 3790 915 3847 sortis,
969 3798 1030 3840 et
1091 3792 1236 3843 bonis
1291 3793 1519 3845 fortuuae

453 3862 788 3926 abundante3
824 3866 945 3928 quia
991 3867 1120 3917 tales
1165 3869 1315 3936 vulgo
1359 3871 1519 3921 hono-

451 3946 652 3990 rantur.
718 3941 900 3991 Plaut.
922 3941 1077 4006 Capt.
1099 3956 1162 3992 ιι.
1185 3948 1235 3993 8.
1256 3950 1340 3995 82.
1374 3948 1389 3974 ‘
1411 3946 1520 3998 Qui

451 4028 538 4065 me
558 4017 753 4066 honore
774 4017 1123 4067 honestiorem
1146 4033 1353 4085 semper
1372 4021 1520 4086 feeit,

452 4098 511 4142 et
531 4090 692 4142 facit-³
759 4093 871 4143 Cic.
909 4093 974 4142 ad
1006 4095 1149 4144 Fam.
1173 4109 1236 4145 ιι.
1260 4101 1340 4146 15.
1373 4099 1390 4127 ‘
1417 4099 1518 4147 Fa·

452 4182 551 4218 veo
573 4170 787 4220 Curioni
811 4186 827 4231 3
858 4172 1118 4221 Caesarem
1140 4172 1413 4224 honestum
1438 4190 1517 4225 es·

455 4259 514 4298 se
535 4246 689 4310 cupio
707 4246 742 4308 ς’
775 4246 810 4296 i.
835 4261 881 4297 e.
918 4247 1225 4300 honoratum
1261 4251 1314 4300 in
1347 4251 1521 4316 digni-

1604 503 1714 548 tate
1744 512 1853 548 sus.
1898 497 2099 549 Brutus
2131 501 2188 549 et
2212 496 2437 557 Cassius,
2469 495 2524 549 iu
2560 498 2675 552 Cic.

1603 574 1667 624 ad
1692 574 1873 625 Famil.
1909 587 1993 624 x1.
2016 578 2068 623 8.
2102 579 2118 604 ⁴
2142 574 2223 624 Te
2246 575 2486 638 cupimus
2511 575 2566 625 iu
2590 579 2671 626 re-

1603 651 1814 714 publica
1833 650 1999 702 libera
2022 666 2262 715 magnum
2297 659 2459 716 etque
2485 653 2676 702 hones·

1601 736 1714 779 tum
1748 729 1899 781 esse.’
1963 728 2184 780 Petron.
2217 743 2339 794 cap·
2359 734 2443 779 41.
2475 730 2494 759 ⁴
2520 728 2670 780 Nihil

1601 806 1822 870 amplius
1842 806 2179 870 interregni,
2201 820 2269 856 ne
2300 804 2510 855 viderer
2543 818 2673 854 nuu-

1602 891 1756 948 qusm
1779 883 1916 935 iuter
1946 884 2193 934 honestos
2226 880 2474 933 conare-⁹
2540 882 2672 932 Sue·

1602 966 1710 1010 ton.
1736 958 1875 1023 Aug.
1898 974 1946 1010 c.
1967 963 2051 1009 46.
2087 961 2103 987 ⁸
2130 958 2210 1010 Ae
2233 958 2444 1019 necubi,
2467 966 2558 1008 aut
2581 958 2674 1007 lio-

1599 1041 1867 1086 nestorutn
1903 1033 2159 1084 deficeret
2189 1033 2376 1098 eopia;
2409 1042 2502 1084 aut
2543 1033 2675 1084 mui-

1601 1109 1838 1161 titudinis
1859 1108 2061 1163 soboles
2077 1109 2110 1171 ς’
2145 1110 2233 1159 ubi
2257 1114 2272 1140 ⁶
2297 1109 2504 1160 honesti
2531 1108 2545 1130 '
2579 1124 2674 1173 op·

1601 1195 1868 1251 ponuntur
1891 1189 2110 1253 plebeia
2134 1186 2475 1237 multitudini.
2499 1186 2652 1237 Idem·

1662 1261 1760 1313 Sed
1789 1263 2103 1327 honestiores]
2137 1263 2283 1327 Vidi,
2314 1263 2404 1328 qui
2439 1276 2674 1325 expone·

1602 1349 1702 1398 ret,
1733 1341 1808 1391 ob
1840 1342 2111 1393 commode
2145 1341 2514 1391 hereditatum.
2578 1340 2675 1392 Jo-

1598 1416 1794 1467 hsnues
1813 1417 1984 1467 Maria
2001 1418 2281 1468 Catauaens
2294 1416 2358 1465 ad
2375 1415 2677 1465 immunita-

1601 1501 1708 1543 tem
1734 1493 1997 1558 vigesima
2017 1493 2282 1544 trahebat.
2319 1493 2676 1551 Neuter,meo

1600 1570 1790 1628 animo,
1814 1570 1983 1622 bene:
2017 1583 2138 1621 nam
2172 1569 2484 1620 beneficium
2507 1570 2674 1620 maxi·

1599 1660 1739 1696 mum
1766 1649 1953 1710 sentit,
1987 1647 2234 1698 Romsuoe
2265 1647 2519 1709 civitatis,
2550 1659 2673 1697 eum

1599 1722 1760 1774 iidem
1803 1729 1926 1788 post
1966 1724 2349 1774 correctionem
2382 1723 2601 1786 TrsJani
2640 1739 2673 1773 ι

1601 1799 1867 1864 vigesima
1883 1814 2041 1851 onere
2066 1802 2412 1851 solverentur.
2445 1800 2617 1850 Livia.

1667 1876 2009 1939 Honestiores]
2041 1877 2274 1928 civitate
2296 1878 2455 1927 aucti.
2491 1877 2633 1942 Lips.

1666 1953 1743 2003 Ac
1775 1969 1835 2004 ise
1866 1959 2073 2005 remotus
2104 1953 2318 2018 quidem]
2357 1954 2527 2004 Recte
2564 1969 2678 2004 mo-

1597 2030 1715 2081 nuit
1737 2029 2027 2088 Gesnerus,
2049 2038 2104 2081 et
2122 2038 2245 2081 sule
2266 2032 2403 2082 hune
2427 2031 2674 2082 laudatus

1597 2106 1889 2169 Dammius,
1922 2108 2045 2158 hinc
2075 2122 2264 2158 novum
2294 2115 2459 2172 caput
2484 2109 2677 2173 incipis-

1598 2182 1792 2235 eudum
1836 2195 1974 2233 esse.
2039 2184 2490 2236 Quemadmodum
2532 2185 2674 2236 enim

1598 2257 1803 2309 Plinius
1824 2259 2059 2324 proxime
2081 2261 2349 2324 exposuit.
2371 2276 2472 2325 que
2493 2261 2675 2313 mode·

1599 2336 1800 2385 ratione
1830 2337 2087 2401 Trajanus
2123 2353 2245 2388 usus
2279 2340 2350 2388 sit
2384 2340 2436 2389 iu
2460 2339 2677 2405 dispen-

1599 2413 1773 2463 sandis
1795 2414 2039 2478 gradibus
2061 2415 2417 2477 cognationis3
2442 2416 2515 2465 ita
2533 2429 2675 2467 nunc

1597 2498 1988 2554 commemorat,
2008 2505 2162 2556 quem
2194 2493 2401 2542 modum
2426 2492 2569 2543 idem
2595 2502 2675 2545 te·

1599 2566 1773 2618 nuerit
1795 2568 1847 2617 in
1872 2569 2170 2632 quantitate
2191 2568 2506 2619 hereditatis
2532 2570 2675 2620 vices

1600 2647 1746 2696 simae
1769 2645 2127 2712 subjicienda;
2150 2646 2275 2696 dum
2300 2662 2332 2696 a
2350 2646 2562 2697 modica
2584 2648 2677 2697 be·

1600 2722 1824 2773 reditate
1867 2723 1994 2773 niliil
2038 2723 2373 2773 delibandum
2419 2725 2678 2776 statuerit

1599 2798 1795 2850 Cesar.
1862 2800 2107 2849 Ceterum
2134 2799 2248 2849 haec
2289 2799 2451 2848 verbu
2472 2800 2523 2848 in
2557 2802 2675 2864 plu·

1599 2875 1743 2926 rimis
1779 2875 2049 2926 codicibus
2082 2877 2214 2926 Mas.
2248 2876 2517 2940 inquinata
2547 2886 2676 2928 suut

1597 2951 1785 3001 mendo
1810 2967 1827 3012 ς
1860 2950 1982 3001 dum
2007 2952 2058 3002 in
2084 2952 2145 3002 iis
2165 2953 2394 3003 remotius
2415 2953 2672 3017 scriptum

1597 3035 1696 3077 est.
1740 3027 1830 3078 Sic
1856 3032 1914 3077 et
1935 3027 1988 3076 iu
2010 3029 2368 3092 sequentibus,
2390 3041 2487 3093 pro
2511 3030 2674 3080 verbo

1596 3109 1811 3167 cogetur,
1834 3104 1887 3155 in
1913 3103 2098 3155 codice
2121 3105 2385 3154 Vaticano
2420 3109 2572 3157 8461.
2596 3121 2674 3157 oo-

1594 3186 1812 3242 seretur,
1861 3182 1914 3231 in
1957 3182 2426 3247 Guelpherbytano
2464 3199 2678 3247 cog-eres,

1595 3257 1648 3307 in
1672 3272 1792 3309 meo
1805 3265 2057 3323 cogentur,
2077 3259 2261 3310 vitiose
2281 3267 2364 3311 est
2377 3270 2673 3312 exaratum.

1595 3332 1837 3387 Schworz.

1657 3410 1703 3460 A
1728 3410 1964 3475 quolibet]
1999 3410 2184 3462 Altero
2215 3413 2507 3464 moderatio
2540 3415 2670 3464 Trs·

1586 3485 1723 3551 jani,
1758 3488 1848 3551 qui
1882 3502 1985 3537 non
2021 3489 2071 3536 in
2104 3488 2355 3553 gradibus
2375 3491 2540 3540 solum
2565 3492 2670 3541 dis·

1595 3564 1852 3628 pensavit,
1876 3564 1970 3614 sed
1993 3566 2045 3614 in
2061 3568 2222 3634 „modo
2246 3565 2576 3619 hereditatis.
2611 3567 2668 3618 Sl

1596 3656 1662 3692 ea
1694 3642 1919 3707 modico,
1951 3649 2006 3694 et
2034 3644 2175 3707 intra
2201 3647 2358 3695 talem
2398 3661 2672 3706 summam,

1580 3717 1723 3782 (non
1747 3726 1826 3769 est
1850 3722 2104 3783 expressa
2120 3720 2349 3787 uspiam)
2381 3723 2507 3772 nihil
2541 3723 2669 3774 deli·

1594 3794 1769 3846 batur.
1801 3797 1936 3860 Lips.

1669 3871 1952 3923 Vicesimum
1984 3873 2167 3934 inferre
2203 3875 2425 3939 cogetur]
2481 3875 2670 3939 Vigesi·

1596 3962 1724 3997 nsum
1746 3954 1800 3998 ut
1831 3950 1971 4012 prius
1994 3949 2177 4010 inferre
2194 3959 2389 4013 cog-etur
2412 3951 2483 4002 G.
2505 3950 2673 4004 Livia.

1661 4025 1798 4075 CAP-
1834 4037 1923 4074 xl..
1956 4025 2171 4089 Sei-niet]
2203 4026 2269 4076 Id
2303 4033 2405 4085 est,
2438 4040 2668 4092 expone·

1595 4106 1702 4165 tur,
1758 4103 1868 4152 sive
1920 4102 2277 4166 impendetur,
2326 4103 2667 4155 attribuetur.

1597 4177 1909 4240 Calpurnius
1933 4177 1997 4226 ud
2027 4179 2325 4227 Nemesian-
2356 4179 2472 4228 Ecl.
2491 4193 2559 4229 11.
2585 4184 2667 4229 ⁷0.

1596 4253 1614 4283 ‘
1637 4260 1809 4305 totum
1832 4254 1929 4308 tibi
1945 4257 2140 4307 serviet
2155 4255 2411 4307 hornum!
2447 4257 2664 4309 Petron.

2957 885 2966 950 1..-
2953 323 2966 876 Qss--ssn
2957 121 2968 292 ..-,-ι-
2959 8 2972 110 -
