3017 4942
752 406 817 454 Ο.
862 404 1109 458 PmNu
1156 404 1497 456 suenum
1550 405 1826 483 PANEG.

315 547 400 607 tis,
432 547 519 599 hic
555 546 675 600 est?
723 537 940 600 Plinius
979 548 1172 613 Major,
1210 562 1293 597 tx.
1329 550 1379 599 ὅ.

314 633 329 655 ‘
366 626 612 675 Cucumis
667 626 795 676 mira
850 627 1118 689 voluptate
1168 625 1380 682 Tiberio

312 705 537 767 principi
582 703 880 767 expetitus)
959 703 1129 762 Idem,
1166 715 1381 754 xxxm-

311 785 361 829 7.
395 784 411 810 ‘
439 783 506 831 Et
537 780 695 831 bodie
727 780 939 830 minium
969 780 1150 845 expeti
1173 785 1381 834 constat

312 858 613 923 AEtbiopum
643 858 885 924 populis-⁹
917 859 1161 909 Saluum-2.

382 938 564 985 Omnes
588 941 760 998 gentes
785 935 1010 999 invicem]
1055 936 1233 986 Onnes
1258 949 1380 997 gen·

308 1018 383 1064 tea
401 1019 452 1063 et
476 1014 677 1064 invicem
701 1015 762 1064 C.
799 1014 961 1065 Livia.

370 1090 626 1140 Libertate
644 1090 851 1140 discordi
869 1087 1203 1150 servientibus]
1238 1088 1380 1151 Pug-

306 1182 374 1217 na
398 1168 453 1216 iu
478 1167 651 1217 verbis
670 1167 894 1218 videtur.
937 1167 991 1218 Si
1011 1167 1216 1217 enimin
1239 1166 1379 1216 liber·

302 1246 713 1310 talmquomodo
736 1248 751 1274 ‘
769 1244 1062 1297 serviunt?
1116 1244 1218 1295 Sed
1237 1258 1379 1295 nem·

309 1339 375 1385 pe
397 1325 483 1373 vel
504 1324 583 1373 sic
606 1324 839 1387 regimen
862 1323 1072 1386 aliquod
1094 1330 1150 1372 et
1171 1322 1379 1386 imperi·

307 1415 396 1452 um
428 1415 735 1464 paucorum,
760 1401 839 1449 vel
868 1399 1125 1464 plurium:
1171 1407 1227 1449 et
1247 1414 1381 1450 sem-

307 1492 405 1540 per
430 1477 694 1542 subjectio
715 1492 777 1528 ac
802 1477 1074 1540 patientia.
1143 1476 1380 1530 Libertas

302 1553 572 1604 duntaxat
605 1562 851 1618 respectu
886 1555 1050 1618 magis
1081 1562 1242 1604 arctae
1273 1567 1379 1602 ser·

303 1632 491 1684 vitutis
512 1631 727 1682 dicitur.
780 1631 901 1681 Non
925 1638 1095 1682 tamen
1116 1630 1383 1695 displicuit

303 1709 591 1774 aliquando
611 1707 915 1758 servientibus
935 1709 1068 1772 legi':
1108 1708 1244 1772 quod
1268 1707 1381 1759 fero

301 1785 574 1836 assiduum
598 1787 650 1835 in
674 1784 935 1848 libertate,
960 1793 1016 1835 ut
1037 1801 1156 1848 pars
1178 1795 1381 1849 partem

304 1871 542 1926 premat,
564 1870 620 1913 et
641 1863 843 1928 pellant
865 1863 1003 1913 iuter
1025 1877 1100 1926 se,
1124 1870 1216 1913 aut
1233 1863 1381 1914 saevi·

307 1947 423 1989 ant.
458 1938 600 2003 Lips.

371 2016 626 2068 Libertate
645 2016 854 2070 discordi
874 2013 1210 2079 servientibus]
1244 2016 1315 2067 H.
1331 2030 1380 2070 e·

305 2095 630 2156 viventibus,
665 2102 755 2144 alit
798 2095 970 2158 potius
1014 2093 1382 2155 servientibus,

302 2172 360 2220 iu
401 2171 681 2234 republica
715 2171 1094 2231 aristocratica,
1115 2178 1171 2219 et
1207 2168 1382 2220 demo·

304 2249 532 2310 cratica,
569 2254 662 2298 aut
698 2247 763 2296 ab
799 2247 1017 2311 imperio
1057 2247 1291 2295 Romano
1326 2245 1383 2295 li-

308 2325 459 2381 bera,
481 2339 599 2390 quae
637 2325 863 2390 speciem
896 2323 1105 2388 quidem
1137 2323 1293 2373 babet
1326 2323 1386 2384 li-

303 2404 552 2462 bei-tatis,
574 2403 664 2453 sed
699 2401 974 2452 admodum
1006 2401 1281 2458 discordis,
1307 2407 1384 2450 at·

306 2496 416 2546 que
448 2480 767 2542 dissidentis.
831 2479 920 2529 Sic
946 2480 962 2506 ⁴
984 2475 1231 2529 libertas'
1264 2477 1385 2528 sim-

311 2559 528 2623 pliciter
570 2558 639 2608 de
681 2556 952 2620 republica
985 2555 1152 2605 libera
1189 2554 1386 2604 dicitur

313 2638 475 2687 etiam
516 2652 548 2699 a
583 2635 769 2686 Tacito
812 2633 953 2683 Hist.
989 2646 1077 2683 ιιι.
1109 2636 1194 2682 72.
1240 2632 1257 2659 ⁴
1280 2630 1384 2682 Sed

310 2715 476 2779 gloria
494 2713 670 2776 operis
689 2709 1011 2775 (Capitolii,)
1029 2710 1261 2760 libertati
1281 2723 1385 2759 ser·

310 2799 462 2843 nata:
501 2790 662 2854 pulsis
699 2788 950 2852 Regibus,
972 2786 1228 2837 Horatius
1261 2786 1382 2836 Pul·

300 2870 482 2930 —villus‚
502 2865 706 2926 consul,
723 2861 1022 2916 dedicavit!
1055 2864 1144 2913 Sic
1163 2862 1381 2912 Romani

302 2946 613 2996 libertatem
641 2941 902 2999 dicebant,
926 2947 984 2991 et
1008 2939 1382 3004 rempublicam

306 3040 455 3076 susm
480 3020 743 3076 vocabant
766 3021 1004 3082 liberam,
1021 3033 1158 3079 cum,
1178 3033 1207 3067 a
1233 3018 1381 3080 Regi-

306 3102 405 3153 bus
446 3100 636 3164 libera,
673 3104 945 3162 regeretur
989 3110 1022 3145 a
1064 3095 1381 3151 consulibus,

308 3188 518 3236 senatu,
554 3186 612 3228 et
648 3174 867 3228 tribunis
901 3172 1097 3237 plebis;
1134 3173 1233 3222 etsi
1268 3186 1382 3221 cum

305 3273 370 3310 eo
403 3265 552 3308 statu
585 3267 768 3306 revera
789 3266 890 3303 non
913 3263 1094 3315 parum
1118 3248 1385 3298 servitutis

305 3335 559 3400 inquietae
575 3339 719 3382 esset
733 3330 1084 3393 conjunctum·
1128 3326 1231 3378 Ubi
1248 3326 1382 3376 enim

308 3413 568 3476 regimen,
604 3408 674 3458 ibi
706 3423 775 3457 ex
807 3407 974 3458 altera
998 3412 1150 3469 parte
1179 3403 1382 3467 subjec-

306 3493 382 3542 tio
401 3501 458 3540 et
475 3487 754 3553 patientia.
799 3485 1031 3535 Maxime
1046 3496 1170 3531 vero
1188 3482 1383 3545 populi,

302 3569 396 3633 qui
432 3564 670 3618 nondum
708 3563 946 3614 Romanu
980 3559 1197 3623 imperio
1230 3566 1383 3612 erant

300 3647 558 3711 subjecti,
600 3658 656 3694 se
689 3642 963 3708 jactabant
1004 3639 1227 3699 liberos3
1284 3638 1384 3690 etsi

304 3725 541 3790 alioquin
574 3734 762 3784 aspera
788 3719 911 3770 vitae
936 3716 1236 3768 conditione
1270 3722 1383 3765 ute·

307 3808 511 3852 rentur.
577 3797 664 3848 Sic
698 3795 898 3846 Plinius
929 3793 1124 3857 Major,
1144 3791 1382 3842 cum-de-

303 3879 609 3941 scripsisset
624 3874 945 3924 Chaucorum
961 3870 1298 3935 provinciam,
1311 3869 1381 3918 vi·

308 3965 524 4019 tamque
556 3951 761 4011 duram,
785 3962 906 3998 xvr.
927 3952 974 3997 l.
1012 3948 1029 3975 ⁴
1057 3948 1123 3996 Et
1159 3946 1236 3995 hae
1259 3959 1382 4009 gen·

304 4032 422 4092 ηεξ
445 4028 637 4092 inquit,
659 4027 675 4054 ‘
695 4028 738 4076 si
763 4028 1036 4075 vincantur
1058 4023 1212 4072 bodie
1237 4036 1265 4071 a
1293 4036 1382 4083 po-

306 4111 431 4173 pulo
454 4109 716 4166 Romano,
733 4103 928 4155 servire
948 4116 1005 4150 se
1030 4101 1229 4149 dicunt.
1300 4100 1385 4148 lta

304 4196 386 4238 est
410 4183 659 4251 profecto
676 4198 692 4231 z
727 4181 901 4230 multis
919 4177 1127 4228 fortuna
1147 4176 1313 4241 parcit
1332 4176 1382 4224 in

310 4264 551 4329 poeuam.’
620 4260 810 4322 Itaque
843 4256 1049 4305 Plinius
1086 4259 1263 4303 noster
1294 4252 1385 4301 do-

306 4349 410 4405 cet,
434 4340 488 4391 in
519 4335 637 4388 istis
662 4332 889 4385 dissidiis
921 4330 1194 4397 perpetuis
1220 4342 1382 4394 popu-

1907 407 1953 454 1.
1983 388 2097 456 32.
2393 388 2527 457 615

1457 549 1647 612 lorum,
1664 548 1753 613 qui
1773 548 1871 599 sibi
1893 547 2163 598 videantur
2180 546 2348 604 liberi,
2366 548 2528 599 multo

1457 625 1771 676 deteriorem
1786 640 1900 676 esse
1918 626 2245 687 servitutem,
2261 641 2413 689 quam
2429 627 2526 682 sub

1456 699 1879 766 imperatoribus,
1904 709 1995 752 aut
2028 703 2244 766 imperio
2279 703 2529 753 Romano·

1457 776 1583 827 Huc
1604 777 1734 828 adeo
1759 779 1986 844 pertinet
2009 780 2269 829 sententia
2297 779 2385 827 illa
2416 780 2528 829 Ho-

1457 855 1587 904 meri
1616 855 1771 905 Iliad.
1789 861 1844 906 B.
1867 859 1983 905 204.
2034 855 2135 904 Οὔκ
2163 854 2342 915 ἀγαθὸν
2375 864 2524 905 roao-

1456 930 1680 995 κοιρανίη·
1704 929 1771 983 εἷς
1791 930 2003 997 κοίρανος
2018 932 2161 996 ἔστω,
2178 931 2258 983 Ei}
2278 932 2527 989 βασιλεύς.

1458 1009 1725 1060 Gesnerus
1769 1010 2053 1077 ingeniose,
2093 1025 2189 1059 nec
2231 1011 2325 1059 uisi
2370 1012 2527 1060 unico

1457 1085 1608 1148 apice
1653 1087 1945 1148 immutato,
1984 1087 2034 1135 in
2084 1088 2249 1135 altera
2294 1086 2526 1136 editione

1458 1163 1649 1212 excudi
1676 1164 1838 1226 jussit
1877 1163 2089 1213 libertati
2127 1163 2334 1212 discordi
2373 1162 2525 1212 serui·

1455 1239 1658 1289 entibus.
1713 1239 1817 1290 Sed
1842 1254 1909 1289 ue
1933 1241 2032 1289 ista
2055 1240 2263 1303 quidem
2288 1240 2385 1288 levi
2414 1254 2526 1288 mu·

1459 1316 1657 1365 tatione
1679 1331 1810 1380 opus
1830 1330 1946 1365 esse
1965 1316 2185 1366 videtur.
2221 1323 2235 1344 ‘
2251 1317 2527 1370 Libertate

1456 1393 1723 1459 discordi‚’
1756 1394 1968 1455 dicitur,
1998 1400 2012 1421 ⁸
2040 1393 2240 1454 libera,’
2267 1394 2360 1444 sed
2381 1400 2398 1422 ‘
2418 1393 2525 1443 dis·

1456 1469 1603 1520 cordi
1647 1469 1951 1534 republica,'
1990 1470 2193 1520 scilicet
2228 1470 2523 1530 existente;

1457 1547 1536 1597 uti
1562 1547 1672 1597 Cic.
1698 1548 1875 1597 Famil.
1897 1560 1993 1597 xv.
2021 1551 2072 1596 6.
2093 1546 2239 1607 dicit,
2271 1550 2286 1575 ⁸
2309 1548 2523 1597 Utinam

1456 1628 1513 1673 te
1548 1623 1769 1686 videam,
1803 1625 2075 1687 republica
2107 1625 2340 1685 meliore,
2368 1638 2523 1689 quam

1457 1699 1655 1752 timeo.'
1734 1700 1965 1751 Verbum
2008 1707 2022 1729 ⁴
2047 1700 2274 1751 servire’
2315 1701 2526 1764 ponitur

1456 1776 1716 1842 absolute,
1741 1791 1835 1841 pro
1864 1778 1917 1829 in
1948 1778 2204 1828 servitute
2238 1792 2366 1828 esse.
2434 1778 2525 1834 Sic

1456 1868 1598 1918 soepe
1627 1855 1857 1920 loquitur
1890 1855 2093 1905 Plinius
2119 1854 2340 1919 Major3
2383 1869 2433 1904 v·
2469 1868 2523 1919 ι.

1457 1944 1540 1981 rx.
1561 1935 1643 1982 64.
1674 1940 1688 1962 ⁸
1714 1931 1962 1982 Nondum
1995 1932 2302 1983 Britannica
2335 1933 2528 1983 servie-

1457 2007 1590 2056 bant
1625 2006 1819 2058 litora.’
1872 2021 1979 2058 xn.
2013 2012 2097 2058 26.
2139 2009 2154 2035 ‘
2178 2007 2353 2058 Servit
2387 2022 2528 2064 nunc

1454 2082 1663 2142 sudosa,
1705 2092 1759 2133 et
1806 2083 2005 2134 tributa
2049 2083 2232 2148 pendit
2268 2099 2388 2148 cum
2432 2099 2531 2135 sua

1454 2160 1654 2225 gente?
1719 2161 1888 2211 Tacit.
1918 2159 2114 2212 Annal.
2140 2175 2259 2212 nv.
2281 2166 2363 2212 85.
2395 2162 2411 2188 ‘
2438 2162 2530 2214 Vi-

1460 2243 1648 2289 vetent
1672 2237 1787 2304 viri,
1804 2244 1858 2286 et
1876 2237 2174 2289 servirent.'
2227 2240 2398 2289 Etiam
2416 2240 2529 2290 Pli-

1460 2315 1574 2364 nius
1608 2321 1804 2377 noster,
1828 2314 1997 2379 Epist.
2022 2329 2112 2366 ιιι.
2141 2320 2219 2366 14.
2254 2319 2269 2343 ‘
2289 2317 2396 2369 Qui
2420 2331 2531 2367 ser·

1452 2380 1596 2441 ‘visse
1632 2396 1835 2454 patrem
1872 2405 2019 2439 suum
2057 2407 2236 2456 parum
2272 2392 2532 2444 meminis·

1453 2456 1576 2520 set!
1642 2467 1814 2532 Epist.
1841 2482 1966 2518 vui.
1992 2473 2075 2519 24.
2110 2471 2125 2497 ‘
2155 2471 2237 2520 Ne
2263 2469 2402 2520 inter
2422 2484 2532 2520 ser·

1463 2545 1683 2607 vientes,
1715 2559 1867 2609 quam
1908 2545 2118 2605 liberos,
2151 2546 2422 2596 humanior
2454 2544 2534 2600 fu·

1461 2623 1562 2673 isse
1586 2621 1845 2673 videaris!
1882 2624 2120 2674 Sellium.
2417 2669 2423 2680 ,

1529 2702 1717 2766 Quippe
1732 2700 1979 2766 discretis]
2011 2700 2138 2750 Cum
2159 2699 2357 2752 Plinius
2374 2699 2534 2763 sigui-

1460 2776 1618 2829 ficare
1649 2777 1892 2838 voluerit,
1916 2777 2079 2826 multo
2113 2773 2379 2825 feliciores
2412 2790 2534 2825 eva·

1462 2858 1591 2906 sisse
1628 2854 1943 2919 provincias,
1980 2857 2265 2917 gentesque
2301 2858 2533 2906 exteras,
2587 2883 2602 2896 .

1450 2948 1576 2999 ‘quae
1619 2931 1741 2982 fidei
1790 2937 1846 2981 et
1893 2930 2145 2994 potestati
2197 2928 2531 2991 imperatoris

1463 3008 1680 3058 Romani
1717 3006 1910 3057 fuerint
1938 3005 2212 3072 subjectae,
2234 3018 2386 3070 quam
2412 3020 2529 3069 quoe

1460 3099 1551 3134 suo
1574 3086 1695 3149 jure
1718 3090 1773 3133 et
1802 3081 2026 3133 discordi
2049 3082 2298 3132 libertate
2324 3090 2532 3134 uteren-

1462 3170 1573 3231 tur:
1596 3176 1731 3212 nunc
1745 3176 1858 3211 eam
1871 3160 2185 3228 seutentiam
2202 3174 2232 3209 e
2250 3161 2365 3212 loco
2377 3158 2530 3211 effec-

1462 3249 1629 3291 torum
1650 3241 1850 3304 probat.
1866 3247 1879 3269 ⁴
1893 3227 2390 3304 Discretis,’ii1quit,
2403 3242 2418 3267 ‘
2438 3239 2529 3288 bo-

1461 3318 1539 3367 nis
1562 3319 1805 3384 omnium,
1825 3331 1915 3365 sua
1937 3316 2190 3382 cujusque
2217 3315 2281 3365 ad
2300 3316 2527 3380 singulos

1460 3398 1596 3448 mala
1621 3393 1922 3464 pertinent,’
1958 3395 1993 3443 i.
2013 3410 2062 3445 e.
2084 3396 2125 3444 si
2156 3396 2295 3456 bona
2329 3396 2525 3460 etjura

1459 3475 2023 3538 omniumpopulorum
2048 3481 2102 3523 et
2126 3473 2527 3537 provinciarum,

1460 3554 1512 3600 in
1548 3554 1649 3602 ista
1684 3550 1911 3616 discordi
1943 3550 2210 3614 libertate,
2242 3550 2386 3614 quasi
2423 3549 2528 3597 dis·

1453 3637 1606 3686 ¹creta
1629 3636 1684 3678 et
1707 3633 1949 3691 separata
1972 3634 2111 3688 sunt,
2133 3625 2228 3682 ita,
2252 3632 2309 3675 ut
2332 3626 2526 3689 quaevis

1457 3720 1585 3770 gens
1618 3720 1709 3753 suo
1744 3710 1921 3753 utatur
1948 3703 2088 3764 jure,
2111 3715 2207 3751 nec
2230 3715 2408 3751 omnes
2435 3704 2524 3752 uni

1457 3781 1674 3845 imperio
1707 3781 1808 3829 sint
1833 3778 2115 3841 subjectae;
2155 3784 2280 3827 tunc
2302 3792 2406 3826 suas
2432 3793 2522 3834 cu,-

1449 3862 1642 3924 jusque
1669 3858 1843 3921 populi
1865 3854 2187 3903 calamitates
2207 3853 2447 3917 publicae,
2466 3864 2528 3907 ut

1457 3937 1710 3992 sterilitas
1731 3942 1900 3991 terrae,
1920 3938 1975 3980 ut
1997 3945 2214 3980 annonae
2237 3931 2451 3996 caritas,
2468 3940 2528 3986 ut

1457 4013 1780 4081 pestilentia,
1803 4018 1857 4060 et
1890 4009 2090 4060 hostilis
2114 4009 2334 4073 invasio,
2354 4011 2528 4075 singu-

1458 4093 1538 4141 los
1560 4090 1781 4155 populos
1805 4088 2046 4150 civesque
2071 4083 2337 4149 affligunt3
2373 4101 2530 4151 prop-

1462 4179 1608 4220 terea
1631 4165 1768 4232 quod
1791 4164 2049 4213 neminem
2072 4163 2225 4212 alium
2250 4163 2330 4212 vel
2366 4162 2528 4231 impe,-

1460 4253 1681 4306 tantem,
1714 4243 1795 4292 vel
1833 4242 2081 4306 populum
2114 4240 2326 4298 habeut,
2360 4254 2392 4290 a
2427 4256 2528 4304 quo

1460 4323 1704 4378 auxilium
1762 4318 2167 4385 praesidiumque
2224 4324 2530 4381 expectent.
