3017 4942
511 533 611 583 pro
636 518 858 584 ἑμφάσει·
892 519 909 548 ⁴
930 520 1353 585 Nonnunquam‚'
1384 521 1574 586 inquit,

511 604 527 627 ·
550 596 674 646 illud
701 612 861 662 genus
883 597 1189 658 πλεονασμοῦ
1216 596 1574 647 affirmationis

511 674 686 738 gratia
708 674 987 726 adhibetur
1004 690 1020 725 ε
1046 677 1062 704 ‘
1077 675 1374 741 Vocemqns
1392 675 1468 727 bis
1488 690 1575 726 eu·

512 750 655 801 ribus
677 751 889 802 hausi-¹⁹
924 752 1077 804 Idea.

584 825 757 891 Fides]
806 828 899 877 Uti
939 829 1079 879 actio
1118 835 1176 879 et
1220 829 1576 893 pronuntiatio

515 913 643 970 epta
663 904 819 957 facile
839 907 1123 957 conciliant
1144 908 1364 957 orationi
1387 907 1578 970 fidem;

516 980 593 1030 ita
637 994 668 1030 e
711 983 995 1043 contrario,
1034 980 1277 1032 tradente
1323 981 1577 1035 Quinctil.

517 1069 599 1106 xi.
623 1060 671 1105 8.
705 1059 721 1085 ‘
740 1057 781 1106 si
807 1066 981 1119 gestus
1005 1073 1067 1106 sc
1093 1058 1263 1108 vultus
1295 1058 1360 1109 ub
1383 1059 1578 1108 oratio-

513 1148 584 1184 ne
629 1133 957 1196 dissentiant,
991 1135 1157 1185 tristia
1191 1136 1419 1186 dicamus
1452 1136 1580 1185 hila·

517 1225 623 1272 res,
678 1208 992 1262 affirmemus
1043 1213 1215 1278 alique
1260 1219 1539 1262 renuentes
1563 1229 1582 1274 ς

515 1301 621 1337 non
647 1289 929 1338 auctoritss
952 1288 1107 1338 modo
1141 1289 1336 1353 verbis,
1358 1290 1451 1339 sed
1483 1290 1583 1339 eti·

514 1378 597 1415 sm
620 1364 771 1429 fides,
793 1365 977 1416 deest.’
1009 1366 1160 1439 Idm.

588 1442 786 1493 Tenebie
804 1444 945 1509 erg-o]
982 1445 1259 1494 Catanaeus
1287 1443 1402 1492 haec
1428 1441 1583 1493 verba

518 1518 597 1570 sic
634 1520 1013 1584 interpretatus
1041 1528 1158 1571 estz
1194 1528 1210 1551 ⁴
1231 1521 1345 1571 Erit
1371 1535 1582 1584 semper

517 1597 575 1647 in
603 1597 701 1646 hsc
726 1598 1007 1662 sententis,
1027 1605 1086 1647 ut
1108 1612 1204 1662 pro
1229 1598 1460 1653 utilitate
1482 1599 1583 1646 rei-

517 1672 742 1737 publicae
781 1673 950 1723 libere
992 1672 1295 1739 loquamur.’
1359 1673 1582 1723 Weinri-

518 1750 666 1800 chius
705 1750 783 1799 sic
809 1768 822 1798 ε
867 1752 884 1779 ⁸
908 1751 1130 1814 Semper
1184 1765 1279 1800 uos
1325 1750 1583 1800 mendatis

519 1825 628 1874 suis
663 1825 974 1878 obedientes
1015 1826 1270 1890 habebit„
1295 1826 1584 1877 obtinebit-

518 1916 622 1966 que
644 1903 764 1965 hoc,
783 1904 919 1968 quod
945 1903 1142 1954 voluit-⁹
1207 1904 1294 1954 Sic
1323 1911 1381 1953 et
1404 1905 1583 1954 Cevs:

522 1980 793 2044 ‘Tenebit,
828 1980 891 2047 [i.
921 1996 970 2032 e.
994 1978 1302 2045 obtinebit,]
1335 1987 1414 2037 ut,
1443 1980 1583 2045 quod

517 2058 769 2107 sentimus
806 2057 874 2108 de
912 2058 1199 2123 republica,
1242 2060 1405 2109 libere
1441 2059 1584 2108 dics·

516 2133 666 2183 mus?
698 2135 974 2187 Cstanaeus
990 2135 1224 2198 proxime
1242 2135 1454 2196 attingit
1469 2149 1585 2184 sco-

520 2224 663 2274 pum.
726 2212 946 2261 Interim
969 2213 1081 2261 liaec
1102 2213 1217 2276 ipsa
1239 2212 1401 2261 verba
1419 2212 1586 2276 magis

519 2286 748 2351 proprie,
770 2296 828 2339 ct
845 2287 1131 2351 simplicius
1151 2290 1227 2339 sic
1248 2287 1586 2350 interpretari

520 2364 720 2417 velim:
752 2366 973 2416 Tenebit
995 2381 1121 2429 ergo
1148 2380 1355 2430 semper
1388 2381 1584 2416 memo·

523 2443 601 2492 ris
632 2450 688 2493 et
714 2444 900 2508 snimo,
933 2459 1104 2510 neque
1129 2460 1352 2511 unquam
1375 2445 1584 2495 oblivis·

522 2527 693 2580 cetur,
732 2520 854 2585 qnid
901 2521 1018 2584 ipse
1061 2522 1212 2572 nobis
1243 2521 1489 2585 suaserit,
1526 2529 1585 2571 ut

520 2609 841 2647 resumemus
858 2597 1176 2649 libertatem.
1218 2597 1308 2648 Sic
1325 2612 1452 2648 vero
1475 2598 1585 2648 Pli-

520 2673 637 2723 nius
661 2687 807 2737 soepe
828 2675 926 2724 hoc
944 2675 1108 2724 verbo
1128 2675 1366 2725 absolute
1384 2674 1585 2737 utitur-3

521 2763 576 2799 V.
597 2765 651 2813 g.
674 2749 845 2814 Epist.
870 2765 911 2801 ι.
933 2755 1016 2802 22.
1057 2757 1073 2780 ·
1091 2751 1360 2804 Quantum
1393 2765 1586 2809 rerum,

522 2833 774 2889 quantum
796 2828 1173 2891 exemplorum,
1189 2835 1438 2892 quantum
1453 2830 1587 2879 snti-

525 2902 758 2966 quitstis.
781 2911 928 2955 tenet
949 2903 983 2955 Ι·
1032 2905 1181 2955 Idem
1198 2906 1371 2970 Epist.
1387 2920 1489 2956 vn.
1505 2910 1591 2956 25.

523 2978 542 3006 ⁸
561 2979 827 3030 Quantum
849 2980 936 3031 ille
956 2982 1107 3045 legit,
1123 2991 1370 3046 qnantum
1395 2988 1542 3032 tenet
1556 2981 1592 3032 θ’

525 3053 675 3102 Idem
700 3054 871 3118 Epist.
891 3069 1017 3106 vm.
1042 3061 1122 3107 13.
1145 3060 1196 3106 3.
1227 3059 1244 3087 ⁸
1265 3055 1492 3109 Difficile
1507 3064 1591 3108 est

525 3133 726 3192 tenere,
746 3145 863 3194 quoe
884 3132 1175 3195 acceperis,
1189 3132 1288 3182 nisi
1307 3134 1591 3183 exerceas!

524 3204 670 3255 Ibid.
697 3207 726 3271 §
761 3210 813 3255 7.
861 3215 876 3237 ·
896 3207 1089 3259 Omnia
1123 3209 1315 3276 soluta,
1358 3210 1593 3275 turbate,

526 3286 687 3345 atque
729 3283 885 3332 etiam
940 3284 992 3333 iu
1047 3286 1365 3336 contrarium
1419 3301 1589 3344 versa,

525 3364 795 3422 postremo
830 3359 1184 3410 obliviscende
1220 3363 1387 3427 magis
1434 3378 1589 3429 quem

527 3433 792 3484 tenenda.’
824 3434 972 3487 Idem
998 3438 1171 3501 Epist.
1189 3452 1317 3489 vm.
1339 3444 1424 3491 24.
1444 3446 1460 3468 ⁸
1478 3438 1590 3489 Ad-

526 3525 714 3562 moneo
737 3519 934 3577 tamen,
952 3522 1031 3577 nt,
1052 3530 1167 3580 quae
1186 3516 1305 3572 scis,
1324 3525 1522 3580 teneas,
1534 3524 1592 3568 et

527 3588 796 3654 observes,
821 3599 913 3641 sut
934 3593 1066 3641 scias
1086 3593 1305 3643 melius.’
1337 3595 1492 3644 Idem.

598 3665 731 3722 Quid
764 3667 997 3729 suaserit]
1057 3668 1226 3733 Vulgo
1270 3667 1469 3718 editum
1513 3676 1595 3720 est

526 3744 650 3806 quod
669 3744 872 3793 suaserit
888 3759 909 3802 ‚-
942 3743 1033 3793 sed
1056 3758 1150 3807 pro
1174 3747 1312 3809 quod,
1338 3746 1388 3793 in
1408 3745 1593 3795 codice

530 3819 742 3869 Veneto
784 3822 829 3870 1.
876 3821 1276 3884 salisburgensi,
1317 3823 1592 3882 Patavina,

530 3903 588 3944 et
610 3910 728 3946 mco
749 3898 942 3961 legitur
961 3898 1076 3962 quid
1089 3914 1110 3956 ,-
1141 3899 1276 3962 quod
1301 3907 1357 3949 et
1380 3907 1595 3950 notatur

529 3970 584 4019 in
603 3971 732 4021 libro
751 3972 1039 4035 Vossiano3
1075 3975 1162 4023 ubi
1180 3977 1328 4024 simul
1347 3977 1591 4026 observa·

534 4055 642 4096 tum
668 4058 772 4111 est,
795 4049 863 4098 sl.
886 4049 1078 4099 babere
1102 4051 1349 4114 qaidmaid.
1414 4053 1487 4103 Et
1515 4054 1593 4102 sic

535 4123 692 4171 etism
731 4125 980 4188 scriptum
1012 4134 1093 4175 est
1117 4131 1167 4174 iu
1192 4128 1312 4178 cod.
1333 4128 1512 4180 Vatic.
1535 4138 1595 4181 et

536 4197 857 4264 Guelpherb.
927 4201 1081 4251 Quod
1105 4203 1147 4251 si
1181 4211 1356 4254 autem
1381 4205 1595 4257 verbum

1211 379 1431 429 NOTAE
1485 381 1576 429 vA
1594 380 1885 431 monum
1942 381 2022 430 11⁴¹

1646 525 1663 550 ⁸
1681 523 1907 573 tenebit'
1923 523 2289 587 explicandum
2314 523 2444 583 est,‘
2464 524 2716 573 memoris

1649 599 1887 656 tenebit‚’
1922 600 2050 661 sive,
2070 607 2084 629 ⁸
2102 615 2203 649 non
2227 599 2604 658 obliviscetur?
2618 617 2715 664 pro
2766 638 2771 649 .

1651 676 1854 740 vulgari
1885 678 2111 727 lectione
2148 680 2288 741 quod,
2310 675 2516 726 omnino
2543 677 2718 741 aptius

1650 753 1842 815 legitur
1872 756 2006 818 quid,
2040 755 2285 820 quonism
2319 752 2375 803 id
2403 754 2565 802 etiarn
2603 769 2720 804 rec-

1652 830 1758 879 tius
1780 845 1897 880 cum
1921 830 2075 883 modo
2096 829 2432 894 conjunctivo
2453 832 2723 894 componi·

1658 913 1762 956 tur.
1795 908 1948 958 Iden.

1716 985 2012 1036 Libertatem
2035 1018 2051 1035 .
2075 1019 2089 1035 .
2110 1017 2127 1034 .
2144 986 2466 1051 expertem]
2500 985 2723 1035 Ssllnst.

1650 1058 1781 1124 Jug.
1804 1075 1920 1123 cup.
1940 1066 2022 1112 sl.
2056 1068 2071 1091 ⁸
2088 1061 2247 1111 Certe
2270 1075 2372 1126 ego
2395 1062 2723 1121 libertatem,

1656 1152 1770 1201 quie
1794 1138 1917 1188 mihi
1950 1154 1983 1188 n
2018 1144 2237 1202 parente
2270 1138 2468 1189 tradita
2496 1146 2602 1193 est,
2634 1152 2724 1187 ex-

1656 1215 1833 1278 periar
1848 1214 1884 1265 ε’
1904 1217 2003 1266 hoc
2024 1223 2124 1272 est,
2148 1218 2314 1279 inquit
2338 1217 2573 1273 Cottius,
2599 1223 2724 1265 ‘ex-

1654 1292 1866 1348 ercebo,
1885 1301 2003 1344 utar
2019 1292 2308 1343 libertate.²
2336 1294 2488 1344 Idem.

1726 1369 1988 1420 Fidenate
2023 1370 2304 1434 temporum]
2338 1369 2403 1419 In
2443 1370 2583 1419 banc
2619 1370 2727 1418 lec-

1657 1444 1851 1495 tionem
1874 1436 2174 1511 co‘nspirsut
2195 1460 2370 1495 omnes
2391 1445 2549 1506 libri3
2586 1460 2727 1495 eam·

1657 1536 1759 1586 que
1797 1523 2053 1585 integram
2085 1523 2138 1571 in
2175 1532 2310 1571 nova
2336 1521 2573 1571 editione
2609 1522 2728 1570 reli·

1658 1599 1773 1662 quit
1807 1597 2140 1661 Arntsenius,
2172 1600 2405 1663 quamvis
2430 1613 2589 1648 eures
2612 1614 2731 1649 suss

1655 1674 1780 1724 inde
1802 1672 1997 1724 offendi
2021 1674 2267 1736 fetentur,
2286 1677 2615 1739 suspicatus,
2638 1690 2728 1740 po-

1659 1750 1824 1802 tuisse
1846 1752 2132 1809 librarium,
2155 1768 2273 1803 cum
2296 1753 2363 1802 de
2397 1752 2506 1802 fide
2532 1753 2730 1817 princi-

1659 1827 1739 1891 pis
1760 1838 1964 1892 egeret,
1985 1843 2162 1880 omnes
2185 1843 2339 1880 voees
2370 1829 2437 1879 ad
2469 1844 2594 1879 enm
2628 1833 2733 1879 vir-

1659 1911 1828 1954 tutem
1869 1904 2180 1970 detorquere
2204 1918 2222 1967 3
2275 1921 2389 1956 cum
2437 1912 2619 1956 tamen
2666 1906 2733 1955 de

1659 1980 1948 2031 ‘felicitate
1972 1981 2289 2045 tempornm'
2312 1981 2593 2044 scripserit
2611 1982 2769 2030 aue-0

1665 2064 1780 2120 tor;
1806 2072 1918 2122 (μω
1941 2058 2248 2122 conjectura
2269 2058 2427 2108 etism
2452 2057 2660 2108 Bebrio
2680 2057 2734 2106 in

1659 2142 1888 2184 mentem
1907 2134 2068 2184 venit.
2102 2132 2347 2184 Concedo
2364 2132 2604 2198 quidem,
2624 2140 2643 2163 ⁸
2659 2131 2737 2182 fe·

1661 2211 1877 2262 licitatis
1896 2220 1999 2261 tem
2007 2208 2228 2274 porum‚'
2247 2210 2386 2259 inter
2400 2210 2575 2273 elogia
2591 2209 2735 2273 prin·

1661 2288 1855 2351 cipum,
1895 2289 1946 2336 in
1982 2287 2219 2347 nummis,
2250 2301 2355 2336 non
2396 2288 2615 2337 demum
2654 2301 2734 2336 se·

1659 2365 1928 2431 quentium
1967 2364 2360 2428 imperatorum,
2393 2363 2536 2428 qnod
2564 2364 2734 2413 visum

1656 2448 1740 2491 est
1780 2440 2088 2498 Aratu-nio,
2132 2441 2225 2490 sed
2278 2442 2436 2491 etism
2484 2441 2736 2491 Plinisno

1661 2532 1792 2580 aevo,
1815 2522 2003 2582 saepius
2031 2518 2346 2567 mentionem
2367 2517 2511 2576 δαίς
2536 2517 2737 2580 largior

1660 2595 1840 2652 etiam.
1859 2595 1923 2644 sd
1948 2595 2081 2645 hanc
2104 2603 2396 2658 temporum
2419 2594 2634 2644 illorum
2658 2591 2735 2642 fe-

1661 2675 1915 2725 licitatem
1954 2689 2019 2723 es
2068 2673 2309 2736 potuisse
2356 2669 2566 2728 referri,
2612 2684 2733 2735 qun

1660 2749 1865 2801 Plinius
1884 2749 1952 2801 de
1973 2751 1990 2778 ‘
2004 2748 2263 2800 fidelitate
2283 2755 2581 2813 temporum
2597 2746 2615 2771 '
2647 2747 2736 2796 hs-

1664 2827 1784 2878 bet:
1822 2828 1996 2877 nescio
2019 2835 2209 2883 tamen,
2234 2840 2327 2877 cur
2349 2840 2452 2875 non
2474 2823 2734 2875 credibile

1662 2903 1750 2966 sit,
1774 2912 1862 2953 sut
1884 2917 1976 2954 cur
1996 2904 2211 2954 auribus
2233 2900 2378 2967 qussi
2394 2900 2595 2964 aliquid
2620 2914 2735 2950 scs·

1664 2979 1745 3029 bri
1770 2980 1999 3043 accidet,
2022 2981 2064 3028 sl
2097 2979 2237 3029 iuter
2260 2977 2442 3028 leudes
2462 2975 2681 3041 Trojani
2704 2989 2736 3025 a

1666 3056 1840 3106 Plinio
1855 3056 2118 3121 sigillatim
2136 3054 2294 3106 etiam
2319 3063 2333 3083 ⁸
2351 3053 2582 3103 fidelitas
2603 3060 2736 3102 tem-

1666 3131 1883 3197 porum’
1923 3132 2252 3195 designetur.
2318 3131 2498 3186 Certe,
2520 3131 2661 3179 sicut
2682 3143 2735 3178 s-

1665 3207 1773 3273 pud
1796 3208 1937 3261 Plin.
1954 3210 2008 3258 iu
2026 3208 2376 3273 Panegyrico,
2391 3217 2447 3257 et
2461 3206 2736 3270 Epistolis,

1662 3284 1804 3336 inter
1841 3285 2078 3350 querelas
2121 3292 2177 3334 et
2221 3291 2370 3334 nutas
2415 3285 2735 3334 anteceden-

1665 3361 1794 3411 tium
1819 3367 2110 3424 temporum
2142 3360 2493 3422 nominantur,
2522 3360 2736 3410 ‘imma-

1663 3437 1824 3488 nitas'
1834 3446 1893 3489 et
1907 3437 2154 3487 ‘servitus
2167 3437 2395 3502 priorum
2412 3435 2741 3502 temporum:

1663 3520 1680 3545 ⁸
1696 3514 1982 3566 necessitas
2002 3521 2060 3564 et
2080 3521 2253 3563 metus
2274 3513 2509 3577 priorum
2533 3521 2737 3577 tempo·

1667 3590 1819 3649 rnm,'
1852 3591 1870 3620 ‘
1890 3577 2467 3654 licentia‘tempornm,’
2502 3592 2734 3653 ‘tempo-

1668 3682 1782 3719 rum
1824 3666 2060 3731 iuvidis‚'
2095 3666 2312 3731 ‘culpe’
2347 3674 2403 3717 et
2435 3669 2453 3696 ‘
2475 3668 2614 3716 mals
2644 3679 2735 3715 sn·

1666 3744 1811 3809 culi,'
1843 3753 1900 3795 ct
1943 3744 2082 3805 alia3
2116 3744 2192 3796 itu
2235 3743 2562 3805 nominatim,
2578 3744 2733 3793 'inter

1669 3823 1841 3884 elogia
1863 3824 2059 3873 Nervae
2080 3828 2141 3870 et
2175 3819 2414 3884 Trajani,
2443 3820 2730 3883 generatim

1669 3899 1878 3963 quidem
1891 3903 2329 3947 commemoretur
2342 3897 2358 3924 ⁸
2370 3894 2598 3945 felicitas
2608 3906 2732 3944 tem·

1669 3973 1890 4038 porum,'
1929 3974 2097 4037 Epist.
2120 3985 2178 4022 x.
2200 3976 2251 4021 7.
2276 3978 2333 4021 et
2354 3976 2437 4022 66.
2461 3972 2730 4034 speciatim

1669 4060 1845 4102 tsmen
1872 4051 2033 4101 etiam
2055 4048 2298 4098 laudetur
2328 4047 2575 4111 ‘justitia
2606 4053 2730 4097 tem·

1671 4127 1892 4194 porum,'
1934 4129 2106 4191 Epist.
2141 4139 2197 4178 1.
2235 4130 2317 4176 68.
2352 4125 2729 4190 ‘tranquillitos

1671 4204 1886 4271 saeculi}
1924 4206 2097 4271 Epist.
2130 4218 2186 4255 x.
2209 4210 2294 4254 20.
2322 4204 2341 4232 ⁸
2360 4202 2541 4254 saeculi
2561 4197 2730 4259 nitor,'
