3017 4942
732 445 798 492 c.
846 424 1091 492 estun
1139 440 1481 492 saeuum
1533 438 1810 492 umet
1890 428 2079 493 net).

285 587 441 639 ’tibus
461 582 876 653 obsequentem!
923 582 990 636 Id
1012 584 1238 637 maxime
1261 583 1368 635 fac-

296 665 508 729 titabat,
546 671 603 715 et
638 663 786 730 quasi
817 662 1121 725 solenniter,
1146 670 1263 726 post
1286 677 1367 713 se-

285 741 520 791 cundam
542 754 791 791 mensam.
858 739 1193 803 Lampridius
1214 740 1269 790 in
1297 738 1369 789 A·

287 813 586 869 lexandroz
610 819 628 848 ⁸
646 818 776 868 Cum
796 818 1049 868 militares
1071 818 1262 868 amicos
1278 817 1369 867 ba·

293 894 519 954 linisset,
560 901 621 945 ut
652 909 801 944 usum
836 895 1064 959 Trajani,
1098 909 1253 960 quem
1281 895 1369 945 ille

287 978 419 1036 post
454 972 737 1022 secundam
770 985 1000 1022 mensam
1037 971 1251 1036 potandi
1286 984 1371 1021 ns·

291 1060 402 1112 qne
425 1048 491 1098 ad
512 1050 699 1113 poeula
721 1050 1035 1106 instituerat,
1059 1054 1372 1111 reservaret,

293 1138 461 1174 unum
498 1131 704 1175 tantum
738 1126 982 1191 poculum
1016 1125 1295 1176 exhibebat
1316 1126 1371 1175 in

291 1200 550 1250 honorem
576 1201 866 1253 Alexandri
890 1200 1108 1264 Magni!
1175 1202 1371 1252 Nume-

293 1292 390 1328 rus
420 1278 725 1342 poculorum
751 1277 918 1335 deest.
954 1289 1011 1329 et
1043 1277 1197 1329 video
1217 1293 1372 1344 quos·

294 1352 424 1403 dam
470 1355 682 1416 legisse,
729 1369 877 1418 usque
924 1356 988 1404 od
1036 1355 1241 1420 quinque
1286 1369 1374 1419 po·

294 1433 426 1480 culo.
479 1432 535 1482 Si
558 1447 588 1481 e
614 1432 777 1490 libris,
800 1432 936 1482 bene
958 1439 1076 1483 este
1113 1433 1155 1482 si
1179 1445 1212 1481 a
1236 1446 1374 1497 sese,

296 1509 481 1558 malim
524 1523 643 1574 ego,
680 1523 827 1572 usque
868 1509 933 1559 ad
960 1511 1129 1573 poculo
1149 1508 1261 1559 111.
1281 1504 1371 1574 qni

295 1600 548 1636 numerus
582 1601 648 1636 ex
683 1586 968 1637 initialibus
1001 1587 1195 1637 litteris
1229 1586 1372 1636 vocis
1407 1602 1412 1608 ·

297 1653 628 1726 sequentis(
662 1661 890 1713 vinosus
936 1662 1102 1726 igitur
1138 1663 1375 1728 aliquan-

295 1740 470 1789 tulum
493 1738 782 1803 Trajannsz
806 1741 899 1789 sed
922 1746 977 1790 et
1000 1741 1097 1789 viri
1123 1741 1209 1791 alii
1233 1755 1373 1805 mag-

293 1815 375 1878 ni,
419 1828 540 1865 cum
583 1816 921 1867 excusatione
958 1817 1269 1881 justissima,
1305 1814 1373 1867 ad

287 1891 575 1942 diluendas
608 1907 781 1944 curas.
849 1893 930 1944 De
967 1909 1068 1960 qno
1100 1895 1300 1945 Seneca
1322 1896 1372 1945 in

293 1975 543 2020 extremo
566 1969 633 2021 de
654 1971 937 2038 Tranquill.
960 1971 1235 2023 videndus.
1267 1973 1374 2023 Eu·

298 2048 507 2111 tropina
529 2055 585 2097 et
604 2048 897 2098 cantionem
920 2051 1032 2114 ejus
1048 2050 1101 2099 in
1122 2051 1239 2102 vino
1255 2064 1372 2115 sug·

298 2126 487 2188 gerit:
535 2125 941 2184 ‘vinolentiam
980 2141 1082 2191 qno
1127 2128 1271 2192 vitio,
1317 2132 1376 2179 ut

298 2202 504 2259 Nerva,
544 2203 877 2266 tangebatur,
911 2203 1190 2269 prudentia
1211 2205 1376 2256 molli·

295 2287 474 2343 verat,
505 2280 678 2329 curari
711 2288 895 2330 vetans
920 2282 1072 2346 Jussa
1106 2290 1226 2348 post
1262 2284 1374 2333 lon·

303 2357 484 2422 'giores
507 2357 732 2421 epulas.'
762 2357 899 2422 [ἄρα.

363 2433 677 2499 Studiorum]
721 2435 805 2485 De
827 2434 1011 2500 quibus
1036 2450 1224 2487 sermo.
1258 2437 1375 2487 Nec

298 2510 442 2561 enim
484 2510 674 2561 librum
719 2511 910 2561 lectum
950 2526 1110 2578 super
1143 2527 1375 2563 mensam

299 2587 569 2638 arbitrort
606 2588 703 2638 etsi
737 2587 789 2638 id
826 2602 1034 2653 qnoque
1066 2589 1160 2640 viri
1184 2590 1386 2654 magni,

300 2667 433 2716 etin
459 2665 734 2729 dignitate,
771 2670 898 2715 tunc
920 2664 1203 2717 faciebant.
1270 2665 1378 2717 Alii

300 2741 613 2797 comoedum,
657 2749 749 2790 aut
793 2739 1030 2806 lyristen,
1072 2743 1376 2802 audiebant,

292 2817 540 2884 jucundo
561 2816 759 2869 fructu.
793 2818 930 2869 Plio.
953 2819 1043 2868 lib.
1059 2831 1145 2872 m.
1159 2820 1226 2871 de
1241 2820 1373 2885 Spu·

304 2896 494 2948 rinna:
539 2897 555 2925 ‘
577 2896 904 2961 Frequenter
936 2896 1181 2948 comoedis
1226 2911 1378 2948 coena

303 2973 665 3038 distinguitur,
718 2979 777 3023 ut
825 2973 1125 3036 voluptates
1169 2988 1376 3039 qnoque

302 3050 493 3100 studiis
524 3048 875 3100 condiantur-⁹
940 3048 1016 3101 At
1035 3050 1246 3116 Trajani
1268 3065 1376 3102 ser·

299 3141 484 3177 mones
509 3126 850 3192 philosophici
873 3125 1108 3194 fuerunt,
1135 3134 1226 3179 ant
1246 3128 1377 3193 poli-

331 3205 422 3262 ici,
444 3218 544 3253 nec
562 3202 788 3266 ambigo.
822 3203 973 3254 Idem.

374 3280 661 3349 Studiorum
690 3278 861 3344 honor]
891 3280 907 3308 ‘
930 3281 1080 3332 Nero
1102 3282 1374 3347 sapientias

303 3358 610 3409 doctoribus
646 3362 851 3422 tempus
885 3357 1225 3423 impartiebat
1259 3365 1379 3423 post

304 3437 521 3500 epulas:
562 3441 723 3500 utque
752 3435 1012 3485 contraria
1036 3437 1378 3488 asseveranti-

304 3526 413 3574 um,
459 3509 739 3560 discordiae
778 3510 1121 3575 eruebantur,
1152 3526 1251 3564 nec
1287 3514 1377 3564 de·

306 3595 476 3645 erant,
498 3586 590 3653 qni
628 3600 753 3638 voce
776 3588 1029 3653 vultuque
1066 3589 1208 3641 tristi
1241 3591 1379 3659 inter

303 3665 693 3716 oblectamenta
735 3665 883 3730 regia
937 3668 1165 3732 spectari
1219 3683 1378 3734 cupes

306 3742 470 3794 rent!
522 3742 695 3794 Tacit.
714 3742 853 3794 Anu.
876 3759 1000 3796 xtv.
1026 3749 1106 3796 16.

380 3823 667 3889 Studiorum
709 3824 882 3888 honor]
918 3825 1003 3875 Ita
1039 3824 1297 3889 nimirum,
1335 3826 1377 3876 si

305 3899 540 3950 liberalis
575 3900 767 3964 ingenii
790 3900 1020 3950 homines
1044 3903 1378 3952 convivaren-

307 3979 416 4039 tur,
448 3974 774 4040 potissimum
790 3976 1157 4041 jucundiorum
1182 3979 1380 4030 studio-

310 4066 423 4102 rum
450 4066 641 4117 genera
664 4050 832 4102 locu'm
852 4053 1115 4104 habebant
1136 4071 1152 4117 ς
1178 4071 1228 4105 v.
1251 4071 1301 4120 g.
1323 4061 1383 4110 ut

313 4127 494 4178 brevia
514 4133 572 4178 et
593 4140 794 4178 amoena
813 4130 1043 4180 carmina
1060 4132 1383 4195 legerentur,

319 4205 626 4256 audirentur
648 4205 892 4270 comoedi,
912 4214 969 4258 et
987 4223 1248 4259 sermones
1265 4224 1386 4260 eru·

317 4283 411 4333 diti
448 4282 779 4334 haberentur.
847 4285 988 4335 Plin.
1029 4285 1096 4335 de
1134 4285 1385 4351 ejusmodi

320 4359 488 4409 coenis
503 4360 732 4425 Trajani‚
770 4361 944 4426 Epist.
970 4375 1045 4415 vt.
1066 4366 1147 4414 31.
1184 4362 1202 4391 ‘
1224 4363 1386 4429 Adhi-

444 4441 623 4507 Delplt.
646 4446 694 4492 et
722 4442 840 4496 γαν.
855 4443 987 4494 clas.

2375 426 2510 496 ¹737

1440 582 1696 635 bebamnr
1723 583 1956 650 quotidie
1990 599 2175 636 eoenae.
2237 583 2371 636 Erat
2401 594 2511 637 mo*

1441 662 1585 724 dica,
1603 663 1646 711 si
1671 663 1960 728 principem
1982 663 2202 726 cogites.
2234 663 2511 716 Interdum

1443 737 1722 805 ἀκροάματα
1742 740 2078 791 audiebamus
2097 755 2115 802 ς
2150 740 2413 790 interdum
2431 740 2514 805 jua-

1440 818 1769 869 cundissimis
1803 818 2126 869 sermonibus
2149 832 2251 868 nox
2283 815 2513 869 duceba-

1442 895 1567 946 tur.’
1630 895 1897 946 Martialis
1919 896 1986 945 de
2003 896 2126 945 bora
2150 895 2381 946 versibus
2403 896 2512 946 suis

1444 973 1749 1025 Domitiano
1773 971 2008 1038 legendis
2027 980 2168 1037 apta,
2190 986 2266 1024 tv.
2291 977 2340 1022 8.
2370 972 2389 1001 ‘
2403 974 2515 1023 Ho-

1443 1063 1503 1100 ra
1539 1049 1834 1098 libellorum
1872 1049 2077 1099 decima
2105 1056 2205 1111 est,
2228 1049 2516 1113 Euphane,

1444 1141 1698 1192 meorum,
1740 1127 2026 1190 Temperat
2072 1125 2348 1176 ambrosias
2392 1138 2515 1175 cum

1446 1211 1539 1254 tna
1572 1218 1699 1255 cura
1735 1204 1938 1268 dapes3
1991 1204 2060 1254 Et
2096 1202 2259 1254 bonus
2295 1202 2514 1255 aetherio

1443 1282 1654 1333 laxatur
1676 1287 1889 1330 nectare
1914 1279 2139 1341 Caesar3-
2157 1311 2172 1328 .
2204 1312 2220 1329 .
2253 1279 2399 1329 Tunc
2424 1279 2515 1327 ad-

1445 1356 1599 1407 mitte
1612 1355 1802 1420 jocos?
1864 1357 2006 1408 Plin.
2029 1356 2095 1406 de
2117 1356 2391 1421 Spurinnae
2410 1370 2517 1406 οω-

1442 1444 1531 1500 na,
1554 1435 1723 1500 Epist.
1747 1447 1838 1485 ιιι.
1863 1439 1913 1485 l.
1945 1441 1961 1465 ⁸
1979 1435 2303 1500 Frequenter
2324 1447 2515 1483 eomoec

1444 1512 1525 1562 dis
1559 1526 1705 1562 coena
1741 1510 2099 1575 distinguitur,
2127 1513 2187 1559 nt
2219 1511 2514 1573 voluptates

1445 1602 1655 1655 quoqne
1696 1586 1883 1639 studiis
1923 1584 2276 1639 condiantur.'
2310 1586 2515 1636 Plinius

1444 1665 1515 1716 de
1536 1679 1632 1717 sua
1653 1679 1825 1730 coena,
1848 1664 2019 1731 Epist.
2043 1678 2086 1714 1.
2116 1668 2198 1715 15.
2232 1661 2517 1714 ‘Audisses

1445 1744 1725 1803 comoedos,
1748 1745 1832 1794 vel
1863 1744 2136 1808 lectorem,
2168 1742 2255 1793 vel
2276 1741 2518 1806 lyristen,

1445 1821 1552 1884 vel,
1567 1836 1681 1886 quae
1703 1835 1819 1871 mea
1840 1819 2152 1884 liberalitas,
2175 1819 2390 1869 omnes.'
2440 1817 2516 1868 A·

1445 1896 1521 1947 lio
1544 1905 1803 1962 tempore,
1824 1898 1995 1963 Epist.
2018 1911 2099 1948 ιι.
2117 1900 2202 1947 40.
2225 1902 2243 1926 ⁴
2263 1897 2387 1947 Non
2401 1895 2518 1960 jam

1447 1974 1708 2036 eomoedo,
1729 1975 1814 2025 vel
1836 1975 2058 2040 lyristae,
2080 1981 2198 2038 post
2221 1987 2423 2024 emnam
2442 1972 2518 2022 lo·

1445 2048 1579 2101 cus?
1642 2050 1776 2102 Aliis
1813 2066 1938 2103 vero
1980 2050 2379 2102 convivantibus
2417 2048 2520 2100 ista

1447 2127 1737 2179 studiorum
1759 2117 2087 2178 ratio'minus
2104 2133 2253 2190 grata
2271 2125 2372 2176 fuit
2389 2140 2406 2187 ς
2425 2138 2522 2175 nn·

1445 2203 1517 2257 de
1538 2204 1683 2256 Plin.
1701 2206 1874 2270 Epist.
1899 2216 1981 2255 lx.
2006 2208 2089 2254 1⁷.
2123 2209 2140 2234 ⁸
2160 2202 2329 2255 Quam
2349 2201 2521 2265 multi,

1445 2297 1566 2334 cnm
1589 2283 1777 2346 lector,
1793 2288 1886 2333 aut
1902 2283 2132 2347 lyristes,
2147 2286 2238 2331 aut
2251 2279 2520 2330 cosnoedua

1448 2352 1703 2411 inductus
1750 2365 1849 2418 est,
1895 2359 2118 2430 calceos·
2145 2362 2383 2423 poscunt,
2428 2363 2522 2408 aut

1450 2449 1640 2501 magno
1657 2450 1779 2486 cuns
1790 2435 1947 2487 taedio
1962 2434 2216 2486 recubant
2228 2434 2264 2484 l'
2281 2433 2524 2486 &swan-z.

1517 2514 1698 2564 Brevis
1717 2514 1933 2578 somnus]
1975 2513 2055 2563 Ex
2080 2512 2362 2562 Homerico
2385 2526 2521 2575 prse-

1450 2596 1612 2653 cepto
1633 2607 1646 2639 t
1672 2590 1746 2641 Οὔ
1766 2588 1864 2654 χρὴ
1889 2587 2155 2653 παννύχιον
2174 2587 2325 2639 «fiseo
2342 2591 2524 2647 βουλη·
2587 2653 2595 2664 ⁸

1451 2664 1606 2731 φόρον
1623 2666 1784 2733 ἄνδρα.
1839 2668 2062 2718 ,θεάσαιο
2080 2671 2168 2717 est>
2189 2671 2340 2717 totam
2369 2669 2522 2717 recto·

1449 2759 1557 2796 rein
1573 2748 1775 2795 umere
1792 2748 1992 2795 mum.
2026 2743 2175 2808 Lips-

1517 2822 1721 2885 Tempu
1763 2818 2042 2884 angustius]
2113 2819 2162 2870 1.
2197 2832 2248 2869 e.
2291 2817 2521 2869 brevius.

1450 2898 1693 2962 Bebrius,
1717 2896 2060 2954 (ledonensis,
2092 2894 2278 2967 maluit
2298 2895 2411 2945 boec
2443 2895 2523 2944 in-

1450 2974 1756 3040 terpretari,
1772 2981 1862 3025 aut
1886 2988 1980 3038 pro
2005 2974 2087 3023 bis
2110 2986 2383 3037 reponere,
2403 2977 2525 3022 tem-

1444 3066 1543 3118 ptas
1569 3052 1728 3115 magis
1749 3051 1981 3111 anxium,·
2009 3048 2170 3114 forte,
2192 3050 2270 3100 uti
2292 3049 2380 3099 alii
2402 3063 2524 3100 anc-

1452 3138 1596 3181 tores
1620 3130 1822 3193 dieunt,
1837 3143 1916 3179 res
1935 3133 2189 3191 angustos,
2203 3126 2417 3178 animum
2435 3142 2524 3178 on-

1447 3196 1666 3271 ganam,
1697 3206 1754 3256 in
1785 3206 2025 3269 augustiis
2051 3204 2253 3256 versort'.
2322 3206 2432 3256 Cic.
2456 3205 2525 3257 de

1453 3278 1610 3334 Orat.
1628 3296 1671 3332 1.
1684 3287 1731 3335 1.
1747 3288 1763 3312 ‘
1783 3283 1850 3333 In
1862 3283 1943 3334 bis
1957 3283 2040 3332 vel
2055 3283 2423 3347 asperitatibus
2443 3296 2528 3333 re·

1454 3373 1585 3418 rum,
1610 3359 1693 3410 vel
1715 3359 1967 3424 angustiis
1987 3359 2254 3424 temporis,
2269 3358 2529 3424 obseqnas⁸

1453 3437 1644 3488 studiis
1663 3437 1889 3488 nostris!
1911 3437 2016 3488 Sed
2041 3437 2249 3502 propria
2271 3436 2528 3501 significa·

1454 3515 1533 3573 tiq
1554 3515 1698 3565 vocis
1718 3515 1989 3578 angustius,
2012 3528 2109 3581 pro
2131 3515 2335 3580 brevius,
2358 3513 2524 3577 magis

1451 3592 1539 3642 bic
1581 3594 1751 3643 locum
1787 3592 1965 3644 babet.
2029 3593 2112 3642 Ex
2136 3605 2389 3642 consensu
2417 3605 2527 3640 om·

1453 3670 1595 3720 nium
1639 3669 1876 3721 codicum
1918 3670 2047 3719 Mss.
2085 3674 2141 3718 et
2177 3668 2524 3732 antiquiorum

1452 3746 1777 3812 quarundam
1793 3746 2098 3808 editionum,
2120 3744 2415 3808 transposui
2431 3743 2525 3793 has

1455 3838 1626 3886 voces,
1651 3838 1768 3888 quae
1806 3823 2011 3872 inverso
2045 3820 2228 3870 ordine
2260 3821 2419 3883 vulgo
2448 3820 2527 3870 le-

1455 3907 1669 3965 guntur,
1689 3899 1943 3962 angustius
1968 3904 2168 3961 tempus.
2204 3897 2460 3948 Schwarz.

1521 3978 1658 4028 Car.
1703 3992 1752 4027 ῐ..
1795 3978 1866 4026 Ut
1897 3973 2182 4041 participes]
2239 3975 2287 4025 1.
2327 3988 2379 4025 e.
2412 3980 2528 4024 tan-⁶

1456 4068 1611 4121 quam
1635 4063 1904 4105 consortes
1929 4061 1984 4104 et
2003 4051 2338 4116 συνδεσπόται,
2362 4053 2450 4118 qui
2473 4053 2528 4103 in

1456 4138 1663 4197 partem
1677 4131 1812 4196 juris
1829 4145 1997 4203 rerum
2018 4139 2222 4182 tuarum
2240 4131 2528 4194 veniamus,

1456 4209 1628 4261 veluti
1648 4208 1802 4259 liberi
1839 4208 2098 4258 habentur
2129 4209 2415 4273 participes
2437 4222 2530 4272 pa-

1461 4293 1687 4337 rentum.
1750 4286 1840 4337 Sic
1875 4285 2222 4337 Menedemus
2259 4286 2531 4336 Terentia-

1459 4377 1576 4421 nus,
1625 4363 1821 4416 Heaut.
1867 4369 2004 4433 1.¹l.
2045 4367 2130 4414 98.
2174 4361 2336 4414 filium
2376 4368 2537 4413 vocat
2613 4398 2619 4403 -

1261 4444 1451 4508 Paneg.
1480 4443 1593 4495 Vet-

2281 4440 2398 4491 ΒΑ
