3017 4942
453 309 584 377 508

453 469 662 520 ‘hostes
697 468 750 519 in
776 481 958 518 manus
994 466 1211 528 venire‚'
1245 467 1334 532 qui
1367 465 1517 517 nobis

457 547 594 598 obvii
619 546 829 608 dantur,
863 555 919 596 et
947 547 1150 607 copiam
1177 544 1376 596 faciunt
1401 559 1523 595 con·

457 624 664 673 serendi
702 638 929 672 manum.
999 623 1083 671 Ita
1108 623 1265 672 etiam
1293 622 1525 687 loquitur

460 701 670 751 Sallust.
692 701 814 763 Jug.
840 712 1080 749 nxxxrx.
1107 703 1154 749 l.
1219 699 1235 727 ⁸
1254 698 1333 748 Ac
1356 699 1524 762 primo

460 777 742 827 mediocria
756 777 972 839 gerebat
994 777 1194 838 consul,
1208 777 1527 840 existimans,

457 854 792 918 Jugurtham,
815 855 881 904 ob
907 868 1026 903 suos
1055 852 1321 916 tutandos,
1342 853 1393 903 in
1416 868 1524 902 ma-

463 946 559 982 nus
597 929 911 982 venturum?
978 929 1154 994 Atque
1190 928 1335 979 idem-
1360 943 1434 981 cr.
1471 934 1524 979 Δ.

466 1009 672 1059 ‘Ceteri
708 1008 900 1059 in·loco
925 1015 1211 1063 manentes,
1243 1007 1310 1056 ab
1334 1007 1527 1072 jaculis

465 1084 664 1135 eminus
702 1086 896 1135 emissis
927 1099 1118 1149 corpus
1155 1092 1356 1146 tegere,
1390 1091 1460 1146 et,
1483 1084 1526 1134 si

464 1162 552 1225 qui
587 1161 640 1210 in
669 1176 850 1212 manus
881 1168 1148 1226 venerant,
1173 1159 1529 1211 obtruncare.’

465 1237 708 1288 Schwarz.

533 1315 638 1363 Neo
667 1312 825 1389 modo]
860 1315 962 1365 Res
999 1315 1115 1379 ipsa
1151 1314 1419 1381 requirere
1457 1313 1528 1363 vi·

468 1390 710 1453 debatur,
746 1397 804 1439 ut
842 1391 917 1441 sic
953 1391 1288 1447 scriberetur.
1309 1407 1414 1448 nec,
1435 1406 1529 1440 non

466 1470 617 1517 modo.
652 1502 659 1507 -
685 1466 859 1532 Atque
889 1467 961 1517 ita
985 1469 1143 1518 etiam
1168 1467 1530 1518 excudendum

469 1545 673 1594 curavit
696 1544 995 1595 Gesnerus..
1046 1545 1168 1602 Sed,
1189 1547 1385 1608 nescio,
1405 1560 1531 1610 quo·

467 1621 620 1671 modo
664 1622 811 1685 iliud,
842 1637 927 1671 uec
957 1637 1052 1671 nou
1084 1624 1237 1685 modo,
1271 1621 1532 1685 ingratum

471 1698 697 1749 accidat*
716 1699 959 1760 auribus3
992 1699 1093 1748 nisi
1116 1697 1256 1747 forte
1279 1699 1535 1761 particula

466 1789 582 1837 uon,
604 1789 634 1824 a
663 1775 872 1839 reliquis
908 1775 1166 1837 sejuncta,
1199 1774 1403 1823 demum
1427 1775 1535 1824 col-

467 1853 674 1901 locetur
728 1858 850 1901 ante
903 1850 1118 1901 verbum
1188 1851 1534 1913 perhorrescat.-

470 1928 760 1985 Praeterea,
815 1934 1073 1991 quotquot
1119 1927 1268 1977 nobis
1312 1926 1535 1991 contigit

470 2001 709 2053 conferre
745 2003 895 2067 hujus
926 2003 1240 2067 Panegyrici
1273 2005 1532 2068 exempla·

472 2081 568 2142 ria,
588 2095 740 2130 mauu
779 2082 1024 2145 typisque
1048 2081 1347 2145 exscripta3
1378 2097 1440 2130 ea
1463 2082 1535 2132 al·

472 2163 637 2206 teram
692 2158 831 2209 illam
889 2158 1200 2223 particulam
1255 2166 1534 2221 negantem

470 2248 566 2283 noa
589 2234 826 2283 omisere.
875 2234 1028 2286 Quod
1051 2234 1091 2284 si
1112 2235 1344 2284 audimus
1368 2250 1535 2298 gram-

470 2310 691 2359 maticos
712 2311 1046 2375 criticosque,
1060 2311 1172 2359 haec
1195 2312 1304 2375 ipsa
1324 2311 1537 2377 ἔλλειψις

471 2387 684 2450 optimis
738 2387 1028 2452 quibusque
1085 2388 1290 2438 Latiuoe
1347 2391 1535 2452 linguae

474 2461 773 2511 auctoribus
831 2469 911 2510 est
958 2477 1207 2527 perquam
1250 2463 1536 2516 familiaris.

475 2539 700 2596 Etenim,
723 2554 816 2588 non
838 2542 992 2600 modo,
1024 2554 1118 2602 pro
1151 2556 1242 2589 nou
1269 2544 1402 2591 modo
1423 2557 1538 2608 non,

477 2629 619 2679 saepe
643 2615 781 2678 apud
825 2621 1032 2664 veteres
1062 2616 1183 2679 legi,
1221 2630 1336 2665 crim
1364 2620 1538 2668 oratio

476 2692 636 2741 dubia
671 2707 771 2743 non
807 2692 894 2753 sit,
928 2692 1084 2742 variis
1119 2694 1369 2757 exemplis
1397 2710 1539 2745 com-

475 2768 760 2831 probarunt
793 2769 1034 2819 Muretus
1070 2771 1192 2819 Var.
1228 2771 1377 2821 Leet.
1409 2786 1466 2822 x.
1491 2777 1556 2823 7..

476 2846 748 2894 Manutius
773 2846 839 2896 ad
876 2847 989 2896 Cic.
1013 2848 1161 2897 Fam.
1186 2862 1225 2898 1.
1249 2853 1299 2898 9.
1349 2850 1541 2898 Bosius

477 2922 543 2970 ad
569 2923 736 2986 Epist.
775 2922 838 2971 ad
874 2922 1039 2972 Attic.
1073 2938 1152 2973 ιν.
1181 2929 1230 2974 2.
1299 2925 1560 2976 Graevius.

477 3000 541 3060 ad
565 2999 716 3048 Orat.
737 3000 800 3047 ad
825 2999 1054 3050 Quirites
1074 3008 1193 3062 post
1218 3002 1394 3052 Redit.
1425 3017 1554 3065 cape

476 3079 526 3125 4.
571 3076 814 3125 Sanctius
841 3076 890 3124 in
916 3077 1142 3125 Minerv.
1163 3091 1280 3140 cap.
1301 3082 1350 3128 7.
1387 3079 1543 3128 Com-

476 3160 794 3201 mentatores
815 3151 878 3200 ad
896 3151 931 3202 J
938 3152 1086 3201 ustin.
1112 3167 1194 3202 lx.
1215 3157 1260 3203 2.
1286 3157 1385 3205 διο.
1420 3157 1540 3205 Mu-

475 3236 620 3277 retus
653 3242 797 3289 vero,
830 3237 1101 3292 postquam
1137 3232 1263 3279 hauc
1295 3231 1556 3295 loquendi.

475 3304 731 3353 rationem
768 3304 922 3353 variis
956 3308 1210 3370 exemplis
1235 3308 1543 3370 comproba·

476 3387 589 3429 rat:
625 3380 793 3430 ‘Haec
826 3380 1035 3445 omnia,’
1070 3382 1261 3447 inquit,
1295 3387 1309 3412 ‘
1335 3385 1556 3449 aliaque-

477 3454 711 3519 ejusde'm
743 3457 950 3519 generis
976 3457 1214 3520 plurima,
1236 3459 1307 3508 ita
1333 3458 1384 3508 in
1410 3461 1543 3511 auti-

478 3534 738 3599 quissimis
764 3535 909 3584 libris
932 3535 1132 3598 scripta
1145 3543 1293 3597 sunt;
1329 3553 1560 3602 quorum.

478 3619 681 3663 tantum
701 3627 1011 3662 consensum
1037 3628 1132 3678 pro
1155 3615 1314 3664 nihilo
1339 3624 1545 3679 putare,

477 3688 694 3738 bominis
719 3703 832 3739 esse
855 3690 1062 3752 ingenio
1095 3706 1187 3740 suo
1219 3692 1543 3755 praefidentis

478 3771 643 3827 puto:
677 3767 965 3827 praesertim
988 3779 1103 3817 cum
1139 3767 1313 3816 Graeci
1337 3783 1543 3833 quoque

479 3841 556 3890 ita
579 3841 875 3905 loquantur,
905 3841 1042 3905 apud
1067 3857 1213 3907 quos,
1236 3844 1333 3906 οὐχ
1362 3844 1452 3903 ὅτι,
1475 3845 1544 3907 μὴ

478 3915 569 3979 ὅτι,
603 3917 699 3979 οὐχ
734 3915 875 3979 ὅπως,
905 3917 1168 3969 interdum
1217 3921 1411 3978 valent,
1449 3937 1545 3971 non

477 3994 626 4042 solum
638 4009 659 4050 ,·
677 3993 958 4053 interdum,
969 4010 1062 4044 non
1076 3996 1222 4044 solum
1239 3996 1367 4046 non!
1389 3998 1543 4050 Quod

481 4079 537 4120 et
557 4070 755 4132 docuit,
790 4075 845 4119 et
871 4072 1044 4120 multis
1086 4075 1542 4134 praestantissimo·

480 4160 592 4196 rum
617 4147 928 4207 scriptorum
948 4148 1256 4199 testimoniis
1271 4149 1545 4202 confirma·

480 4223 558 4273 vit
580 4220 887 4279 Guilielmus
918 4222 1147 4274 Budaeus
1177 4224 1231 4274 iu
1270 4226 1544 4279 Commen-

1149 322 1367 372 NO'I'AE
1415 320 1823 371 VAltloRUM
1876 320 1951 369 m

1594 465 1742 515 tariis
1770 464 1989 529 Linguae
2013 463 2234 514 Graecoe.
2269 465 2421 515 Idem.

1633 543 1921 592 ·Ooalorum
1973 542 2139 606 etiam]
2185 542 2318 592 Haec
2376 540 2534 591 verba
2577 541 2660 591 ita

1594 619 1859 669 commode
1886 621 2199 682 transposita
2221 617 2661 680 deprehendimus

1595 697 1648 747 in
1692 697 1925 747 omnibus
1966 695 2231 746 codicibus
2271 696 2402 744 Mss.
2443 707 2561 743 eum
2605 693 2660 742 in

1598 774 1820 836 vulgatis
1845 773 1989 823 libris
2016 773 2241 835 legamus
2267 774 2351 820 sed
2375 771 2524 820 etiam
2544 783 2686 819 ocu-2

1597 852 1764 900 lorum.
1829 848 2203 913 ‘conjectum’
2247 855 2420 898 atatem
2456 848 2663 897 ‘oculo-

1599 939 1711 977 rum
1750 926 1887 976 ferre
1921 940 2025 975 non
2068 924 2256 990 posse,'
2292 924 2426 974 dixit
2447 925 2659 974 Curtius

1599 1017 1685 1053 rx.
1704 1008 1754 1054 7.
1819 1004 1909 1054 Sic
1936 1012 1992 1054 et
2028 1004 2274 1060 Pacatus,
2298 1002 2528 1052 imitator
2551 990 2663 1051 ms·-

1600 1079 1689 1134 nii,
1715 1080 1908 1143 Paneg.
1935 1093 2051 1143 cap.
2074 1083 2157 1129 31.
2188 1079 2204 1108 ‘
2223 1078 2308 1128 An
2329 1078 2588 1127 sustinere
2609 1082 2685 1127 te:

1602 1155 1812 1219 coram,'
1849 1157 2038 1221 inquit,
2070 1156 2087 1183 ‘
2110 1157 2164 1205 et
2205 1157 2364 1205 solum
2398 1155 2688 1204 oculorum.

1601 1238 1803 1282 tuorum
1827 1232 1967 1283 ferre
1990 1233 2282 1296 conjectum
2307 1233 2391 1282 ille
2414 1263 2427 1278 .
2447 1268 2459 1281 .
2478 1262 2492 1279 .
2513 1238 2667 1294 potu⁴

1600 1309 1728 1359 isset
1741 1309 1778 1358 ?’
1847 1308 2044 1360 Confer
2067 1310 2298 1374 Lipsium
2321 1315 2377 1358 et
2399 1307 2661 1358 Raudium

1604 1387 1668 1436 ad
1691 1387 1742 1437 h.
1765 1388 1802 1435 1.
1837 1388 1996 1436 Idem.

1617 1498 1622 1503 ·
1673 1464 1929 1513 Oculorum
1964 1462 2249 1526 conjectum]
2282 1461 2503 1512 Caesaris
2545 1461 2688 1513 titus.

1604 1542 1705 1602 lus,
1740 1543 1755 1568 ‘
1772 1541 1929 1604 Veni,
1951 1541 2077 1605 vidi,
2095 1539 2236 1604 vici‚’
2279 1541 2421 1590 Suet.
2445 1552 2563 1602 cap.
2583 1541 2668 1587 37.

1605 1617 1621 1646 ‘
1643 1618 1903 1668 viderent
1925 1618 2078 1668 modo
2106 1616 2449 1678 adversarios,
2483 1621 2543 1664 et
2579 1614 2691 1663 ad··

1606 1696 1933 1759 spicerentur
1974 1695 2029 1743 id
2076 1694 2201 1744 satis
2248 1692 2314 1742 ad
2355 1688 2669 1748 victoriam,’

1604 1774 1775 1823 Tacit.
1803 1773 1940 1823 Anu.
1963 1787 2053 1823 tn.
2075 1777 2158 1823 45.
2194 1770 2478 1821 ‘Samnites
2503 1770 2690 1821 inter-.

1608 1851 1791 1912 rogati.
1829 1866 1945 1915 quae
1989 1865 2170 1901 caussa
2204 1864 2293 1899 eos
2336 1849 2579 1897 movisset
2616 1848 2671 1897 in

1608 1924 1819 1989 fugam?
1853 1927 2078 1992 aiebant,
2101 1927 2276 1976 oculos
2294 1925 2388 1974 sibi
2420 1925 2673 1974 Romanoa

1609 2017 1719 2053 rum
1744 2003 1929 2054 ardere
1962 2004 2116 2060 visos,
2148 2015 2466 2067 vesanosque
2500 2000 2673 2050 vultus

1608 2087 1665 2129 et
1688 2079 1916 2131 furentia
1940 2095 2063 2132 ora:
2100 2080 2220 2129 inde
2259 2081 2391 2143 plus,
2429 2093 2582 2142 quam
2601 2091 2674 2127 ex

1611 2157 1713 2206 alia
1736 2157 1841 2206 ulla
1864 2171 1937 2219 re,
1961 2157 2173 2208 terroris
2199 2154 2403 2219 ortum,'
2430 2155 2544 2203 Liv.
2567 2167 2678 2203 vu.

1609 2236 1719 2297 88..
1746 2233 1848 2283 Adi
1872 2235 2030 2284 Grut.
2057 2234 2291 2282 Discurs.
2312 2245 2441 2283 xm.
2476 2231 2633 2284 Rern.
2661 2250 2671 2264 ··

1678 2311 1910 2361 Proxima
1931 2304 2273 2374 moderatione]
2297 2311 2382 2359 De
2402 2309 2598 2373 priore,-
2611 2310 2675 2357 ut

1612 2387 1858 2451 arbitror,
1884 2390 1934 2438 iu
1960 2389 2135 2438 Dacos
2156 2387 2491 2450 expeditione
2508 2384 2675 2450 loqui-

1615 2473 1715 2527 tur,
1759 2480 1861 2529 qua
1908 2465 2204 2515 Decebalus
2250 2463 2316 2512 ab
2360 2463 2675 2525 imperatore

1614 2543 1857 2607 primum,
1885 2557 1947 2590 ac
1984 2548 2102 2604 post
2140 2541 2328 2604 legatis
2363 2541 2576 2588 Romam
2599 2538 2695 2593 di-,

1616 2620 1785 2669 missis
1818 2619 1883 2668 ab
1919 2626 2108 2667 senatu
2144 2632 2323 2680 pacem
2355 2617 2676 2678 impetrarim

1613 2698 1744 2749 Quae
1775 2701 2062 2760 sequuntur
2097 2704 2290 2755 tamen,
2320 2693 2386 2742 de
2423 2691 2690 2741 modestia.

1614 2774 1730 2836 capi
1754 2773 2030 2832 suaserint,
2062 2786 2163 2835 qua
2194 2770 2464 2833 imperium
2488 2768 2693 2830 Traja-⁴

1614 2864 1710 2897 nus
1736 2864 1891 2912 aegre,
1922 2863 1984 2898 ac
2016 2847 2105 2896 diu
2129 2850 2403 2897 cunctatus
2426 2846 2676 2911 suscepit.

1616 2926 1778 2975 Livia.

1683 3001 1920 3050 Proxima
1943 3000 2285 3064 moderatione]
2324 3001 2454 3050 Cum
2478 3000 2544 3049 ad
2572 3001 2680 3050 Da-

1618 3077 1829 3128 nubium
1868 3078 2097 3141 sederes,
2134 3087 2309 3128 certus
2347 3078 2599 3136 victoriae,
2632 3076 2678 3126 si

1621 3154 1906 3203 transisses.
1938 3154 2075 3217 Lips.
2665 3170 2680 3197 s

1639 3262 1646 3269 ‹
1684 3230 1920 3279 Proxima
1948 3230 2290 3294 moderatione]
2323 3232 2486 3282 Modo
2510 3231 2692 3288 dicta„

1619 3321 1719 3370 qua
1761 3323 1792 3356 a
1838 3308 2070 3356 Danubii
2110 3310 2329 3361 transitu
2362 3309 2681 3372 abstinuisti,

1618 3383 1744 3431 licet
1769 3382 2001 3432 victorias
2025 3396 2255 3433 securus.
2289 3385 2513 3439 Patarol.

1684 3459 1820 3509 cn.
1852 3472 2017 3508 xvm.
2082 3458 2375 3524 Speciosam]
2410 3462 2443 3509 i.
2479 3476 2525 3510 e.
2572 3462 2686 3524 pul·

1618 3534 1820 3598 chrum,
1843 3535 2061 3592 illustre,
2085 3536 2345 3585 eximium.
2403 3536 2554 3588 Quod
2580 3534 2683 3586 ἐπί-

1616 3616 1756 3663 θετον
1788 3627 1889 3662 non
1926 3613 2087 3675 magis
2124 3614 2377 3676 personis,
2412 3629 2563 3679 quam
2602 3630 2698 3673 req

1620 3689 1731 3747 bus,
1770 3689 2034 3738 convenit.
2102 3691 2254 3741 Quod
2304 3692 2367 3739 ad
2416 3706 2694 3754 personas,v

1619 3767 1696 3816 sic
1730 3766 2085 3819 Quinctiliano
2117 3764 2293 3817 Instit.
2326 3767 2478 3816 Orat.
2506 3781 2605 3818 vn.
2628 3772 2699 3819 4..

1618 3841 1919 3892 Alcibiades
1963 3840 2156 3897 dicitur
2188 3840 2373 3891 ‘homo
2411 3844 2696 3905 speciosis-2

1618 3917 1811 3973 simus,’
1845 3917 2096 3967 Petronio
2120 3932 2236 3980 cap.
2255 3921 2368 3968 140.
2403 3927 2416 3948 ⁸
2439 3919 2543 3970 filia
2564 3936 2685 3986 spe-⁶

1617 3994 1933 4059 ciosissima,’
1986 3995 2021 4044 i.
2058 4010 2105 4044 e.
2156 3995 2521 4058 pulcherrima.
2598 4000 2694 4049 De.

1617 4074 1774 4124 rebus
1820 4079 2039 4135 usurpat
2093 4073 2282 4135 saepius
2340 4082 2521 4123 auctor
2565 4090 2683 4125 nos·

1618 4157 1729 4212 ter3
1780 4164 1829 4201 v.
1873 4165 1921 4212 g.
1958 4149 2126 4212 Epist.
2165 4163 2255 4198 ιιι.
2302 4155 2384 4200 21.
2428 4156 2443 4180 ⁴
2472 4153 2683 4207 Nostris

1620 4239 1768 4276 vero.
1798 4224 2135 4289 temporibus,
2184 4235 2245 4276 ut
2296 4226 2397 4275 alia
2442 4227 2683 4292 speciosa
