3017 4942
773 376 838 424 o.
887 374 1127 426 eumn
1177 373 1511 425 saeuum
1562 369 1837 423 ranno.
1892 357 2098 449 ·1.83.

333 532 511 570 cessus
531 517 547 541 '
593 520 880 584 generatim
919 520 1088 570 locum
1130 525 1280 570 notat
1323 533 1403 569 se-

334 601 540 645 cretum
594 602 650 645 et
701 594 1055 659 tranquillum.
1121 594 1291 644 Tacit.
1334 594 1403 644 de

335 669 550 721 Orator.
588 685 705 735 cap.
741 674 821 720 13.
859 670 926 721 de
965 671 1173 734 privata
1193 670 1404 733 Virgilii

333 746 491 798 Vitae
535 748 719 798 ‘Malo
763 761 1000 797 securum
1046 754 1102 796 et
1144 753 1403 797 secretum

330 823 537 888 Virgilii
560 824 856 875 secessum.’
922 824 1099 877 Quid?
1134 824 1270 889 quod
1304 824 1403 875 hoc

329 901 453 952 loco
497 903 771 952 ‘secessus
810 901 1011 951 intimi'
1059 907 1244 952 notant
1281 902 1401 951 inti-

331 992 448 1047 mas
494 984 690 1042 partes,
731 977 841 1028 sive
882 980 1063 1028 intima
1113 978 1400 1036 conclavia,

332 1053 516 1117 palatii
542 1055 852 1118 principum.
884 1055 1090 1104 Etenim
1115 1057 1263 1120 qnasi
1286 1071 1401 1119 gra·

330 1129 496 1180 datim
525 1132 764 1195 procedit
788 1131 1025 1194 Plinius;
1060 1133 1279 1195 primum
1304 1133 1399 1196 ait,

324 1221 570 1271 maguam
615 1208 877 1259 fortunam
922 1210 1194 1259 recludere
1237 1212 1401 1259 domos

331 1285 658 1349 principum;
693 1285 881 1335 deiude
913 1287 1146 1351 cubicula,
1180 1287 1213 1335 i.
1235 1302 1282 1335 e.
1323 1289 1399 1336 in·

289 1378 294 1381 ·
331 1362 556 1412 teriores
588 1371 767 1427 partes
803 1363 1018 1427 palatii3
1054 1372 1182 1425 tum,
1204 1365 1400 1414 intimos

328 1452 557 1499 secessus,
576 1440 626 1487 h.
648 1454 697 1488 e.
721 1439 927 1488 intimas
950 1448 1145 1503 partes,
1165 1453 1254 1489 seu
1279 1441 1397 1491 inti·

328 1529 413 1567 ma
457 1516 722 1567 conclavia
773 1517 971 1579 palatii.
1038 1519 1206 1568 Erant
1260 1520 1396 1568 enim

327 1604 430 1640 non
456 1597 655 1641 tantum
691 1591 940 1655 ‘primae,’
973 1593 1065 1641 sed
1097 1601 1154 1643 et
1186 1594 1201 1622 ‘
1221 1594 1397 1663 iuteri-

327 1667 487 1732 ores,'
518 1675 674 1734 atque
696 1676 711 1698 ‘
729 1669 924 1718 iutimae
948 1668 1155 1732 partes’
1178 1669 1398 1731 aedium3

324 1742 380 1794 in
403 1758 532 1809 quas
557 1744 828 1794 interiores
854 1753 911 1795 et
942 1746 1152 1796 intimas
1187 1746 1397 1799 secede-

325 1821 475 1878 bant,
498 1829 554 1871 et
576 1838 691 1887 quae
723 1829 868 1872 recte
898 1837 1104 1873 secessus
1126 1822 1229 1873 dici
1253 1830 1396 1886 pote·

324 1904 481 1960 raut3
515 1900 592 1947 uti
639 1905 694 1948 et
736 1905 971 1948 ‘secreta
1012 1898 1197 1949 domus
1242 1898 1396 1963 pars’

325 1973 518 2029 ‹lt-itur
543 1976 793 2027 Quinctil.
818 1976 1056 2025 Declam.
1080 1990 1119 2025 1.
1144 1980 1225 2026 16.
1292 1977 1394 2027 Ne·

324 2065 421 2115 pos
468 2050 689 2101 Praefat.
721 2052 922 2115 ‘Cujus
964 2058 1134 2101 mater
1175 2050 1398 2102 familias

321 2141 427 2176 non
484 2128 703 2192 primum
760 2130 929 2179 locum
986 2135 1134 2178 tenet
1189 2129 1397 2180 aedium.

324 2204 484 2256 Quod
502 2206 663 2255 multo
679 2206 833 2256 aliter
848 2206 910 2256 fit
933 2205 985 2255 in
1011 2206 1243 2268 Graecia3
1276 2220 1394 2255 nam

321 2295 499 2346 nequo
534 2281 704 2338 sedet,
742 2283 841 2332 nisi
877 2282 929 2332 in
968 2283 1217 2333 interiore
1245 2291 1395 2347 parte

320 2356 554 2420 aedium,'
586 2362 686 2408 διο.
754 2359 867 2408 Cic.
892 2360 1045 2408 Verr.
1069 2372 1105 2408 r.
1128 2363 1210 2409 20.
1246 2366 1260 2388 ·
1279 2359 1394 2423 Sig-

319 2450 446 2487 num
481 2436 533 2485 in
574 2436 768 2486 intimis
802 2437 908 2485 suis
945 2436 1145 2486 aedibus
1185 2434 1395 2500 posuit,’

303 2513 359 2563 ·i.
383 2528 433 2564 e.
466 2513 519 2563 in
544 2513 737 2565 intimis
762 2515 1002 2578 partibus
1033 2515 1144 2563 sive
1177 2513 1393 2564 secessi-

317 2591 418 2641 bus
439 2592 647 2643 edium.
715 2593 929 2642 Terent.
953 2591 1143 2641 Heaut.
1167 2603 1221 2640 v.
1246 2595 1291 2639 1.
1313 2594 1395 2640 29.

318 2672 334 2695 ‘
352 2667 449 2715 Est
473 2666 595 2715 mihi
620 2667 670 2715 in
696 2667 886 2717 ultimis
909 2667 1157 2716 conclave
1192 2666 1393 2715 aedibus

318 2740 581 2807 quoddam
617 2751 793 2806 retro;
823 2743 925 2793 linc
963 2751 1047 2793 est
1079 2742 1220 2792 iutro
1259 2744 1391 2793 latus

316 2816 526 2868 lectus.'
592 2817 680 2868 Ad
719 2834 872 2884 quem
913 2820 1084 2869 locum
1118 2819 1389 2869 Donatus:

316 2894 336 2921 ⁸
354 2895 453 2944 Est
475 2902 647 2945 autem
670 2898 919 2946 conclave
941 2896 1231 2960 separatior
1245 2897 1391 2946 locus

317 2969 374 3019 iu
418 2970 753 3021 interioribus
791 2971 990 3024 tectis.’
1057 2973 1173 3022 Liv.
1212 2986 1301 3023 xl..
1339 2978 1389 3024 8.

315 3046 411 3097 nbi
434 3055 628 3107 narrat,
652 3050 976 3114 Philippum,
998 3063 1172 3113 regem
1206 3050 1390 3101 Mace-

317 3121 530 3189 donum,
560 3126 612 3174 in
645 3133 850 3176 secreto
880 3126 1040 3189 regiae
1075 3127 1189 3175 loco
1223 3127 1388 3191 inqui·

313 3200 497 3252 sivisse
533 3203 583 3251 in
620 3218 853 3253 caussam
875 3202 1236 3259 dissidentium
1259 3202 1388 3253 tilio-

312 3291 464 3327 rum:
499 3279 515 3307 ⁴
539 3278 809 3341 secessit,’
843 3279 1026 3342 inquit,
1062 3279 1146 3327 ‘in
1188 3288 1388 3341 partem

311 3352 617 3404 interiorem
659 3368 776 3404 cum
811 3353 1013 3403 duobus
1050 3354 1248 3417 amicis,
1284 3360 1390 3405 tot-

316 3428 457 3480 idem
503 3430 811 3481 custodibus
860 3429 1134 3495 corporis.’
1199 3430 1390 3481 Annon

312 3514 371 3559 et
408 3508 510 3559 iste
546 3524 776 3559 secessus
807 3516 925 3570 erat
958 3509 1134 3572 regite,
1159 3508 1210 3557 in
1237 3523 1388 3570 quem

313 3584 596 3636 secedebat
629 3584 944 3650 Philippus?
1006 3586 1253 3650 Denique
1290 3599 1391 3634 nec

311 3662 366 3712 id
393 3662 514 3713 mihi
542 3665 714 3726 placet
746 3663 798 3711 in
834 3662 1191 3713 Arutzeniana
1214 3676 1389 3711 emen-

311 3738 549 3804 datione,
571 3739 709 3804 quod
747 3746 872 3789 tunc
894 3738 1011 3788 dua·
1048 3737 1234 3798 ἀμέσως
1267 3752 1389 3787 con·

303 3816 600 3880 junguntur
626 3831 798 3876 voces,
828 3830 858 3864 a
889 3814 1089 3878 syllaba
1119 3830 1173 3864 re
1208 3814 1389 3878 incipi-

312 3900 483 3957 entes,
535 3908 743 3943 recessus
801 3892 1003 3942 recludit
1023 3907 1044 3949 ,·
1098 3891 1389 3956 cujusmodi

314 3985 627 4022 concursum
684 3970 896 4020 attribue
953 3982 1131 4032 parurn
1184 3978 1389 4031 gratum

311 4047 442 4098 alias
465 4046 845 4097 seduloevitat
864 4045 1084 4095 Plinius.
1129 4044 1231 4094 Hae
1257 4046 1389 4094 adeo

310 4130 436 4173 sunt
473 4123 577 4173 illae
624 4124 875 4186 rationes,
914 4121 1100 4185 quibus
1144 4121 1390 4172 inductus

311 4200 574 4263 vulgatam
606 4198 885 4248 lectionem
919 4212 1125 4247 secessus
1157 4198 1389 4248 retinen·

308 4273 430 4327 dam
454 4274 768 4327 existimavi.
802 4274 1069 4339 Ceterum,
1092 4274 1144 4325 in
1167 4276 1388 4341 sequ‘en·

2371 360 2533 430 1021

1478 517 1620 569 tibus
1647 517 1817 569 verbis
1839 515 2007 569 codex
2048 532 2193 569 meus
2226 522 2283 568 et
2315 517 2543 569 salibur-

1477 596 1651 660 gensis
1688 595 1882 647 habent
1904 596 2193 661 ,Omniaque
2235 610 2413 645 arcano
2458 611 2542 645 no-

1455 676 1624 724 ·tondo
1657 672 1810 734 samoe
1849 675 2103 738 ,προπίω
2144 689 2436 740 quanquam
2489 676 2544 723 iu

1475 750 1856 814 Salisburgensi
1890 751 1954 801 ab
1989 751 2092 801 alia
2123 766 2295 812 manu,
2334 766 2428 813 pro
2460 765 2544 800 no·

1475 830 1645 890 tanda,
1667 828 1951 892 repositum
1977 827 2047 877 sit
2069 829 2316 878 noscenda.
2341 827 2510 877 Idem.

1541 904 1747 955 Pennus
1769 905 1968 969 inspici]
2005 904 2205 954 Plinius
2239 911 2435 965 noster,
2476 904 2544 952 E-

1476 979 1602 1051 pist:
1627 993 1710 1030 vr.
1746 983 1828 1030 31.
1869 983 1884 1008 ‘
1905 979 2045 1032 Quid
2068 980 2366 1047 Juciiudius,
2389 992 2543 1043 quam

1476 1055 1726 1119 principis
1739 1055 2023 1118 justitiam,
2037 1057 2368 1119 gravitatem,
2385 1057 2543 1106 comi·

1475 1135 1659 1188 tatem,
1679 1132 1733 1180 in
1750 1146 1956 1181 secessu
1977 1127 2198 1197 quoque,
2214 1132 2304 1182 ubi
2321 1133 2543 1182 maxime

1475 1205 1834 1263 recluduntur,
1858 1208 2116 1270 inspicere
2136 1207 2175 1257 ?'
2208 1209 2359 1258 Idem.

1541 1283 1748 1334 Penii-us
1769 1284 1964 1348 inspici]
1993 1285 2270 1348 Proprium
2295 1287 2432 1335 omni
2454 1300 2542 1335 ve-

1472 1375 1548 1410 rae
1573 1361 1772 1424 virtuti,
1795 1378 1912 1426 quae
1939 1363 2048 1412 vult
2074 1363 2304 1413 tractari.
2336 1363 2475 1427 Lips.

1540 1437 1746 1501 Inspici]
1780 1442 1795 1467 ⁴
1814 1441 2012 1489 Drusus
2029 1440 2245 1502 cupiens
2263 1454 2378 1488 suas
2400 1440 2540 1489 aedes

1473 1513 1540 1563 ab
1584 1515 1818 1565 omuibus
1862 1514 2083 1579 inspici.’
2163 1514 2433 1565 Plutarch.
2487 1516 2540 1566 in

1472 1590 1734 1654 Praecept.
1769 1590 2010 1640 Politicis
2044 1605 2098 1655 p.
2121 1594 2236 1640 800.
2275 1590 2406 1640 Vell.
2441 1592 2540 1640 Pa-

1471 1675 1603 1718 tere.
1629 1681 1694 1718 n.
1718 1671 1797 1719 14.
1835 1669 1988 1719 Bern.
2528 1662 2534 1667 ’

1533 1744 1750 1810 Limine]
1783 1744 2101 1795 Domesticae
2143 1751 2202 1794 et
2246 1744 2540 1808 penetrales

1471 1828 1578 1871 tuae
1604 1824 1845 1885 virtutes,
1871 1835 2022 1885 pares
2049 1819 2271 1885 publicis
2294 1825 2384 1870 aut
2408 1818 2539 1884 pub·

1471 1897 1664 1947 licatis.
1697 1897 1836 1963 Lips.

1536 1975 1728 2025 Limine
1760 1975 1915 2039 tenes]
1950 1975 2098 2025 Beue
2131 1973 2245 2023 haec
2281 1974 2538 2037 iuterpre-

1470 2057 1615 2101 tatur
1637 2051 1814 2102 Ceva:
1851 2052 1960 2101 ‘Tu
1994 2051 2156 2100 multa
2190 2049 2395 2114 privato
2429 2050 2539 2100 lare

1470 2128 1729 2193 contegis,
1775 2142 1891 2192 quae
1934 2128 2150 2193 gloriam
2205 2133 2452 2190 augeant,
2495 2126 2540 2175 si

1469 2204 1905 2257 manifestentur!
1970 2207 2069 2269 Ea,
2098 2220 2216 2271 quse
2253 2205 2425 2254 limine
2462 2212 2540 2254 te·

1468 2283 1647 2340 nebat,
1681 2283 1793 2333 sive
1827 2283 2148 2346 continebat,
2184 2281 2453 2345 Trajanus‚
2487 2296 2541 2330 e·

1470 2364 1591 2411 ra'nt
1616 2375 1699 2410 res
1731 2361 2050 2413 domesticae.
2117 2358 2366 2410 ‘Limen'
2401 2358 2537 2407 enim

1468 2439 1817 2501 συνεκδοχικῶς
1854 2452 1951 2503 pro
1984 2438 2200 2502 palatio,
2235 2452 2329 2489 seu
2367 2435 2540 2500 domo,

1467 2514 1752 2579 aliquando
1787 2521 1845 2564 et
1884 2529 1978 2578 pro
2010 2513 2269 2576 cubiculo,
2305 2514 2538 2576 ponitur.

1445 2591 1585 2641 ‘Cic.
1622 2589 1792 2642 Attic.
1821 2604 1925 2640 vn.
1950 2594 2042 2640 12.
2074 2591 2184 2640 ‘Ut
2220 2590 2422 2649 scribis,
2445 2589 2539 2640 do·

1466 2669 1695 2719 mesticis
1720 2676 1774 2720 te
1795 2669 1984 2721 finibus
2002 2670 2183 2727 tenes,'
2217 2670 2251 2719 i.
2268 2684 2316 2719 e.
2334 2669 2537 2718 domes-

1469 2745 1574 2796 tica
1621 2752 1835 2810 tractas,
1877 2760 1981 2797 non
2033 2745 2266 2811 publica.
2336 2744 2536 2794 Plinius

1465 2832 1663 2888 noster,
1708 2825 1879 2889 Epist.
1924 2839 2007 2875 ιι.
2052 2829 2132 2875 13.
2179 2820 2304 2873 ‘M'e
2348 2838 2536 2874 recens

1466 2899 1636 2951 adhuc
1658 2901 1825 2959 luctus
1847 2901 2022 2950 limine
2045 2897 2322 2950 continet.'
2369 2898 2538 2961 Idem,

1465 2977 1637 3039 Epist.
1673 2990 1775 3027 vn.
1810 2981 1892 3027 23.
1939 2977 2149 3037 ‘Illum,
2190 2980 2246 3025 et
2285 2974 2441 3031 domi,
2478 2982 2537 3024 et

1464 3052 1604 3101 intra
1636 3051 1860 3110 domum,
1885 3059 2044 3118 atque
2081 3051 2238 3102 etiam
2274 3051 2413 3100 intra
2447 3064 2535 3099 cu-

1463 3126 1625 3176 biculi
1657 3128 1834 3186 limen,
1866 3125 2180 3192 exspectes?
2245 3126 2463 3176 Petron.
2487 3140 2535 3175 c.

1463 3206 1548 3252 64.
1582 3203 1691 3253 ‘Ut
1726 3204 1833 3254 suis
1868 3219 1926 3255 se
1959 3201 2218 3267 teneant,'
2250 3203 2284 3253 i·
2310 3218 2357 3251 e.
2396 3203 2537 3252 iutra

1464 3293 1578 3342 sua,
1602 3285 1693 3329 aut
1729 3280 1868 3330 intra
1902 3281 2054 3330 sedes
2085 3295 2219 3331 suas.
2287 3280 2537 3332 Quinctil.

1463 3353 1643 3403 Instit.
1668 3353 1823 3403 Orat.
1852 3368 1894 3406 1.
1926 3358 1975 3405 2.
2012 3355 2307 3405 ‘Utiliusne
2341 3355 2407 3404 sit
2443 3355 2537 3404 do-

1461 3432 1554 3492 mi,
1599 3438 1759 3495 atque
1805 3432 1947 3481 intra
2000 3433 2232 3495 privatos
2284 3432 2535 3494 parietes,

1462 3505 1762 3556 studentem
1785 3507 2055 3558 continere
2070 3506 2129 3564 ?’⁴
2152 3507 2416 3569 Ceterum,
2442 3507 2534 3556 ubi

1462 3584 1516 3632 in
1557 3583 1991 3634 antecedentibus
2015 3585 2169 3646 vulgo
2200 3582 2417 3645 legimus
2438 3597 2535 3633 non

1463 3661 1648 3711 minora
1667 3676 1740 3725 ea,
1763 3662 1834 3711 ibi
1856 3661 2025 3711 codex
2049 3659 2335 3711 Patavinus
2360 3661 2537 3711 omisit

1464 3751 1743 3800 pronomen
1767 3753 1840 3788 ea.
1877 3739 2134 3788 Schwarz.

1534 3813 1834 3877 Contegione
1876 3816 2128 3880 vitiorum]
2174 3815 2279 3866 Pro
2316 3815 2532 3878 contagi-

1463 3905 1568 3947 one,
1605 3904 1879 3955 perperam
1914 3891 2080 3941 edidit
2109 3893 2396 3953 cogitatione
2429 3893 2533 3941 Be-

1464 3966 1705 4030 roaldus;
1738 3983 1852 4032 quae
1878 3970 2105 4018 varietas
2134 3970 2292 4018 etiam
2318 3977 2534 4020 annota-

1464 4053 1521 4096 ta
1545 4052 1628 4095 est
1651 4046 1704 4096 iu
1728 4048 1896 4096 altero
1915 4048 2046 4097 libro
2071 4048 2261 4110 Gudii;
2297 4063 2451 4113 quiam
2474 4056 2530 4099 et

1462 4124 1516 4173 iu
1558 4122 1812 4187 Scaligeri
1869 4123 2003 4174 libro
2051 4131 2285 4174 notatam
2330 4125 2532 4175 invenit

1464 4200 1701 4250 Hearne.
1737 4200 1784 4250 N
1791 4214 1854 4249 ou
1880 4200 2039 4263 pluris
2061 4198 2305 4250 facienda
2327 4208 2405 4251 est
2428 4200 2531 4251 alia

1463 4275 1645 4339 lectio,
1663 4275 1961 4343 cognatione,
1980 4290 2132 4343 quam
2149 4277 2409 4342 evulgavit
2434 4279 2533 4328 Ca-
