3017 4942
514 368 651 459 ⁵14

510 532 853 601 probabantur.
918 530 1076 586 Quod
1112 537 1318 599 ternpus
1352 531 1589 599 prateri-

408 648 428 654 -
522 620 635 667 tum
667 613 827 663 etiam
857 612 1126 676 requirere
1157 612 1399 662 videntur
1432 611 1593 662 verba

524 688 914 754 subsequentia,
937 689 1227 752 Consequuti
1259 693 1393 745 sunt,
1421 693 1476 739 ut
1498 719 1516 738 .
1536 721 1553 740 .
1574 722 1592 739 .

522 767 755 818 crederes.
789 766 955 817 Idem.

534 858 543 867 “
592 844 730 895 Cu.
755 855 857 894 xx.
895 843 960 892 Ut
990 841 1152 907 plane]
1187 842 1409 894 Codices
1441 843 1593 894 Veti-

523 920 644 971 eani
683 926 739 970 et
776 920 1265 985 Guelpberbytanus
1300 922 1493 972 liabent
1536 937 1596 972 cc

522 1000 699 1063 planu
732 992 1165 1062 salisburgensis,
1182 1013 1339 1057 meus,
1373 1008 1429 1050 et
1458 1001 1595 1051 liber

524 1078 808 1127 Vossianus
845 1083 893 1127 et
930 1079 1110 1141 planu
1166 1079 1421 1142 Venetus,
1464 1095 1595 1132 voce

517 1156 666 1218 plane
686 1156 894 1216 omissa,
910 1159 956 1204 et
979 1171 1011 1204 a
1027 1171 1143 1220 pace
1155 1171 1177 1215 ‚⁰
1209 1157 1325 1206 cod.
1347 1157 1512 1207 Paris.
1537 1165 1596 1209 et

527 1246 707 1283 omnes
731 1229 851 1282 libri
880 1233 1056 1283 excusi
1091 1233 1320 1297 produnt
1347 1239 1402 1284 ut
1432 1237 1593 1298 plane.

527 1308 699 1362 Quam
759 1308 1034 1360 lectionem
1090 1311 1312 1369 retineo,
1359 1313 1593 1377 quamvis

526 1393 586 1447 et
608 1386 806 1449 priores
826 1386 944 1437 duae
971 1389 1140 1438 locunt
1167 1389 1359 1439 babere
1381 1390 1599 1454 possint.

526 1463 804 1514 Particnla
842 1470 900 1515 ut
941 1466 1041 1515 hoc
1082 1466 1199 1516 loco
1243 1467 1455 1530 ponitur
1497 1482 1595 1531 pro

520 1539 539 1566 ⁸
567 1541 851 1607 tanquam:
901 1547 918 1572 ‘
946 1542 1133 1608 quasi.’
1215 1544 1302 1594 Sic
1348 1559 1410 1594 ea
1448 1560 1595 1609 saepe

525 1632 645 1672 usus
677 1626 758 1669 est
786 1620 971 1670 Cicero
998 1635 1052 1670 v.
1081 1634 1132 1684 g.
1157 1619 1227 1672 de
1255 1621 1412 1672 Orat.
1445 1636 1485 1672 ι.
1513 1625 1597 1674 24.

523 1693 874 1749 {Moderabor
896 1696 1027 1761 ipse,
1055 1711 1139 1755 ne,
1172 1704 1231 1747 ut
1254 1697 1462 1762 quidam
1488 1714 1595 1749 ma·

523 1772 693 1839 gister
725 1779 883 1837 atque
916 1772 1136 1836 artifex3
1171 1774 1264 1824 sed
1292 1776 1439 1839 quasi
1464 1791 1594 1827 unus

518 1861 551 1903 e
572 1853 868 1912 togatorum
891 1862 1125 1906 nurnero,
1147 1850 1343 1913 videar,
1357 1865 1459 1900 non
1480 1852 1595 1919 ipse

521 1923 721 1989 aliquid
752 1939 784 1974 a
812 1937 897 1974 me
917 1925 1232 1992 promsisse,'
1253 1931 1354 1978 ὅτε.
1420 1929 1595 1981 Tacit.

519 2001 667 2051 Hist.
686 2016 750 2052 ιι.
771 2006 856 2053 91.
893 2003 909 2031 ‘
934 2002 1158 2057 Omnem
1194 2003 1386 2057 infime
1423 2008 1593 2070 plebis

519 2091 799 2142 rumorem,
816 2078 868 2128 in
888 2080 1113 2136 theatro,
1131 2087 1190 2130 ut
1210 2091 1506 2146 spectator;
1540 2085 1594 2135 iu

518 2154 679 2218 circo,
724 2154 782 2204 ut
835 2152 1031 2213 fautor,
1075 2156 1380 2210 affectavit.'
1455 2162 1594 2212 Plin.

521 2230 660 2295 ipse,
696 2232 865 2296 Epist.
899 2247 954 2284 v.
986 2236 1069 2284 15.
1102 2236 1119 2263 ‘
1145 2237 1317 2288 Quum
1350 2252 1596 2304 sequerer

519 2305 831 2367 Cornutum,
850 2316 912 2360 nt
944 2312 1279 2376 magistrnm3
1315 2321 1374 2364 ut
1408 2330 1594 2379 parenq

521 2390 628 2435 tem
654 2386 898 2437 vererer?
963 2388 1235 2439 Particuln
1257 2397 1430 2441 sutem
1452 2395 1596 2455 plane

519 2460 606 2510 hic
644 2462 857 2525 ponitur
890 2477 987 2531 pro
1019 2470 1034 2494 ‘
1056 2464 1306 2517 omnino.'
1338 2459 1456 2519 ‘Ita
1489 2484 1593 2520 non

520 2552 640 2589 raro
677 2539 819 2590 Plin.
858 2555 910 2591 v.
939 2555 991 2605 g.
1023 2542 1191 2604 Epist.
1211 2557 1289 2595 w.
1314 2548 1365 2594 8.
1396 2549 1412 2574 ‘
1437 2546 1594 2598 Quod

522 2615 897 2674 sacerdotium,
919 2631 1036 2668 cum
1060 2618 1285 2683 priscum
1306 2627 1363 2671 et
1386 2622 1594 2685 religioe

523 2708 671 2757 sum;
706 2698 816 2744 tum
845 2694 943 2744 boc
973 2709 1183 2760 quoque
1208 2710 1410 2748 sacrum
1443 2699 1596 2762 plane

524 2778 584 2823 et
598 2769 801 2836 insigne
824 2770 938 2821 est-⁸
969 2785 1048 2821 tv.
1073 2776 1152 2822 11.
1185 2775 1201 2802 ⁸
1228 2773 1444 2825 Foedum
1470 2789 1595 2827 cone

524 2853 744 2913 tactum,
767 2850 912 2915 quasi
945 2850 1101 2914 plane
1131 2866 1163 2902 a
1189 2857 1335 2904 casto
1359 2867 1596 2919 puroque

526 2938 770 2991 corpore,
786 2925 1062 2977 novissima
1083 2929 1362 2979 sanctitate
1382 2929 1600 2995 rejecit?

530 3002 597 3054 [d
629 3017 785 3057 unnm
818 3003 988 3053 adbuc
1024 3011 1233 3067 annoto,
1259 3006 1311 3054 in
1345 3006 1597 3056 vossiano

524 3077 685 3136 libro,
715 3080 1021 3143 particulam
1054 3095 1102 3137 u,
1135 3087 1258 3131 ante
1294 3082 1595 3133 vocabulum

525 3168 664 3219 pace,
686 3154 957 3205 delendam
980 3155 1214 3207 indicari.
1251 3155 1492 3210 Schwarz.

526 3270 535 3281 .
594 3231 641 3293 4
658 3232 796 3298 poce]
822 3234 939 3283 Non
955 3249 987 3283 a
1002 3234 1139 3285 bello
1153 3243 1209 3286 et
1227 3236 1473 3299 victoriis,
1487 3238 1600 3302 qui·

531 3308 630 3361 bus
661 3310 854 3361 milites
878 3310 1087 3363 incitari
1109 3314 1281 3365 solent
1308 3315 1373 3365 ad
1397 3314 1601 3365 licenti-

535 3400 638 3455 am.
672 3388 895 3437 Peter-ol.

598 3463 716 3513 Non
742 3463 907 3528 pater]
939 3463 1045 3517 Qui
1074 3462 1195 3516 flliae
1226 3479 1333 3516 suae
1356 3465 1601 3529 timeret;

532 3554 639 3595 nou
662 3540 896 3598 maritus,
917 3540 1006 3607 qui
1030 3542 1196 3594 uxori.
1226 3542 1364 3606 Lips-

599 3616 715 3668 Non
724 3620 864 3681 pater
876 3618 1248 3682 qui-squammea
1263 3617 1489 3683 inerim]
1512 3619 1600 3671 Vi-

532 3692 668 3743 tellii
694 3707 793 3743 vox
816 3692 884 3743 ad
914 3702 1183 3763 senatum:
1219 3696 1236 3724 ⁴
1257 3694 1327 3745 Se
1353 3710 1385 3747 a
1413 3710 1600 3760 paren-

531 3769 672 3821 tibus
706 3769 982 3830 audivisse,
1016 3771 1220 3823 admitti
1252 3775 1500 3839 conjuges
1532 3774 1599 3824 ad

528 3845 684 3897 libita
704 3845 1006 3898 Caesarum-⁹
1037 3847 1213 3898 Tacit.
1241 3850 1258 3880 ‘
1275 3850 1600 3900 Domitianus

534 3924 819 3973 contractis
848 3924 1125 3976 multorum
1155 3926 1399 3976 uxoribus
1420 3924 1599 3976 fratris

522 3995 692 4051 ‚filiam
716 3999 805 4049 alii
829 4001 1136 4051 collocatam
1161 4002 1433 4067 corrupit.’
1488 4004 1600 4054 Do·

532 4074 728 4125 initiam
759 4076 1046 4140 Longinam
1070 4079 1207 4131 AElio
1244 4080 1434 4131 Lamiae
1456 4094 1598 4146 nup·

534 4157 640 4201 tam
664 4151 899 4202 abduxit.
932 4154 1088 4204 Rern·
1410 4154 1411 4157 ’

522 4274 529 4283 .
574 4227 832 4291 *Castico-s,
850 4227 941 4277 tibi
960 4231 1178 4291 ingenita
1192 4237 1239 4282 et
1260 4232 1450 4296 innata]
1483 4234 1597 4284 Cir-

529 4317 595 4355 ca
629 4319 819 4372 pueros
857 4304 1067 4371 quidem
1107 4309 1293 4374 impari
1330 4310 1503 4376 lande,
1541 4318 1598 4362 ut

427 4766 557 4910 Ι

1214 387 1436 438 ΝΟΤΕ
1484 385 1896 438 multotum
1944 385 2031 439 IN

1664 531 1958 598 xiphilinus
1997 545 2062 587 ac
2101 530 2331 584 Zonaras
2364 529 2595 584 tradunt.
2663 530 2733 584 Et

1664 610 1938 661 Hadriano
1969 625 2057 662 ars
2092 612 2208 662 haec
2244 626 2346 661 uua
2372 625 2433 662 ac
2465 612 2735 676 praecipue

1664 688 1942 739 multorum
1971 689 2219 753 opinione
2246 689 2456 754 Trajani
2484 689 2735 754 captandi

1666 779 1762 830 per
1787 779 1852 816 ea
1882 774 2137 831 tempora,
2157 767 2345 832 quibus
2370 768 2422 816 in
2446 767 2562 817 aula
2584 764 2737 816 fami·

1665 844 1847 894 liarior
1880 842 1998 908 fuit,
2034 851 2050 874 ‘
2073 858 2282 895 curasse
2316 845 2585 902 delicatos,
2618 858 2735 894 eos·

1667 919 1889 986 demque
1908 919 2206 985 depilasse.’
2248 923 2425 973 Verba
2438 927 2562 972 sunt
2573 922 2736 987 Spar·

1668 998 1812 1049 tiani.
1848 999 2015 1050 Livin-

1736 1077 1967 1138 Castitas,
1985 1075 2077 1126 tibi
2090 1075 2327 1141 ingenita]
2349 1075 2570 1139 Excipe,
2592 1074 2735 1141 quod

1665 1152 1770 1217 περὶ
1807 1153 2021 1219 μειράκια
2066 1151 2360 1216 δοτανδάζει,
2396 1151 2483 1218 (ut
2527 1153 2603 1202 ait
2641 1153 2736 1202 iile

1667 1232 1793 1287 Dio.
1818 1232 1894 1280 ex'
1920 1245 2024 1296 quo
2058 1229 2314 1294 xiphilin.
2340 1230 2390 1278 in
2423 1229 2649 1293 'Pr-ajano
2684 1244 2739 1293 p.

1668 1311 1719 1358 2.
1753 1306 1865 1373 43.)
1896 1307 2027 1358 cirea
2060 1321 2314 1371 puerorum
2352 1321 2533 1357 amores
2574 1307 2737 1357 Iussit.

1669 1384 1812 1448 Lips.

1732 1462 1985 1528 Affectatu
1998 1462 2113 1512 aliis
2125 1460 2345 1525 castitas]
2369 1459 2604 1510 Verbum
2627 1466 2645 1490 ⁸
2661 1459 2737 1510 af·

1669 1537 1872 1590 sectare
1885 1540 1901 1563 '
1932 1539 2037 1591 fuit
2056 1540 2195 1591 inter
2214 1536 2359 1602 μέσα,
2377 1539 2485 1588 sive
2512 1539 2669 1590 media
2688 1543 2738 1589 et

1667 1619 1948 1668 communia.
2000 1616 2298 1682 Aliquando
2326 1617 2463 1668 enim
2487 1616 2742 1680 simplici·

1671 1703 1757 1748 ter
1796 1703 1961 1758 notat,
1993 1694 2291 1758 intendere,
2322 1693 2553 1745 studiose
2592 1708 2739 1760 quoe·

1669 1787 1810 1836 rere,
1831 1778 2103 1838 appetere.
2170 1769 2346 1836 Atque
2377 1771 2453 1820 sic
2490 1771 2653 1835 magis
2682 1771 2739 1820 in

1668 1849 1842 1915 laude,
1879 1864 2033 1915 quam
2071 1849 2218 1914 vitio,
2255 1849 2431 1914 potnit
2463 1848 2740 1898 Cornelius

1671 1927 1852 1992 Nepos
1875 1929 1926 1978 in
1949 1927 2153 1989 Attico,
2172 1941 2219 1977 c.
2242 1930 2327 1977 13.
2348 1926 2554 1992 quando
2582 1925 2741 1986 dixit,

1668 2005 1903 2056 Atticum
1934 2008 1950 2036 ‘
1974 2007 2111 2056 omni
2136 2005 2407 2070 diligentis
2427 2004 2738 2054 munditiem

1668 2096 1772 2131 non
1807 2080 2105 2133 affluentem
2134 2078 2448 2142 affectasse;’
2484 2080 2519 2130 i.
2545 2095 2594 2130 e.
2627 2088 2760 2143 stu<

1668 2156 1866 2209 diosum
1899 2157 2056 2208 fuisse
2088 2157 2362 2208 munditiei
2385 2170 2487 2206 non
2522 2154 2738 2206 affluen-

1647 2236 1755 2302 ἰὴ.
1818 2235 1908 2286 Sic
1942 2241 2019 2300 et,
2055 2235 2169 2285 sine
2203 2234 2592 2297 vituperatione
2630 2233 2739 2283 An-

1669 2315 1828 2379 gusti,
1862 2315 2056 2366 cecinit
2086 2315 2271 2378 virgil.
2296 2314 2491 2377 Georg.
2518 2326 2600 2363 tv.
2623 2316 2742 2363 56⁰.

1669 2406 1777 2457 seq.
1809 2394 1826 2422 ⁴
1849 2393 2024 2444 Caesar
2060 2391 2182 2442 dum
2219 2406 2432 2455 maguus
2467 2389 2534 2440 ad
2573 2392 2737 2439 altum

1668 2470 2264 2534 FulminatEuphratem
2291 2468 2448 2532 bello,
2466 2467 2740 2532 victorque

1669 2548 1903 2598 volentes
1926 2548 2034 2599 Per
2058 2547 2278 2612 populos
2303 2546 2393 2595 dat
2408 2545 2551 2611 jura.
2573 2544 2739 2595 viam-

1671 2639 1774 2689 que
1798 2623 2014 2675 affectat
2036 2622 2294 2689 Olympo-⁸
2326 2621 2409 2677 Ad
2432 2636 2549 2687 qun
2575 2620 2742 2673 verba

1670 2701 2008 2768 Philargyrus
2047 2702 2364 2752 Scholiastes
2400 2701 2515 2748 haec
2551 2705 2742 2750 notata

1664 2776 2335 2843 “Affectatssprointendin
2346 2782 2403 2825 ut
2414 2775 2551 2840 apud
2566 2775 2743 2827 Plaut.

1671 2854 1795 2904 Aul.
1817 2869 1903 2905 ιιι.
1925 2859 1976 2905 6.
2000 2857 2081 2905 39.
2096 2860 2112 2884 ‘
2142 2855 2217 2904 Ut
2240 2867 2322 2904 me
2346 2853 2577 2916 deponat
2600 2850 2741 2909 vino.

1672 2947 1785 2982 esm
1809 2930 2024 2983 affectet
2046 2928 2215 2981 viam-⁹
2231 2929 2245 2954 ’
2295 2929 2383 2979 Ita
2409 2935 2465 2979 et
2490 2935 2505 2959 ⁴
2526 2925 2743 2978 effecta·

1676 3008 1816 3058 tum’
1858 3009 2169 3073 simpliciter
2205 3006 2421 3069 dicitur,
2452 3004 2591 3071 quod
2631 3019 2741 3055 non

1673 3084 1925 3142 innatum,
1947 3094 2035 3136 aut
2059 3085 2126 3135 ab
2147 3085 2267 3149 ipsa
2285 3089 2470 3134 natura
2494 3083 2738 3144 insitum3

1672 3160 1765 3212 sed
1823 3161 1997 3212 studio
2056 3160 2365 3224 acquisitum
2418 3164 2516 3208 est.
2582 3158 2740 3209 Unde

1675 3237 1928 3289 Quinctil.
1954 3237 2134 3286 Instit.
2166 3236 2262 3286 Or.
2282 3249 2364 3285 11.
2387 3239 2436 3285 3.
2468 3236 2581 3285 haec
2614 3250 2741 3285 con·

1667 3312 1861 3377 jungit,
1891 3314 1907 3342 ‘
1926 3310 2189 3367 affectata,
2219 3318 2273 3360 et
2310 3324 2489 3374 parum
2529 3318 2742 3361 natura·

1670 3388 1778 3439 lin!
1842 3388 2049 3439 Deinde
2069 3403 2216 3444 vero,
2246 3386 2290 3436 si
2323 3387 2437 3453 quis
2467 3384 2659 3438 affectu
2683 3394 2742 3439 et

1672 3472 1863 3515 conatu
1903 3462 2098 3530 aliquid
2132 3464 2425 3527 aemulatur,
2457 3470 2547 3513 aut
2584 3464 2741 3515 nimis

1674 3539 1954 3591 ambitioso
1988 3549 2046 3591 et
2079 3540 2283 3591 solicito
2319 3541 2495 3591 studio
2530 3543 2743 3606 quaerit‚

1674 3624 1768 3666 aut
1800 3618 2042 3668 simulate
2076 3617 2318 3675 accersit,
2355 3617 2495 3683 quod
2532 3620 2744 3685 assequi

1672 3700 1919 3758 nequeat,
1949 3691 2245 3757 refragante
2280 3700 2499 3755 natura;
2534 3699 2659 3744 tunc
2683 3695 2745 3760 is,

1674 3767 1897 3819 docente
1922 3770 2077 3818 Laur-
2100 3768 2257 3818 Valla
2278 3768 2520 3832 Elegant.
2550 3783 2630 3819 ιν.
2654 3775 2740 3822 78.

1671 3846 1850 3904 etiam,
1895 3845 1989 3895 sed
2036 3860 2153 3895 cum
2195 3845 2415 3910 quadam
2458 3846 2742 3910 repreben-

1673 3923 1837 3985 sione,
1851 3923 2040 3972 dicitnr
2060 3927 2076 3951 ⁴
2092 3920 2342 3971 affectare
2357 3922 2392 3971 ε’
2414 3929 2572 3987 prout
2590 3924 2741 3975 Phae·

1672 3997 1753 4049 dr.
1777 4013 1865 4049 ιιι.
1890 4003 1969 4048 18.
1990 3998 2083 4054 ait,
2119 4000 2135 4026 ‘
2154 3999 2278 4049 Noli
2309 3995 2577 4062 affectare,
2598 4002 2738 4065 quod

1671 4078 1770 4129 tibi
1804 4093 1908 4128 non
1939 4085 2024 4129 est
2056 4077 2266 4128 datum?
2334 4080 2406 4130 Et
2443 4087 2565 4130 tnnc
2594 4090 2741 4132 recte

1671 4154 1804 4206 dicit
1840 4155 2095 4207 Quinctil.
2117 4154 2251 4204 Inst.
2281 4154 2380 4205 Or.
2417 4169 2458 4205 1.
2490 4160 2541 4205 6.
2573 4157 2590 4184 ‘
2610 4159 2741 4208 nihil

1670 4243 1781 4280 esse
1796 4230 2022 4280 odiosius
2033 4228 2369 4281 affectatione
2386 4230 2416 4278 ε’
2430 4245 2739 4296 quamquam

1673 4308 1746 4360 ibi
1768 4309 1953 4360 saltem
1976 4308 2043 4360 de
2066 4309 2254 4359 vitiosa
2275 4309 2379 4360 stili
2403 4306 2739 4365 affectatione
