3017 4942
513 359 646 428 984

517 519 946 572 siensian.·16⁴8.
975 519 1332 584 subjiciuntur,
1367 518 1573 583 putavit

513 595 789 660 legendum
825 611 958 654 esse,
993 599 1165 647 sed-de
1201 611 1290 646 sas
1322 596 1572 645 existima·

514 670 643 721 tione
681 672 889 731 soliciti3
932 673 1000 722 ob
1034 672 1085 721 id
1124 672 1262 736 quod
1318 673 1570 736 seqnitur,

513 748 531 774 4
550 761 702 810 qnam
723 748 847 813 quid
868 748 936 798 de
953 750 1172 799 moribus
1188 748 1418 799 sentias.'
1459 749 1567 799 Ad·

513 823 655 873 misit
714 825 846 874 lianc
899 825 1189 878 lectionem·
1230 824 1571 887 Boxlioruins,

510 903 914 962 Kirchmaierus,
933 912 990 955 et
1010 905 1342 956 Miuellianns
1364 906 1567 966 editor;

512 989 669 1044 atque
691 981 763 1030 ita
785 983 944 1031 etiam
969 982 1144 1046 legere
1169 982 1374 1046 optavit
1392 981 1566 1032 Clitis·

508 1059 655 1122 toph.
677 1058 915 1110 Behrius.
981 1061 1099 1112 Jam
1122 1059 1332 1124 quidem
1354 1067 1369 1090 ⁶
1389 1060 1567 1109 existi·

507 1135 699 1185 matio’
717 1138 898 1187 activae
921 1145 974 1187 et
997 1138 1212 1201 passivae
1234 1136 1566 1201 significatio·

509 1214 591 1261 nis
613 1220 715 1275 est,
747 1215 823 1263 uti
863 1214 1081 1278 plurima
1104 1215 1311 1263 nomina
1340 1214 1567 1263 verbalia

509 1303 626 1354 quae
658 1290 708 1337 iu
738 1290 787 1338 io
812 1297 1022 1339 exeunt.
1089 1288 1278 1339 Active
1302 1289 1567 1354 significat

506 1367 523 1392 ‘
549 1364 876 1427 opinionem'
927 1373 984 1416 et
1028 1368 1044 1395 ‘
1067 1363 1389 1429 judieinm3'
1435 1366 1564 1427 sive,

507 1441 646 1504 quod
692 1442 805 1506 quis
846 1442 915 1491 de
960 1443 1065 1491 alio
1106 1438 1308 1492 homine
1364 1450 1456 1492 aut
1507 1457 1563 1492 re

506 1517 666 1566 sentit
691 1525 745 1566 et
770 1517 994 1580 judicat.
1060 1519 1148 1569 Sic
1183 1520 1390 1582 ponitur
1421 1519 1561 1583 apud

504 1596 717 1646 Terent.
740 1598 952 1661 Prolog.
984 1596 1178 1647 Heaut·
1215 1611 1289 1649 vs.
1310 1603 1394 1648 25.
1427 1601 1442 1627 4
1464 1597 1563 1648 Ar·

503 1670 714 1721 bitrium
747 1681 994 1735 vestrum,
1025 1683 1197 1723 vestra
1229 1675 1563 1737 existimatio,

501 1748 738 1799 valebitss
801 1750 1002 1801 Plinius
1041 1750 1230 1816 Major,
1258 1751 1397 1801 Hist.
1432 1753 1560 1803 Nat.

504 1836 586 1873 xl.-
610 1828 688 1874 16.
712 1826 815 1874 ‘ubi
851 1826 982 1875 duas
1019 1827 1286 1890 opiniones
1322 1834 1562 1878 recenset

501 1901 570 1951 de
609 1904 1042 1967 progeneratione
1078 1919 1251 1968 apum,
1296 1906 1313 1934 ⁸
1338 1905 1562 1969 Propior

500 1978 664 2038 vero,’
699 1981 887 2046 inquit,
919 1983 936 2011 4
956 1983 1100 2045 prior
1132 1983 1446 2033 existimatio
1467 1983 1559 2034 tie-

497 2060 599 2111 ret,
629 2055 681 2104 ni
719 2070 887 2105 rursus
909 2058 1004 2105 alia
1028 2056 1298 2107 difficultas
1320 2072 1558 2109 occurre·

499 2129 616 2180 ret!
707 2132 906 2181 Plinius
950 2141 1144 2196 noster,
1188 2135 1358 2197 Epist.
1399 2149 1464 2184 n.
1506 2143 1557 2186 ⁵.

497 2204 514 2232 ‘
540 2205 603 2254 In
635 2208 826 2256 ceteris
857 2209 1169 2259 actionibus‘
1187 2212 1556 2263 existimationi

498 2280 762 2330 homiuum
799 2283 1070 2346 diligentia
1103 2293 1396 2336 tautum-et
1423 2288 1555 2337 fides

496 2364 670 2406 nostra
693 2373 708 2418 ;
743 2359 793 2406 in
818 2361 910 2409 liac
933 2360 1087 2409 etiam
1113 2362 1299 2422 pietas,
1317 2364 1556 2426 subjicie-

496 2432 617 2480 tur!
685 2435 900 2484 Passive
933 2437 999 2484 ad
1033 2443 1048 2465 ·
1068 2436 1286 2487 famam'
1316 2448 1371 2490 et
1405 2444 1421 2470 4
1443 2441 1555 2505 dig-

494 2511 746 2560 nitatem'
777 2514 1024 2575 pertinet,
1047 2520 1104 2564 et
1137 2515 1402 2566 Gallorum
1440 2519 1554 2567 v'oei

492 2600 669 2643 reaom,
690 2586 979 2651 reputatiou,
997 2591 1293 2651 respondet.
1340 2593 1556 2645 Sueton-

495 2663 632 2714 Caes.
671 2678 788 2727 cap.
808 2668 893 2713 ⁷5.
937 2665 1296 2716 ‘Carminibus
1341 2667 1552 2717 maledi·

493 2739 803 2790 centissimis
826 2741 1102 2791 laceratam
1121 2743 1552 2794 existimationem

493 2831 638 2867 suam
660 2818 800 2867 civili
826 2818 996 2868 animo
1018 2818 1174 2869 tulit.’
1226 2820 1364 2869 Plin.
1384 2821 1553 2884 Epist.

492 2907 558 2942 n.
580 2899 631 2944 9.
662 2898 679 2925 ‘
704 2895 829 2944 Mea
866 2896 1202 2956 existimatio,
1233 2912 1348 2947 mea
1382 2898 1552 2961 ‹ligni-

447 2998 453 3003 ·
490 2978 589 3027 tas,
614 2971 666 3020 in
687 2971 963 3021 discrimen
987 2971 1300 3022 adducitur.’
1366 2973 1472 3024 Pro
1497 2981 1552 3024 re

490 3041 617 3096 nata
654 3048 819 3110 possit
856 3048 1104 3099 utralibet
1142 3050 1448 3112 significatio
1484 3052 1549 3101 ad

489 3123 627 3173 hunc
672 3125 838 3173 locum
884 3126 1152 3188 applicari.
1222 3127 1466 3191 -Nempe,
1506 3129 1551 3179 si

487 3213 604 3247 cuin
632 3199 826 3261 Fabro,
856 3200 1249 3258 Boaliornio,·et
1273 3203 1551 3266 aliislegaa

487 3275 548 3324 de
599 3290 687 3324 sua
735 3277 1086 3327 autumatione
1137 3278 1352 3336 soliciti3
1405 3287 1551 3343 tuuc,

489 3356 506 3381 ‘
531 3352 876 3404 existimatio’
912 3361 1118 3405 notaret
1146 3357 1348 3413 famam,
1382 3368 1456 3422 et,
1491 3365 1551 3409 ut

486 3429 566 3480 ita
596 3429 798 3492 loquar,
839 3432 1233 3493 reputationem.
1297 3433 1404 3483 Sed
1436 3436 1550 3489 uul-

487 3500 567 3554 lu's
590 3503 756 3555 codex
781 3506 883 3555 Ms.
902 3520 1072 3568 neque
1097 3509 1416 3572 antiquiores
1439 3511 1550 3561 edi·

486 3584 654 3633 tiones
703 3584 896 3633 habeut
937 3583 1062 3633 illud
1106 3600 1404 3649 pronomen,
1443 3603 1548 3639 suo.

489 3659 620 3708 Cum
645 3673 766 3709 vero
789 3661 967 3724 utique
991 3663 1043 3710 in
1070 3662 1301 3723 plurimis
1335 3664 1547 3728 scriptis

485 3733 857 3801 impressisque
913 3736 1058 3786 libris
1101 3738 1330 3802 legamus
1365 3743 1424 3790 de
1461 3748 1548 3793 etta

486 3812 860 3872 existimatione,
904 3812 989 3861 bic
1029 3815 1189 3863 multo
1233 3817 1546 3867 commodio-

487 3901 596 3937 rem
643 3888 812 3937 locnm
858 3889 1014 3939 habet
1059 3891 1203 3941 notio
1248 3894 1441 3955 activa,
1487 3902 1547 3947 ut

487 3963 806 4024 significetur
830 3966 1002 4029 opinio
1036 3973 1091 4019 et
1114 3967 1404 4031 judicinm;
1435 3970 1545 4021 sive

484 4038 558 4093 id,
586 4039 735 4101 ‚quod
768 4039 1028 4103 Trajanus
1077 4042 1286 4103 judicet
1329 4045 1545 4096 sentiat·

485 4127 607 4177 que,
632 4113 697 4162 de
720 4115 827 4164 vita
862 4130 923 4165 ac
961 4117 1184 4167 moribus
1209 4119 1547 4182 litigatorum.

487 4188 608 4238 Hoc
649 4190 861 4254 Trajani
888 4192 1142 4254 judiciuin
1185 4198 1348 4246 multo
1383 4199 1547 4261 magis

490 4264 800 4315 verebantur
821 4267 1107 4330 litigatores
1129 4269 1232 4334 isti,
1260 4282 1415 4337 quam
1436 4288 1547 4324 om·

1114 384 1124 401 ⁹
1211 374 1428 425 801·AE
1474 374 1883 425 vammum
1937 374 2015 423 m
2143 384 2150 393 '
2233 384 2268 417 ἰ

1650 533 1768 568 uem
1790 519 1940 568 aliam
1962 518 2040 569 sni
2062 517 2503 568 existimationem.
2560 515 2706 566 Inde

1649 596 1790 645 Plin.
1812 595 1978 659 Epist.
1997 609 2061 644 x.
2082 599 2131 644 8.
2156 595 2309 654 dixit,
2338 593 2355 622 4
2379 593 2440 642 ad
2464 593 2706 642 testimo·

1648 672 1788 722 nium
1810 672 2116 738 laudemque
2140 686 2334 721 morum
2354 685 2555 718 suorum
2580 683 2707 731 per-

1647 749 1837 818 tinere,
1881 757 1984 799 tam
2031 749 2151 798 boni
2211 747 2453 812 principis
2487 745 2705 809 jndicio

1645 825 1709 888 (i.
1729 840 1777 875 e.
1796 825 2204 890 existimatione)
2225 822 2494 874 exornari?
2556 823 2707 873 Hinc

1645 902 1662 931 4
1686 902 2114 951 existimationes'
2155 912 2211 951 et
2259 901 2277 928 4
2299 899 2525 964 jndicia’
2573 913 2710 948 con-

1637 977 1814 1042 jungit
1852 979 1963 1027 Cic.
2002 978 2067 1028 ad
2106 980 2178 1042 Οἱ
2209 979 2356 1028 Frat.
2377 993 2415 1026 1.
2449 982 2493 1026 l.
2525 977 2545 1004 ‘
2573 977 2705 1026 Non

1644 1062 1724 1103 est
1764 1053 1858 1103 tibi
1886 1055 1964 1103 liis
1997 1055 2116 1105 solis
2157 1054 2707 1104 utendum-existima-

1644 1131 1867 1180 tionibus
1900 1146 1962 1182 ac
1987 1132 2217 1195 judiciis,
2253 1131 2342 1197 qui
2380 1144 2510 1181 nunc
2553 1135 2705 1191 aunt,

1642 1208 1920 1267 hominum,
1964 1209 2055 1258 sed
2100 1209 2163 1258 iis
2200 1208 2355 1257 etiam
2389 1209 2471 1272 qui
2526 1206 2707 1256 futuri

1641 1284 1795 1336 suut-³
1861 1287 2157 1351 Saepissime
2196 1294 2371 1336 antem
2404 1300 2434 1333 a
2466 1283 2705 1333 librariis

1642 1364 1891 1417 confundi
1914 1366 2119 1414 nomina
2149 1365 2166 1392 ‘
2184 1362 2588 1413 existimationis
2606 1360 2623 1384 ’
2645 1368 2707 1411 et

1640 1442 1658 1471 4
1678 1440 2074 1498 aestimationis?
2104 1442 2329 1505 itemque
2370 1437 2527 1487 verba
2563 1438 2581 1465 4
2607 1451 2698 1486 ex·

1641 1518 1908 1577 istimare?
1938 1527 1993 1568 et
2030 1518 2047 1546 ‘
2077 1514 2374 1571 aestimare?
2397 1515 2503 1579 jam
2529 1528 2704 1563 anno*

1640 1601 1814 1645 tarnnt
1839 1594 2168 1646 casaubonus
2189 1600 2247 1643 et
2270 1593 2597 1641 Burmannus
2633 1589 2704 1638 ad

1638 1671 1855 1721 Sueton.
1891 1669 2028 1732 Aug.
2068 1684 2185 1731 cap.
2208 1673 2257 1717 3.
2293 1673 2351 1716 et
2377 1665 2704 1716 Arntzenius

1638 1747 1704 1796 ad
1732 1745 1858 1795 Aur.
1878 1745 2075 1795 Victor.
2099 1746 2235 1795 Caes.
2255 1758 2371 1806 cap.
2391 1747 2470 1792 28.
2501 1743 2696 1792 Idem·

1645 1845 1649 1849 ·
1706 1823 2096 1888 Existimatioae]
2151 1822 2482 1872 AEstinsotioue
2526 1820 2703 1872 Lirim

1635 1902 1687 1953 in
1724 1910 1908 1963 textu3
1942 1902 2035 1952 sed
2072 1902 2127 1951 in
2160 1902 2410 1964 margine,
2447 1899 2704 1948 existimo-

1636 1979 1764 2030 tioue
1781 1980 1843 2030 C.

1638 2082 1643 2091 ³
1700 2055 2092 2118 Existimatione]
2125 2053 2257 2103 'ram
2296 2059 2346 2103 te
2380 2050 2584 2102 scilicet
2616 2044 2701 2099 re«)

1633 2143 1898 2193 verentur,
1933 2144 2181 2198 tuamque
2203 2132 2468 2188 virtutem,
2492 2138 2555 2180 nt
2587 2145 2700 2180 ma·

1629 2213 1726 2263 lint
1781 2227 1936 2276 opum
1984 2212 2263 2275 jacturam,
2312 2222 2462 2272 quam
2516 2206 2701 2262 famae,

1632 2289 1766 2353 apud
1794 2299 1844 2337 te
1867 2279 2057 2336 facere.
2094 2287 2232 2348 Lips-
2547 2326 2552 2333 .
2687 2306 2698 2323 ·-

1696 2367 1775 2414 De
1808 2371 1893 2413 tua
1924 2361 2295 2424 existimatione]
2330 2361 2406 2411 De
2444 2366 2528 2409 tau
2562 2359 2701 2408 asti·

1628 2443 1834 2491 nuatione
1866 2441 1992 2490 edit.
2028 2441 2190 2489 Rhen.
2227 2439 2322 2487 sed
2351 2440 2411 2486 de
2442 2452 2529 2485 sita
2560 2437 2696 2485 ‹esti-

1628 2519 1851 2573 matione,
1874 2519 1940 2568 ob
1965 2518 2017 2567 id
2040 2516 2177 2582 quod
2210 2517 2465 2579 sequitur,
2498 2517 2515 2542 ‘
2535 2528 2694 2579 quam

1628 2595 1749 2660 quid
1774 2596 1840 2644 de
1864 2595 2089 2643 moribus
2112 2590 2339 2641 sentias?
2372 2591 2545 2640 Faber.

1693 2671 1773 2720 De
1793 2671 1999 2719 moribus
2019 2667 2222 2730 sentius]
2257 2667 2450 2717 Nescio
2474 2680 2579 2730 qua
2613 2665 2687 2713 in-

1629 2747 1882 2808 temperie
1929 2747 2032 2794 acti
2076 2744 2274 2794 librarii
2319 2742 2371 2790 in
2418 2741 2690 2791 codicibus

1631 2821 1917 2877 Vaticanis,
1953 2820 2255 2881 parisiensi,
2278 2821 2487 2868 Veneto
2509 2821 2560 2866 1.
2592 2818 2690 2869 Pa·

1627 2898 1826 2953 tarino,
1847 2905 1903 2947 et
1927 2897 2061 2947 libro
2077 2896 2351 2948 vossiano,
2374 2909 2471 2958 pro
2492 2893 2690 2956 naim,

1627 2974 1952 3036 reposuerint
1975 2973 2247 3023 sententies.
2278 2977 2311 3035 ,4
2330 2967 2693 3019 Sententiam?

1626 3056 1710 3099 est
1732 3050 1945 3099 verbum
1970 3049 2123 3097 medii
2147 3048 2264 3109 aevi,
2289 3054 2346 3095 et
2383 3046 2499 3110 plus
2537 3060 2690 3108 quam

1613 3124 1814 3177 -ferreae
1834 3126 2152 3186 Latinitati33
2177 3123 2311 3187 quod
2329 3121 2605 3173 Gerardus
2628 3121 2691 3177 de

1625 3202 1909 3259 Schueren‚
1934 3200 2287 3251 cancellarius
2316 3198 2615 3254 Cliviensis,
2638 3197 2691 3246 in

1623 3279 1838 3342 antiquo
1863 3276 2133 3328 Glossa'rio
2152 3291 2236 3327 au.
2261 3279 2411 3327 1477.
2459 3273 2690 3324 Coloniae

1624 3354 1895 3416 impresso,
1932 3355 2305 3417 interpretatus
2340 3359 2441 3407 est,
2474 3351 2567 3401 mit
2603 3353 2692 3403 dea

1622 3431 1791 3481 simoen
1820 3437 1917 3481 wat
1947 3433 2159 3480 ordeleu·
2222 3429 2441 3480 Carolus
2463 3427 2691 3491 cangius

1623 3509 1676 3558 in
1715 3509 1975 3557 Glossario
2014 3509 2188 3558 Latin.
2222 3497 2453 3570 explicat
2481 3503 2535 3564 id
2576 3517 2691 3554 ver-

1625 3586 1765 3648 bnm,
1790 3588 1805 3614 4
1829 3582 2188 3639 sententiare,’
2224 3597 2320 3647 per
2339 3585 2356 3612 ‘
2373 3582 2689 3631 sententiam

1623 3660 1897 3727 proferre,’
1960 3665 1977 3691 4
1997 3687 2004 3693 ⁴
2024 3660 2316 3722 opinionem
2390 3656 2690 3725 promeres

1622 3739 1838 3803 ejusque
1870 3738 2021 3787 verbi
2052 3734 2206 3787 affert
2242 3735 2486 3798 exempla
2509 3748 2576 3782 ex
2602 3733 2691 3784 Al-

1621 3815 1772 3865 berto
1792 3813 2035 3863 Stadeusi
2063 3827 2145 3860 an.
2170 3815 2320 3861 1179.
2355 3825 2424 3860 ex
2454 3811 2687 3872 Rigordo

1622 3906 1703 3940 au.
1730 3893 1875 3948 1209,
1906 3898 1962 3939 et
2000 3889 2114 3941 aliis
2135 3886 2411 3937 similibus.
2479 3887 2589 3937 Sed
2613 3900 2689 3935 re·

1619 3966 1887 4017 tiuendum
1906 3975 1989 4016 est
2005 3965 2231 4016 melioris
2253 3964 2554 4017 Latinitatis
2576 3976 2690 4013 ver-

1620 4041 1961 4104 bumseutias,
1980 4043 2016 4091 i.
2042 4056 2091 4090 e.
2126 4039 2466 4100 ‘existimes,'
2500 4049 2518 4071 ⁸
2541 4040 2686 4104 judi·

1618 4118 1743 4168 ces.'
1808 4118 2026 4167 Interim
2058 4131 2124 4167 ex
2156 4114 2447 4180 hujusmodi
2472 4130 2691 4185 corrup-³

1623 4196 1741 4247 telis
1779 4195 2087 4258 colligimus,
2124 4193 2312 4256 quibus
2348 4191 2557 4240 saeculis
2598 4190 2681 4241 isti

1618 4270 1828 4322 codices
1865 4270 1974 4320 sint
2015 4267 2217 4333 scripti,
2252 4274 2308 4316 et
2351 4266 2678 4347 quemadmo-
