<?xml version="1.0" encoding="UTF-8"?>
<!DOCTYPE html PUBLIC "-//W3C//DTD XHTML 1.0 Transitional//EN"
    "http://www.w3.org/TR/xhtml1/DTD/xhtml1-transitional.dtd">
<html xmlns="http://www.w3.org/1999/xhtml" xml:lang="en" lang="en">
 <head>
  <title>
</title>
<meta http-equiv="Content-Type" content="text/html;charset=utf-8" />
  <meta name='ocr-system' content='tesseract 3.04.00' />
  <meta name='ocr-capabilities' content='ocr_page ocr_carea ocr_par ocr_line ocrx_word'/>
</head>
<body>
  <div class='ocr_page' id='page_1' title='image "./panegyriciveter01unkngoog_0605.png"; bbox 0 0 3017 4942; ppageno 0'>
   <div class='ocr_carea' id='block_1_1' title="bbox 755 349 2105 418">
    <p class='ocr_par' dir='ltr' id='par_1_1' title="bbox 755 349 2105 418">
     <span class='ocr_line' id='line_1_1' title="bbox 755 349 2105 418; baseline -0.003 -1"><span class='ocrx_word' id='word_1_1' title='bbox 755 369 822 417; x_wconf 87' lang='lat' dir='ltr'><strong>c.</strong></span> <span class='ocrx_word' id='word_1_2' title='bbox 869 367 1116 418; x_wconf 68' lang='lat' dir='ltr'><strong>enum</strong></span> <span class='ocrx_word' id='word_1_3' title='bbox 1166 364 1501 418; x_wconf 68' lang='lat' dir='ltr'><strong>saeuum</strong></span> <span class='ocrx_word' id='word_1_4' title='bbox 1550 365 1827 418; x_wconf 66' lang='lat' dir='ltr'><strong>mnne.</strong></span> <span class='ocrx_word' id='word_1_5' title='bbox 1905 366 1955 416; x_wconf 89' lang='lat'><strong>1.</strong></span> <span class='ocrx_word' id='word_1_6' title='bbox 1999 349 2105 417; x_wconf 82' lang='grc'><strong>81.</strong></span> 
     </span>
    </p>
   </div>
   <div class='ocr_carea' id='block_1_2' title="bbox 316 507 1392 1569">
    <p class='ocr_par' dir='ltr' id='par_1_2' title="bbox 316 507 1392 1569">
     <span class='ocr_line' id='line_1_2' title="bbox 316 507 1381 576; baseline -0.004 -14"><span class='ocrx_word' id='word_1_7' title='bbox 316 523 441 562; x_wconf 78' lang='lat' dir='ltr'><strong>nem</strong></span> <span class='ocrx_word' id='word_1_8' title='bbox 492 509 758 576; x_wconf 74' lang='lat' dir='ltr'><strong>gentilium</strong></span> <span class='ocrx_word' id='word_1_9' title='bbox 799 511 1101 576; x_wconf 84' lang='lat' dir='ltr'><strong>cultumque</strong></span> <span class='ocrx_word' id='word_1_10' title='bbox 1148 507 1381 561; x_wconf 57' lang='lat' dir='ltr'><strong>fiebant?</strong></span> 
     </span>
     <span class='ocr_line' id='line_1_3' title="bbox 321 586 1383 653; baseline -0.005 -12"><span class='ocrx_word' id='word_1_11' title='bbox 321 589 588 653; x_wconf 77' lang='lat' dir='ltr'><strong>scaligero</strong></span> <span class='ocrx_word' id='word_1_12' title='bbox 611 598 806 651; x_wconf 80' lang='lat' dir='ltr'><strong>tamen,</strong></span> <span class='ocrx_word' id='word_1_13' title='bbox 826 588 1120 638; x_wconf 67' lang='lat' dir='ltr'><strong>Puer-1111.</strong></span> <span class='ocrx_word' id='word_1_14' title='bbox 1136 592 1219 638; x_wconf 83' lang='grc'><strong>90.</strong></span> <span class='ocrx_word' id='word_1_15' title='bbox 1244 586 1383 638; x_wconf 85' lang='lat' dir='ltr'><strong>aliis·</strong></span> 
     </span>
     <span class='ocr_line' id='line_1_4' title="bbox 320 663 1384 730; baseline -0.002 -16"><span class='ocrx_word' id='word_1_16' title='bbox 320 679 423 730; x_wconf 85' lang='lat' dir='ltr'><strong>que</strong></span> <span class='ocrx_word' id='word_1_17' title='bbox 448 665 572 714; x_wconf 78' lang='lat' dir='ltr'><strong>viris</strong></span> <span class='ocrx_word' id='word_1_18' title='bbox 592 664 783 725; x_wconf 88' lang='lat' dir='ltr'><strong>doctis,</strong></span> <span class='ocrx_word' id='word_1_19' title='bbox 806 665 970 727; x_wconf 73' lang='lat' dir='ltr'><strong>magis</strong></span> <span class='ocrx_word' id='word_1_20' title='bbox 993 663 1245 727; x_wconf 85' lang='lat' dir='ltr'><strong>probatur</strong></span> <span class='ocrx_word' id='word_1_21' title='bbox 1268 677 1384 727; x_wconf 86' lang='lat' dir='ltr'><strong>pos·</strong></span> 
     </span>
     <span class='ocr_line' id='line_1_5' title="bbox 320 740 1386 805; baseline -0.002 -15"><span class='ocrx_word' id='word_1_22' title='bbox 320 741 487 791; x_wconf 87' lang='lat' dir='ltr'><strong>terior</strong></span> <span class='ocrx_word' id='word_1_23' title='bbox 507 740 841 805; x_wconf 71' lang='lat' dir='ltr'><strong>etymologia.</strong></span> <span class='ocrx_word' id='word_1_24' title='bbox 892 740 1094 789; x_wconf 78' lang='lat' dir='ltr'><strong>Seneca</strong></span> <span class='ocrx_word' id='word_1_25' title='bbox 1116 740 1286 802; x_wconf 85' lang='lat' dir='ltr'><strong>Epist.</strong></span> <span class='ocrx_word' id='word_1_26' title='bbox 1303 741 1386 788; x_wconf 81' lang='grc'><strong>41.</strong></span> 
     </span>
     <span class='ocr_line' id='line_1_6' title="bbox 321 814 1385 877; baseline -0.005 -9"><span class='ocrx_word' id='word_1_27' title='bbox 321 818 340 848; x_wconf 79' lang='lat'>⁸</span> <span class='ocrx_word' id='word_1_28' title='bbox 363 817 422 868; x_wconf 81' lang='lat' dir='ltr'><strong>Si</strong></span> <span class='ocrx_word' id='word_1_29' title='bbox 456 817 554 867; x_wconf 89' lang='lat' dir='ltr'><strong>tibi</strong></span> <span class='ocrx_word' id='word_1_30' title='bbox 582 817 810 868; x_wconf 87' lang='lat' dir='ltr'><strong>occurrit</strong></span> <span class='ocrx_word' id='word_1_31' title='bbox 841 817 1066 867; x_wconf 85' lang='lat' dir='ltr'><strong>vetustis</strong></span> <span class='ocrx_word' id='word_1_32' title='bbox 1097 814 1385 877; x_wconf 75' lang='lat' dir='ltr'><strong>arboribus,</strong></span> 
     </span>
     <span class='ocr_line' id='line_1_7' title="bbox 321 890 1386 957; baseline -0.004 -11"><span class='ocrx_word' id='word_1_33' title='bbox 321 902 381 946; x_wconf 81' lang='lat' dir='ltr'><strong>et</strong></span> <span class='ocrx_word' id='word_1_34' title='bbox 416 895 625 944; x_wconf 74' lang='lat' dir='ltr'><strong>solitum</strong></span> <span class='ocrx_word' id='word_1_35' title='bbox 660 893 985 944; x_wconf 71' lang='lat' dir='ltr'><strong>altitudinem</strong></span> <span class='ocrx_word' id='word_1_36' title='bbox 1024 893 1248 957; x_wconf 74' lang='lat' dir='ltr'><strong>egressis</strong></span> <span class='ocrx_word' id='word_1_37' title='bbox 1282 890 1386 942; x_wconf 84' lang='lat' dir='ltr'><strong>fre·</strong></span> 
     </span>
     <span class='ocr_line' id='line_1_8' title="bbox 322 969 1387 1036; baseline -0.004 -15"><span class='ocrx_word' id='word_1_38' title='bbox 322 983 488 1036; x_wconf 81' lang='lat' dir='ltr'><strong>quens</strong></span> <span class='ocrx_word' id='word_1_39' title='bbox 511 971 676 1029; x_wconf 87' lang='lat' dir='ltr'><strong>lucus,</strong></span> <span class='ocrx_word' id='word_1_40' title='bbox 693 977 751 1020; x_wconf 81' lang='lat' dir='ltr'><strong>et</strong></span> <span class='ocrx_word' id='word_1_41' title='bbox 765 976 1100 1034; x_wconf 84' lang='lat' dir='ltr'><strong>conspectum</strong></span> <span class='ocrx_word' id='word_1_42' title='bbox 1119 969 1387 1020; x_wconf 64' lang='lat' dir='ltr'><strong>ercli-den·</strong></span> 
     </span>
     <span class='ocr_line' id='line_1_9' title="bbox 322 1047 1386 1119; baseline -0.005 -21"><span class='ocrx_word' id='word_1_43' title='bbox 322 1047 483 1119; x_wconf 79' lang='lat' dir='ltr'><strong>sitete</strong></span> <span class='ocrx_word' id='word_1_44' title='bbox 506 1060 783 1109; x_wconf 86' lang='lat' dir='ltr'><strong>ramorum,</strong></span> <span class='ocrx_word' id='word_1_45' title='bbox 817 1047 1030 1097; x_wconf 77' lang='lat' dir='ltr'><strong>aliorum</strong></span> <span class='ocrx_word' id='word_1_46' title='bbox 1054 1047 1179 1095; x_wconf 83' lang='lat' dir='ltr'><strong>alios</strong></span> <span class='ocrx_word' id='word_1_47' title='bbox 1216 1053 1386 1110; x_wconf 82' lang='lat' dir='ltr'><strong>prote-</strong></span> 
     </span>
     <span class='ocr_line' id='line_1_10' title="bbox 326 1122 1390 1188; baseline -0.002 -15"><span class='ocrx_word' id='word_1_48' title='bbox 326 1124 579 1188; x_wconf 74' lang='lat' dir='ltr'><strong>gentium,</strong></span> <span class='ocrx_word' id='word_1_49' title='bbox 616 1122 948 1187; x_wconf 78' lang='lat' dir='ltr'><strong>submovens,</strong></span> <span class='ocrx_word' id='word_1_50' title='bbox 982 1123 1069 1171; x_wconf 82' lang='lat' dir='ltr'><strong>illa</strong></span> <span class='ocrx_word' id='word_1_51' title='bbox 1105 1123 1390 1185; x_wconf 70' lang='lat' dir='ltr'><strong>proceritas</strong></span> 
     </span>
     <span class='ocr_line' id='line_1_11' title="bbox 322 1198 1390 1264; baseline -0.001 -14"><span class='ocrx_word' id='word_1_52' title='bbox 322 1201 489 1264; x_wconf 62' lang='lat' dir='ltr'><strong>silvae,</strong></span> <span class='ocrx_word' id='word_1_53' title='bbox 510 1207 568 1250; x_wconf 89' lang='lat' dir='ltr'><strong>et</strong></span> <span class='ocrx_word' id='word_1_54' title='bbox 600 1207 856 1250; x_wconf 84' lang='lat' dir='ltr'><strong>secretum</strong></span> <span class='ocrx_word' id='word_1_55' title='bbox 886 1199 1008 1261; x_wconf 90' lang='lat' dir='ltr'><strong>loci,</strong></span> <span class='ocrx_word' id='word_1_56' title='bbox 1031 1206 1088 1249; x_wconf 91' lang='lat' dir='ltr'><strong>et</strong></span> <span class='ocrx_word' id='word_1_57' title='bbox 1110 1198 1390 1249; x_wconf 79' lang='lat' dir='ltr'><strong>admiratio</strong></span> 
     </span>
     <span class='ocr_line' id='line_1_12' title="bbox 325 1275 1391 1341; baseline -0.004 -13"><span class='ocrx_word' id='word_1_58' title='bbox 325 1277 547 1341; x_wconf 66' lang='lat' dir='ltr'><strong>umbra,</strong></span> <span class='ocrx_word' id='word_1_59' title='bbox 572 1276 624 1326; x_wconf 86' lang='lat' dir='ltr'><strong>in</strong></span> <span class='ocrx_word' id='word_1_60' title='bbox 664 1283 850 1340; x_wconf 85' lang='lat' dir='ltr'><strong>aperto</strong></span> <span class='ocrx_word' id='word_1_61' title='bbox 888 1282 991 1326; x_wconf 77' lang='lat' dir='ltr'><strong>tem</strong></span> <span class='ocrx_word' id='word_1_62' title='bbox 1026 1275 1202 1325; x_wconf 73' lang='lat' dir='ltr'><strong>densae</strong></span> <span class='ocrx_word' id='word_1_63' title='bbox 1234 1283 1391 1339; x_wconf 84' lang='lat' dir='ltr'><strong>atque</strong></span> 
     </span>
     <span class='ocr_line' id='line_1_13' title="bbox 326 1349 1392 1416; baseline -0.003 -12"><span class='ocrx_word' id='word_1_64' title='bbox 326 1353 607 1416; x_wconf 81' lang='lat' dir='ltr'><strong>eontinuae,</strong></span> <span class='ocrx_word' id='word_1_65' title='bbox 642 1352 798 1403; x_wconf 83' lang='lat' dir='ltr'><strong>fidem</strong></span> <span class='ocrx_word' id='word_1_66' title='bbox 832 1352 930 1402; x_wconf 88' lang='lat' dir='ltr'><strong>tibi</strong></span> <span class='ocrx_word' id='word_1_67' title='bbox 968 1352 1190 1401; x_wconf 87' lang='lat' dir='ltr'><strong>numinis</strong></span> <span class='ocrx_word' id='word_1_68' title='bbox 1224 1349 1392 1402; x_wconf 59' lang='lat' dir='ltr'><strong>fucit!</strong></span> 
     </span>
     <span class='ocr_line' id='line_1_14' title="bbox 328 1428 1392 1490; baseline -0.003 -9"><span class='ocrx_word' id='word_1_69' title='bbox 328 1429 491 1481; x_wconf 80' lang='lat' dir='ltr'><strong>ovid.</strong></span> <span class='ocrx_word' id='word_1_70' title='bbox 525 1428 704 1479; x_wconf 84' lang='lat' dir='ltr'><strong>Amor.</strong></span> <span class='ocrx_word' id='word_1_71' title='bbox 728 1442 820 1479; x_wconf 84' lang='grc' dir='ltr'><strong>ιιι.</strong></span> <span class='ocrx_word' id='word_1_72' title='bbox 846 1434 892 1478; x_wconf 94' lang='grc'><strong>1.</strong></span> <span class='ocrx_word' id='word_1_73' title='bbox 934 1428 1092 1479; x_wconf 77' lang='lat' dir='ltr'><strong>‘Stet</strong></span> <span class='ocrx_word' id='word_1_74' title='bbox 1127 1435 1301 1490; x_wconf 78' lang='lat' dir='ltr'><strong>vetus,</strong></span> <span class='ocrx_word' id='word_1_75' title='bbox 1336 1435 1392 1478; x_wconf 91' lang='lat' dir='ltr'><strong>et</strong></span> 
     </span>
     <span class='ocr_line' id='line_1_15' title="bbox 326 1504 1392 1569; baseline -0.003 -12"><span class='ocrx_word' id='word_1_76' title='bbox 326 1507 521 1557; x_wconf 80' lang='lat' dir='ltr'><strong>multos</strong></span> <span class='ocrx_word' id='word_1_77' title='bbox 541 1506 750 1556; x_wconf 83' lang='lat' dir='ltr'><strong>ineidua</strong></span> <span class='ocrx_word' id='word_1_78' title='bbox 773 1506 904 1556; x_wconf 78' lang='lat' dir='ltr'><strong>silva</strong></span> <span class='ocrx_word' id='word_1_79' title='bbox 927 1519 1022 1569; x_wconf 91' lang='lat' dir='ltr'><strong>per</strong></span> <span class='ocrx_word' id='word_1_80' title='bbox 1040 1518 1232 1566; x_wconf 72' lang='lat' dir='ltr'><strong>annos3</strong></span> <span class='ocrx_word' id='word_1_81' title='bbox 1266 1504 1392 1554; x_wconf 91' lang='lat' dir='ltr'><strong>Cre-</strong></span> 
     </span>
    </p>
   </div>
   <div class='ocr_carea' id='block_1_3' title="bbox 328 1580 1400 1640">
    <p class='ocr_par' dir='ltr' id='par_1_3' title="bbox 328 1580 1400 1640">
     <span class='ocr_line' id='line_1_16' title="bbox 328 1580 1400 1640; baseline -0.002 -8"><span class='ocrx_word' id='word_1_82' title='bbox 328 1583 494 1635; x_wconf 84' lang='lat' dir='ltr'><strong>dibile</strong></span> <span class='ocrx_word' id='word_1_83' title='bbox 533 1589 636 1640; x_wconf 83' lang='lat' dir='ltr'><strong>est,</strong></span> <span class='ocrx_word' id='word_1_84' title='bbox 680 1582 757 1633; x_wconf 89' lang='lat' dir='ltr'><strong>illi</strong></span> <span class='ocrx_word' id='word_1_85' title='bbox 796 1582 985 1632; x_wconf 74' lang='lat' dir='ltr'><strong>numen</strong></span> <span class='ocrx_word' id='word_1_86' title='bbox 1029 1582 1201 1631; x_wconf 86' lang='lat' dir='ltr'><strong>inesse</strong></span> <span class='ocrx_word' id='word_1_87' title='bbox 1245 1580 1400 1632; x_wconf 83' lang='lat' dir='ltr'><strong>loco.&#39;</strong></span> 
     </span>
    </p>
   </div>
   <div class='ocr_carea' id='block_1_4' title="bbox 324 1659 1412 3647">
    <p class='ocr_par' dir='ltr' id='par_1_4' title="bbox 324 1659 1399 2017">
     <span class='ocr_line' id='line_1_17' title="bbox 327 1659 1394 1724; baseline -0.004 -12"><span class='ocrx_word' id='word_1_88' title='bbox 327 1661 415 1712; x_wconf 82' lang='lat' dir='ltr'><strong>De</strong></span> <span class='ocrx_word' id='word_1_89' title='bbox 437 1661 752 1712; x_wconf 84' lang='lat' dir='ltr'><strong>consecratis</strong></span> <span class='ocrx_word' id='word_1_90' title='bbox 776 1661 1045 1724; x_wconf 85' lang='lat' dir='ltr'><strong>gentilium</strong></span> <span class='ocrx_word' id='word_1_91' title='bbox 1067 1660 1216 1720; x_wconf 84' lang='lat' dir='ltr'><strong>lucis,</strong></span> <span class='ocrx_word' id='word_1_92' title='bbox 1231 1659 1283 1708; x_wconf 89' lang='lat' dir='ltr'><strong>in</strong></span> <span class='ocrx_word' id='word_1_93' title='bbox 1303 1672 1394 1723; x_wconf 84' lang='lat' dir='ltr'><strong>pe-</strong></span> 
     </span>
     <span class='ocr_line' id='line_1_18' title="bbox 329 1735 1395 1798; baseline -0.004 -10"><span class='ocrx_word' id='word_1_94' title='bbox 329 1737 513 1789; x_wconf 79' lang='lat' dir='ltr'><strong>culiari</strong></span> <span class='ocrx_word' id='word_1_95' title='bbox 549 1738 941 1798; x_wconf 72' lang='lat' dir='ltr'><strong>dissertatione,</strong></span> <span class='ocrx_word' id='word_1_96' title='bbox 987 1750 1070 1786; x_wconf 83' lang='lat' dir='ltr'><strong>sn.</strong></span> <span class='ocrx_word' id='word_1_97' title='bbox 1110 1740 1259 1786; x_wconf 86' lang='grc'><strong>1686.</strong></span> <span class='ocrx_word' id='word_1_98' title='bbox 1305 1735 1395 1785; x_wconf 86' lang='grc' dir='ltr'><strong>ΑΙ·</strong></span> 
     </span>
     <span class='ocr_line' id='line_1_19' title="bbox 330 1810 1396 1876; baseline -0.006 -11"><span class='ocrx_word' id='word_1_99' title='bbox 330 1813 469 1865; x_wconf 79' lang='lat' dir='ltr'><strong>tertii</strong></span> <span class='ocrx_word' id='word_1_100' title='bbox 522 1813 717 1873; x_wconf 81' lang='lat' dir='ltr'><strong>habitu,</strong></span> <span class='ocrx_word' id='word_1_101' title='bbox 760 1826 826 1862; x_wconf 84' lang='lat' dir='ltr'><strong>ex</strong></span> <span class='ocrx_word' id='word_1_102' title='bbox 882 1812 1124 1862; x_wconf 82' lang='lat' dir='ltr'><strong>instituto</strong></span> <span class='ocrx_word' id='word_1_103' title='bbox 1170 1810 1279 1876; x_wconf 83' lang='lat' dir='ltr'><strong>egit</strong></span> <span class='ocrx_word' id='word_1_104' title='bbox 1317 1811 1396 1860; x_wconf 85' lang='lat' dir='ltr'><strong>vir</strong></span> 
     </span>
     <span class='ocr_line' id='line_1_20' title="bbox 324 1887 1399 1955; baseline -0.002 -15"><span class='ocrx_word' id='word_1_105' title='bbox 324 1888 592 1955; x_wconf 74' lang='lat' dir='ltr'><strong>quondam</strong></span> <span class='ocrx_word' id='word_1_106' title='bbox 632 1889 976 1945; x_wconf 84' lang='lat' dir='ltr'><strong>doctissimus,</strong></span> <span class='ocrx_word' id='word_1_107' title='bbox 1017 1887 1184 1938; x_wconf 83' lang='lat' dir='ltr'><strong>Andr.</strong></span> <span class='ocrx_word' id='word_1_108' title='bbox 1223 1887 1399 1938; x_wconf 82' lang='lat' dir='ltr'><strong>Chris·</strong></span> 
     </span>
     <span class='ocr_line' id='line_1_21' title="bbox 332 1964 1242 2017; baseline -0.002 0"><span class='ocrx_word' id='word_1_109' title='bbox 332 1967 507 2017; x_wconf 83' lang='lat' dir='ltr'><strong>tianus</strong></span> <span class='ocrx_word' id='word_1_110' title='bbox 530 1965 966 2016; x_wconf 80' lang='lat' dir='ltr'><strong>Escbeubachius.</strong></span> <span class='ocrx_word' id='word_1_111' title='bbox 999 1964 1242 2015; x_wconf 69' lang='lat' dir='ltr'><strong>Schmun.</strong></span> 
     </span>
    </p>

    <p class='ocr_par' dir='ltr' id='par_1_5' title="bbox 326 2040 1409 3479">
     <span class='ocr_line' id='line_1_22' title="bbox 403 2040 1395 2104; baseline -0.003 -11"><span class='ocrx_word' id='word_1_112' title='bbox 403 2040 982 2104; x_wconf 68' lang='lat' dir='ltr'><strong>Occursaremuminibus]</strong></span> <span class='ocrx_word' id='word_1_113' title='bbox 1016 2042 1064 2092; x_wconf 86' lang='lat'><strong>1.</strong></span> <span class='ocrx_word' id='word_1_114' title='bbox 1093 2057 1143 2092; x_wconf 88' lang='lat' dir='ltr'><strong>e.</strong></span> <span class='ocrx_word' id='word_1_115' title='bbox 1177 2041 1395 2092; x_wconf 85' lang='lat' dir='ltr'><strong>numini·</strong></span> 
     </span>
     <span class='ocr_line' id='line_1_23' title="bbox 332 2118 1397 2182; baseline -0.003 -12"><span class='ocrx_word' id='word_1_116' title='bbox 332 2118 432 2170; x_wconf 85' lang='lat' dir='ltr'><strong>bus</strong></span> <span class='ocrx_word' id='word_1_117' title='bbox 460 2118 766 2169; x_wconf 80' lang='lat' dir='ltr'><strong>venerandis</strong></span> <span class='ocrx_word' id='word_1_118' title='bbox 790 2118 1161 2182; x_wconf 77' lang='lat' dir='ltr'><strong>placendisque</strong></span> <span class='ocrx_word' id='word_1_119' title='bbox 1183 2132 1397 2181; x_wconf 78' lang='lat' dir='ltr'><strong>operam</strong></span> 
     </span>
     <span class='ocr_line' id='line_1_24' title="bbox 333 2195 1399 2260; baseline 0 -15"><span class='ocrx_word' id='word_1_120' title='bbox 333 2195 481 2245; x_wconf 82' lang='lat' dir='ltr'><strong>dare.</strong></span> <span class='ocrx_word' id='word_1_121' title='bbox 561 2196 718 2246; x_wconf 88' lang='lat' dir='ltr'><strong>Unde</strong></span> <span class='ocrx_word' id='word_1_122' title='bbox 759 2203 814 2246; x_wconf 87' lang='lat' dir='ltr'><strong>et</strong></span> <span class='ocrx_word' id='word_1_123' title='bbox 856 2196 958 2246; x_wconf 85' lang='lat' dir='ltr'><strong>boc</strong></span> <span class='ocrx_word' id='word_1_124' title='bbox 999 2196 1213 2246; x_wconf 79' lang='lat' dir='ltr'><strong>verbum</strong></span> <span class='ocrx_word' id='word_1_125' title='bbox 1258 2196 1399 2260; x_wconf 86' lang='lat' dir='ltr'><strong>epud</strong></span> 
     </span>
     <span class='ocr_line' id='line_1_25' title="bbox 332 2272 1399 2329; baseline 0 -7"><span class='ocrx_word' id='word_1_126' title='bbox 332 2273 595 2323; x_wconf 84' lang='lat' dir='ltr'><strong>Romanos</strong></span> <span class='ocrx_word' id='word_1_127' title='bbox 617 2273 891 2323; x_wconf 71' lang='lat' dir='ltr'>dicebatur</span> <span class='ocrx_word' id='word_1_128' title='bbox 925 2272 991 2323; x_wconf 87' lang='lat' dir='ltr'><strong>de</strong></span> <span class='ocrx_word' id='word_1_129' title='bbox 1021 2272 1194 2329; x_wconf 86' lang='lat' dir='ltr'><strong>studio</strong></span> <span class='ocrx_word' id='word_1_130' title='bbox 1219 2272 1399 2323; x_wconf 81' lang='lat' dir='ltr'><strong>candi·</strong></span> 
     </span>
     <span class='ocr_line' id='line_1_26' title="bbox 334 2350 1401 2419; baseline -0.001 -19"><span class='ocrx_word' id='word_1_131' title='bbox 334 2351 597 2414; x_wconf 81' lang='lat' dir='ltr'><strong>datorum,</strong></span> <span class='ocrx_word' id='word_1_132' title='bbox 614 2351 701 2416; x_wconf 91' lang='lat' dir='ltr'><strong>qui</strong></span> <span class='ocrx_word' id='word_1_133' title='bbox 724 2350 1066 2419; x_wconf 81' lang='lat' dir='ltr'><strong>occurrebant</strong></span> <span class='ocrx_word' id='word_1_134' title='bbox 1090 2350 1154 2401; x_wconf 89' lang='lat' dir='ltr'><strong>iis</strong></span> <span class='ocrx_word' id='word_1_135' title='bbox 1171 2350 1401 2400; x_wconf 75' lang='lat' dir='ltr'><strong>salutan-</strong></span> 
     </span>
     <span class='ocr_line' id='line_1_27' title="bbox 335 2425 1401 2493; baseline -0.001 -16"><span class='ocrx_word' id='word_1_136' title='bbox 335 2425 417 2477; x_wconf 93' lang='lat' dir='ltr'><strong>dis</strong></span> <span class='ocrx_word' id='word_1_137' title='bbox 431 2433 486 2477; x_wconf 88' lang='lat' dir='ltr'><strong>et</strong></span> <span class='ocrx_word' id='word_1_138' title='bbox 504 2426 827 2491; x_wconf 75' lang='lat' dir='ltr'><strong>premendis,</strong></span> <span class='ocrx_word' id='word_1_139' title='bbox 848 2441 1065 2493; x_wconf 85' lang='lat' dir='ltr'><strong>quorum</strong></span> <span class='ocrx_word' id='word_1_140' title='bbox 1091 2427 1401 2477; x_wconf 72' lang='lat' dir='ltr'><strong>benevolen-</strong></span> 
     </span>
     <span class='ocr_line' id='line_1_28' title="bbox 335 2503 1401 2568; baseline -0.001 -13"><span class='ocrx_word' id='word_1_141' title='bbox 335 2505 463 2555; x_wconf 75' lang='lat' dir='ltr'><strong>tiam</strong></span> <span class='ocrx_word' id='word_1_142' title='bbox 487 2513 543 2555; x_wconf 87' lang='lat' dir='ltr'><strong>et</strong></span> <span class='ocrx_word' id='word_1_143' title='bbox 562 2503 860 2568; x_wconf 73' lang='lat' dir='ltr'><strong>suffragium</strong></span> <span class='ocrx_word' id='word_1_144' title='bbox 885 2504 984 2554; x_wconf 89' lang='lat' dir='ltr'><strong>sibi</strong></span> <span class='ocrx_word' id='word_1_145' title='bbox 1017 2504 1300 2554; x_wconf 81' lang='lat' dir='ltr'><strong>conciliare</strong></span> <span class='ocrx_word' id='word_1_146' title='bbox 1323 2507 1401 2554; x_wconf 83' lang='lat' dir='ltr'><strong>ni-</strong></span> 
     </span>
     <span class='ocr_line' id='line_1_29' title="bbox 336 2581 1400 2646; baseline -0.001 -14"><span class='ocrx_word' id='word_1_147' title='bbox 336 2581 602 2632; x_wconf 79' lang='lat' dir='ltr'><strong>tebantur.</strong></span> <span class='ocrx_word' id='word_1_148' title='bbox 665 2582 780 2632; x_wconf 88' lang='lat' dir='ltr'><strong>Cic.</strong></span> <span class='ocrx_word' id='word_1_149' title='bbox 806 2596 902 2646; x_wconf 91' lang='lat' dir='ltr'><strong>pro</strong></span> <span class='ocrx_word' id='word_1_150' title='bbox 924 2581 1142 2642; x_wconf 81' lang='lat' dir='ltr'><strong>Milone,</strong></span> <span class='ocrx_word' id='word_1_151' title='bbox 1179 2595 1296 2644; x_wconf 77' lang='lat' dir='ltr'><strong>cep-</strong></span> <span class='ocrx_word' id='word_1_152' title='bbox 1317 2584 1400 2631; x_wconf 71' lang='lat'><strong>85.</strong></span> 
     </span>
     <span class='ocr_line' id='line_1_30' title="bbox 334 2656 1403 2714; baseline -0.002 -7"><span class='ocrx_word' id='word_1_153' title='bbox 334 2656 353 2686; x_wconf 79' lang='lat'>⁸</span> <span class='ocrx_word' id='word_1_154' title='bbox 372 2658 586 2708; x_wconf 85' lang='lat' dir='ltr'><strong>Vestras</strong></span> <span class='ocrx_word' id='word_1_155' title='bbox 609 2664 665 2709; x_wconf 89' lang='lat' dir='ltr'><strong>et</strong></span> <span class='ocrx_word' id='word_1_156' title='bbox 689 2663 974 2709; x_wconf 85' lang='lat' dir='ltr'><strong>vestrorum</strong></span> <span class='ocrx_word' id='word_1_157' title='bbox 998 2659 1403 2714; x_wconf 74' lang='lat' dir='ltr'><strong>occur-sationes,</strong></span> 
     </span>
     <span class='ocr_line' id='line_1_31' title="bbox 337 2735 1402 2801; baseline -0.002 -17"><span class='ocrx_word' id='word_1_158' title='bbox 337 2735 531 2796; x_wconf 77' lang='lat' dir='ltr'><strong>studia,</strong></span> <span class='ocrx_word' id='word_1_159' title='bbox 568 2740 856 2801; x_wconf 63' lang='lat' dir='ltr'><strong>sermones„</strong></span> <span class='ocrx_word' id='word_1_160' title='bbox 886 2748 1247 2798; x_wconf 79' lang='lat' dir='ltr'>quemcunque</span> <span class='ocrx_word' id='word_1_161' title='bbox 1286 2746 1402 2782; x_wconf 88' lang='lat' dir='ltr'><strong>cur-</strong></span> 
     </span>
     <span class='ocr_line' id='line_1_32' title="bbox 335 2809 1403 2874; baseline -0.002 -13"><span class='ocrx_word' id='word_1_162' title='bbox 335 2825 451 2861; x_wconf 84' lang='lat' dir='ltr'><strong>sum</strong></span> <span class='ocrx_word' id='word_1_163' title='bbox 483 2810 697 2861; x_wconf 83' lang='lat' dir='ltr'><strong>fortuna</strong></span> <span class='ocrx_word' id='word_1_164' title='bbox 731 2810 959 2874; x_wconf 78' lang='lat' dir='ltr'><strong>dederit,</strong></span> <span class='ocrx_word' id='word_1_165' title='bbox 991 2825 1167 2861; x_wconf 85' lang='lat' dir='ltr'><strong>secum</strong></span> <span class='ocrx_word' id='word_1_166' title='bbox 1207 2809 1403 2859; x_wconf 79' lang='lat' dir='ltr'><strong>ablatu-</strong></span> 
     </span>
     <span class='ocr_line' id='line_1_33' title="bbox 336 2886 1406 2938; baseline -0.003 -1"><span class='ocrx_word' id='word_1_167' title='bbox 336 2901 453 2938; x_wconf 86' lang='lat' dir='ltr'><strong>rum</strong></span> <span class='ocrx_word' id='word_1_168' title='bbox 474 2886 653 2938; x_wconf 62' lang='lat' dir='ltr'><strong>&#39;dicitl</strong></span> <span class='ocrx_word' id='word_1_169' title='bbox 735 2886 821 2938; x_wconf 83' lang='lat' dir='ltr'><strong>ef.</strong></span> <span class='ocrx_word' id='word_1_170' title='bbox 854 2893 1038 2937; x_wconf 73' lang='lat' dir='ltr'><strong>notata</strong></span> <span class='ocrx_word' id='word_1_171' title='bbox 1074 2887 1140 2935; x_wconf 80' lang='lat' dir='ltr'><strong>ed</strong></span> <span class='ocrx_word' id='word_1_172' title='bbox 1176 2898 1319 2935; x_wconf 87' lang='lat' dir='ltr'>xxv.</span> <span class='ocrx_word' id='word_1_173' title='bbox 1356 2890 1406 2935; x_wconf 80' lang='lat'><strong>5.</strong></span> 
     </span>
     <span class='ocr_line' id='line_1_34' title="bbox 337 2963 1405 3029; baseline -0.003 -15"><span class='ocrx_word' id='word_1_174' title='bbox 337 2963 422 3014; x_wconf 77' lang='lat' dir='ltr'><strong>Ex</strong></span> <span class='ocrx_word' id='word_1_175' title='bbox 465 2964 784 3029; x_wconf 73' lang='lat' dir='ltr'><strong>mythologie</strong></span> <span class='ocrx_word' id='word_1_176' title='bbox 824 2977 947 3014; x_wconf 80' lang='lat' dir='ltr'><strong>vero</strong></span> <span class='ocrx_word' id='word_1_177' title='bbox 1002 2969 1232 3024; x_wconf 82' lang='lat' dir='ltr'><strong>constat,</strong></span> <span class='ocrx_word' id='word_1_178' title='bbox 1286 2976 1405 3027; x_wconf 74' lang='lat' dir='ltr'><strong>quae</strong></span> 
     </span>
     <span class='ocr_line' id='line_1_35' title="bbox 335 3037 1405 3105; baseline -0.002 -16"><span class='ocrx_word' id='word_1_179' title='bbox 335 3038 664 3105; x_wconf 84' lang='lat' dir='ltr'><strong>potissimum</strong></span> <span class='ocrx_word' id='word_1_180' title='bbox 714 3039 924 3089; x_wconf 81' lang='lat' dir='ltr'><strong>numina</strong></span> <span class='ocrx_word' id='word_1_181' title='bbox 975 3039 1285 3089; x_wconf 75' lang='lat' dir='ltr'><strong>venantibus</strong></span> <span class='ocrx_word' id='word_1_182' title='bbox 1328 3037 1405 3088; x_wconf 80' lang='lat' dir='ltr'><strong>fa·</strong></span> 
     </span>
     <span class='ocr_line' id='line_1_36' title="bbox 326 3114 1408 3178; baseline 0.002 -15"><span class='ocrx_word' id='word_1_183' title='bbox 326 3129 467 3168; x_wconf 44' lang='lat' dir='ltr'><strong>‘vere</strong></span> <span class='ocrx_word' id='word_1_184' title='bbox 496 3114 703 3165; x_wconf 87' lang='lat' dir='ltr'><strong>credita</strong></span> <span class='ocrx_word' id='word_1_185' title='bbox 732 3115 855 3171; x_wconf 87' lang='lat' dir='ltr'><strong>sint,</strong></span> <span class='ocrx_word' id='word_1_186' title='bbox 885 3122 943 3167; x_wconf 91' lang='lat' dir='ltr'><strong>et</strong></span> <span class='ocrx_word' id='word_1_187' title='bbox 973 3115 1026 3164; x_wconf 90' lang='lat' dir='ltr'><strong>iu</strong></span> <span class='ocrx_word' id='word_1_188' title='bbox 1066 3115 1211 3165; x_wconf 82' lang='lat' dir='ltr'><strong>silvis</strong></span> <span class='ocrx_word' id='word_1_189' title='bbox 1244 3116 1408 3178; x_wconf 78' lang='lat' dir='ltr'><strong>egris·</strong></span> 
     </span>
     <span class='ocr_line' id='line_1_37' title="bbox 338 3194 1409 3259; baseline -0.001 -16"><span class='ocrx_word' id='word_1_190' title='bbox 338 3204 443 3259; x_wconf 83' lang='lat' dir='ltr'><strong>que</strong></span> <span class='ocrx_word' id='word_1_191' title='bbox 466 3194 566 3243; x_wconf 91' lang='lat' dir='ltr'><strong>coli</strong></span> <span class='ocrx_word' id='word_1_192' title='bbox 588 3194 977 3243; x_wconf 82' lang='lat' dir='ltr'><strong>consueverint:</strong></span> <span class='ocrx_word' id='word_1_193' title='bbox 1004 3208 1194 3257; x_wconf 81' lang='lat' dir='ltr'><strong>nempe</strong></span> <span class='ocrx_word' id='word_1_194' title='bbox 1211 3194 1409 3251; x_wconf 73' lang='lat' dir='ltr'><strong>Diana,</strong></span> 
     </span>
     <span class='ocr_line' id='line_1_38' title="bbox 339 3267 1409 3335; baseline -0.002 -15"><span class='ocrx_word' id='word_1_195' title='bbox 339 3268 475 3335; x_wconf 77' lang='lat' dir='ltr'><strong>(vid.</strong></span> <span class='ocrx_word' id='word_1_196' title='bbox 487 3267 668 3320; x_wconf 88' lang='lat' dir='ltr'><strong>Nostr.</strong></span> <span class='ocrx_word' id='word_1_197' title='bbox 684 3271 853 3334; x_wconf 81' lang='lat' dir='ltr'><strong>Epist.</strong></span> <span class='ocrx_word' id='word_1_198' title='bbox 874 3284 914 3320; x_wconf 84' lang='grc' dir='ltr'><strong>ι.</strong></span> <span class='ocrx_word' id='word_1_199' title='bbox 931 3269 1013 3335; x_wconf 75' lang='grc'><strong>6,.)</strong></span> <span class='ocrx_word' id='word_1_200' title='bbox 1033 3271 1163 3327; x_wconf 82' lang='lat' dir='ltr'><strong>Pan,</strong></span> <span class='ocrx_word' id='word_1_201' title='bbox 1177 3271 1409 3333; x_wconf 84' lang='lat' dir='ltr'><strong>Faunus,</strong></span> 
     </span>
     <span class='ocr_line' id='line_1_39' title="bbox 340 3350 1406 3416; baseline -0.002 -13"><span class='ocrx_word' id='word_1_202' title='bbox 340 3351 541 3416; x_wconf 77' lang='lat' dir='ltr'><strong>Satyri,</strong></span> <span class='ocrx_word' id='word_1_203' title='bbox 575 3351 835 3415; x_wconf 75' lang='lat' dir='ltr'><strong>Silvanus,</strong></span> <span class='ocrx_word' id='word_1_204' title='bbox 880 3350 1162 3416; x_wconf 64' lang='lat' dir='ltr'><strong>Nymphae,</strong></span> <span class='ocrx_word' id='word_1_205' title='bbox 1201 3352 1256 3400; x_wconf 86' lang='lat' dir='ltr'><strong>et</strong></span> <span class='ocrx_word' id='word_1_206' title='bbox 1299 3350 1406 3401; x_wconf 84' lang='lat' dir='ltr'><strong>alii.</strong></span> 
     </span>
     <span class='ocr_line' id='line_1_40' title="bbox 336 3428 501 3479; baseline 0.006 -1"><span class='ocrx_word' id='word_1_207' title='bbox 336 3428 501 3479; x_wconf 64' lang='lat' dir='ltr'><strong>Idem.</strong></span> 
     </span>
    </p>

    <p class='ocr_par' dir='ltr' id='par_1_6' title="bbox 332 3501 1412 3647">
     <span class='ocr_line' id='line_1_41' title="bbox 410 3501 1411 3571; baseline -0.001 -16"><span class='ocrx_word' id='word_1_208' title='bbox 410 3506 727 3571; x_wconf 75' lang='lat' dir='ltr'><strong>Numinibus]</strong></span> <span class='ocrx_word' id='word_1_209' title='bbox 765 3505 1043 3567; x_wconf 76' lang='lat' dir='ltr'><strong>Lucerum.</strong></span> <span class='ocrx_word' id='word_1_210' title='bbox 1059 3501 1302 3566; x_wconf 80' lang='lat' dir='ltr'><strong>fontium,</strong></span> <span class='ocrx_word' id='word_1_211' title='bbox 1313 3502 1411 3554; x_wconf 85' lang='lat' dir='ltr'><strong>flu·</strong></span> 
     </span>
     <span class='ocr_line' id='line_1_42' title="bbox 332 3580 1412 3647; baseline -0.004 -14"><span class='ocrx_word' id='word_1_212' title='bbox 332 3581 557 3641; x_wconf 75' lang='lat' dir='ltr'><strong>minum,</strong></span> <span class='ocrx_word' id='word_1_213' title='bbox 600 3584 788 3647; x_wconf 83' lang='lat' dir='ltr'><strong>quibus</strong></span> <span class='ocrx_word' id='word_1_214' title='bbox 831 3581 1045 3644; x_wconf 78' lang='lat' dir='ltr'><strong>singuiis</strong></span> <span class='ocrx_word' id='word_1_215' title='bbox 1088 3596 1185 3631; x_wconf 81' lang='lat' dir='ltr'><strong>sua</strong></span> <span class='ocrx_word' id='word_1_216' title='bbox 1228 3580 1412 3630; x_wconf 79' lang='lat' dir='ltr'><strong>adesse</strong></span> 
     </span>
    </p>
   </div>
   <div class='ocr_carea' id='block_1_5' title="bbox 342 3656 1414 3722">
    <p class='ocr_par' dir='ltr' id='par_1_7' title="bbox 342 3656 1414 3722">
     <span class='ocr_line' id='line_1_43' title="bbox 342 3656 1414 3722; baseline -0.004 -13"><span class='ocrx_word' id='word_1_217' title='bbox 342 3660 559 3710; x_wconf 79' lang='lat' dir='ltr'><strong>nurnine</strong></span> <span class='ocrx_word' id='word_1_218' title='bbox 582 3667 789 3710; x_wconf 82' lang='lat' dir='ltr'><strong>veteres</strong></span> <span class='ocrx_word' id='word_1_219' title='bbox 807 3659 1170 3722; x_wconf 75' lang='lat' dir='ltr'><strong>opinabantur.</strong></span> <span class='ocrx_word' id='word_1_220' title='bbox 1192 3656 1414 3707; x_wconf 68' lang='lat' dir='ltr'><strong>Putat-ol.</strong></span> 
     </span>
    </p>
   </div>
   <div class='ocr_carea' id='block_1_6' title="bbox 344 3734 1412 3879">
    <p class='ocr_par' dir='ltr' id='par_1_8' title="bbox 344 3734 1412 3879">
     <span class='ocr_line' id='line_1_44' title="bbox 417 3734 1412 3800; baseline -0.004 -15"><span class='ocrx_word' id='word_1_221' title='bbox 417 3736 573 3800; x_wconf 76' lang='lat' dir='ltr'><strong>Olim]</strong></span> <span class='ocrx_word' id='word_1_222' title='bbox 623 3734 912 3785; x_wconf 85' lang='lat' dir='ltr'><strong>Abundant</strong></span> <span class='ocrx_word' id='word_1_223' title='bbox 956 3735 1210 3798; x_wconf 82' lang='lat' dir='ltr'><strong>exemplis</strong></span> <span class='ocrx_word' id='word_1_224' title='bbox 1254 3734 1412 3782; x_wconf 80' lang='lat' dir='ltr'><strong>histo-</strong></span> 
     </span>
     <span class='ocr_line' id='line_1_45' title="bbox 344 3808 1412 3879; baseline -0.007 -17"><span class='ocrx_word' id='word_1_225' title='bbox 344 3812 568 3863; x_wconf 80' lang='lat' dir='ltr'><strong>ricorum</strong></span> <span class='ocrx_word' id='word_1_226' title='bbox 608 3818 668 3861; x_wconf 88' lang='lat' dir='ltr'><strong>et</strong></span> <span class='ocrx_word' id='word_1_227' title='bbox 712 3810 989 3879; x_wconf 61' lang='lat' dir='ltr'><strong>poetarum</strong></span> <span class='ocrx_word' id='word_1_228' title='bbox 1024 3810 1162 3860; x_wconf 80' lang='lat' dir='ltr'><strong>iibri.</strong></span> <span class='ocrx_word' id='word_1_229' title='bbox 1230 3808 1412 3858; x_wconf 84' lang='lat' dir='ltr'><strong>Videri</strong></span> 
     </span>
    </p>
   </div>
   <div class='ocr_carea' id='block_1_7' title="bbox 345 3886 1413 4016">
    <p class='ocr_par' dir='ltr' id='par_1_9' title="bbox 345 3886 1413 4016">
     <span class='ocr_line' id='line_1_46' title="bbox 346 3886 1413 3954; baseline -0.002 -16"><span class='ocrx_word' id='word_1_230' title='bbox 346 3895 526 3954; x_wconf 88' lang='lat' dir='ltr'><strong>potest</strong></span> <span class='ocrx_word' id='word_1_231' title='bbox 548 3902 657 3952; x_wconf 78' lang='lat' dir='ltr'><strong>prae</strong></span> <span class='ocrx_word' id='word_1_232' title='bbox 687 3888 880 3939; x_wconf 86' lang='lat' dir='ltr'><strong>ceteris</strong></span> <span class='ocrx_word' id='word_1_233' title='bbox 912 3888 1201 3952; x_wconf 83' lang='lat' dir='ltr'><strong>Xenophon</strong></span> <span class='ocrx_word' id='word_1_234' title='bbox 1221 3886 1288 3936; x_wconf 93' lang='lat' dir='ltr'><strong>de</strong></span> <span class='ocrx_word' id='word_1_235' title='bbox 1311 3886 1413 3936; x_wconf 85' lang='lat' dir='ltr'><strong>Ve-</strong></span> 
     </span>
     <span class='ocr_line' id='line_1_47' title="bbox 345 3966 768 4016; baseline 0 -1"><span class='ocrx_word' id='word_1_236' title='bbox 345 3967 581 4016; x_wconf 80' lang='lat' dir='ltr'><strong>nutione.</strong></span> <span class='ocrx_word' id='word_1_237' title='bbox 614 3966 768 4016; x_wconf 78' lang='lat' dir='ltr'><strong>Idem.</strong></span> 
     </span>
    </p>
   </div>
   <div class='ocr_carea' id='block_1_8' title="bbox 416 4039 1414 4107">
    <p class='ocr_par' dir='ltr' id='par_1_10' title="bbox 416 4039 1414 4107">
     <span class='ocr_line' id='line_1_48' title="bbox 416 4039 1414 4107; baseline -0.001 -16"><span class='ocrx_word' id='word_1_238' title='bbox 416 4043 547 4091; x_wconf 82' lang='lat' dir='ltr'><strong>Olim</strong></span> <span class='ocrx_word' id='word_1_239' title='bbox 584 4042 687 4091; x_wconf 77' lang='lat' dir='ltr'><strong>hoec</strong></span> <span class='ocrx_word' id='word_1_240' title='bbox 718 4039 1040 4107; x_wconf 74' lang='lat' dir='ltr'><strong>experientia]</strong></span> <span class='ocrx_word' id='word_1_241' title='bbox 1091 4040 1307 4099; x_wconf 87' lang='lat' dir='ltr'><strong>Dubito,</strong></span> <span class='ocrx_word' id='word_1_242' title='bbox 1347 4052 1414 4091; x_wconf 87' lang='lat' dir='ltr'><strong>an</strong></span> 
     </span>
    </p>
   </div>
   <div class='ocr_carea' id='block_1_9' title="bbox 344 4115 1673 4183">
    <p class='ocr_par' dir='ltr' id='par_1_11' title="bbox 344 4115 1673 4183">
     <span class='ocr_line' id='line_1_49' title="bbox 344 4115 1673 4183; baseline -0.005 -14"><span class='ocrx_word' id='word_1_243' title='bbox 344 4130 475 4180; x_wconf 81' lang='lat' dir='ltr'><strong>non,</strong></span> <span class='ocrx_word' id='word_1_244' title='bbox 497 4120 835 4181; x_wconf 77' lang='lat' dir='ltr'><strong>experimenta.</strong></span> <span class='ocrx_word' id='word_1_245' title='bbox 902 4117 1007 4168; x_wconf 85' lang='lat' dir='ltr'><strong>Sed</strong></span> <span class='ocrx_word' id='word_1_246' title='bbox 1040 4118 1249 4183; x_wconf 78' lang='lat' dir='ltr'><strong>quando</strong></span> <span class='ocrx_word' id='word_1_247' title='bbox 1269 4115 1419 4169; x_wconf 77' lang='lat' dir='ltr'><strong>olim?</strong></span> <span class='ocrx_word' id='word_1_248' title='bbox 1490 4117 1673 4164; x_wconf 80' lang='lat' dir='ltr'><strong>saltus.</strong></span> 
     </span>
    </p>
   </div>
   <div class='ocr_carea' id='block_1_10' title="bbox 347 4192 1417 4339">
    <p class='ocr_par' dir='ltr' id='par_1_12' title="bbox 347 4192 1417 4339">
     <span class='ocr_line' id='line_1_50' title="bbox 347 4192 1416 4244; baseline -0.002 0"><span class='ocrx_word' id='word_1_249' title='bbox 347 4197 441 4244; x_wconf 74' lang='lat' dir='ltr'><strong>vix</strong></span> <span class='ocrx_word' id='word_1_250' title='bbox 468 4209 592 4244; x_wconf 82' lang='lat' dir='ltr'><strong>sane</strong></span> <span class='ocrx_word' id='word_1_251' title='bbox 625 4200 824 4244; x_wconf 79' lang='lat' dir='ltr'><strong>veteres</strong></span> <span class='ocrx_word' id='word_1_252' title='bbox 847 4195 1107 4243; x_wconf 79' lang='lat' dir='ltr'><strong>Romanos</strong></span> <span class='ocrx_word' id='word_1_253' title='bbox 1140 4192 1416 4243; x_wconf 76' lang='lat' dir='ltr'><strong>factitasse</strong></span> 
     </span>
     <span class='ocr_line' id='line_1_51' title="bbox 349 4269 1417 4339; baseline -0.002 -18"><span class='ocrx_word' id='word_1_254' title='bbox 349 4271 519 4337; x_wconf 75' lang='lat' dir='ltr'><strong>legas,</strong></span> <span class='ocrx_word' id='word_1_255' title='bbox 560 4271 649 4337; x_wconf 84' lang='lat' dir='ltr'><strong>qui</strong></span> <span class='ocrx_word' id='word_1_256' title='bbox 693 4285 725 4320; x_wconf 82' lang='lat' dir='ltr'><strong>e</strong></span> <span class='ocrx_word' id='word_1_257' title='bbox 766 4271 933 4339; x_wconf 85' lang='lat' dir='ltr'><strong>prime</strong></span> <span class='ocrx_word' id='word_1_258' title='bbox 976 4269 1330 4322; x_wconf 81' lang='lat' dir='ltr'><strong>adolescentia</strong></span> <span class='ocrx_word' id='word_1_259' title='bbox 1363 4270 1417 4319; x_wconf 81' lang='lat' dir='ltr'><strong>in</strong></span> 
     </span>
    </p>
   </div>
   <div class='ocr_carea' id='block_1_11' title="bbox 2393 350 2525 419">
    <p class='ocr_par' dir='ltr' id='par_1_13' title="bbox 2393 350 2525 419">
     <span class='ocr_line' id='line_1_52' title="bbox 2393 350 2525 419; baseline 0.008 -1"><span class='ocrx_word' id='word_1_260' title='bbox 2393 350 2525 419; x_wconf 83' lang='lat'><strong>995</strong></span> 
     </span>
    </p>
   </div>
   <div class='ocr_carea' id='block_1_12' title="bbox 1458 508 2570 4334">
    <p class='ocr_par' dir='ltr' id='par_1_14' title="bbox 1458 508 2544 1338">
     <span class='ocr_line' id='line_1_53' title="bbox 1458 508 2524 574; baseline 0.002 -15"><span class='ocrx_word' id='word_1_261' title='bbox 1458 509 1663 568; x_wconf 84' lang='lat' dir='ltr'><strong>militia,</strong></span> <span class='ocrx_word' id='word_1_262' title='bbox 1679 514 1768 560; x_wconf 81' lang='lat' dir='ltr'><strong>eut</strong></span> <span class='ocrx_word' id='word_1_263' title='bbox 1789 508 1899 574; x_wconf 79' lang='lat' dir='ltr'><strong>ejus</strong></span> <span class='ocrx_word' id='word_1_264' title='bbox 1920 508 2185 561; x_wconf 85' lang='lat' dir='ltr'><strong>exercitiis</strong></span> <span class='ocrx_word' id='word_1_265' title='bbox 2204 515 2368 561; x_wconf 82' lang='lat' dir='ltr'><strong>erant.</strong></span> <span class='ocrx_word' id='word_1_266' title='bbox 2419 509 2524 561; x_wconf 86' lang='lat' dir='ltr'><strong>Sed</strong></span> 
     </span>
     <span class='ocr_line' id='line_1_54' title="bbox 1460 587 2525 651; baseline 0 -14"><span class='ocrx_word' id='word_1_267' title='bbox 1460 594 1517 638; x_wconf 87' lang='lat' dir='ltr'><strong>et</strong></span> <span class='ocrx_word' id='word_1_268' title='bbox 1540 588 1750 638; x_wconf 76' lang='lat' dir='ltr'><strong>Sallust.</strong></span> <span class='ocrx_word' id='word_1_269' title='bbox 1769 588 1925 638; x_wconf 86' lang='lat' dir='ltr'><strong>Catil.</strong></span> <span class='ocrx_word' id='word_1_270' title='bbox 1952 601 2030 637; x_wconf 78' lang='lat' dir='ltr'><strong>tv.</strong></span> <span class='ocrx_word' id='word_1_271' title='bbox 2052 590 2102 636; x_wconf 75' lang='lat'><strong>2.</strong></span> <span class='ocrx_word' id='word_1_272' title='bbox 2134 588 2150 615; x_wconf 81' lang='lat'>⁸</span> <span class='ocrx_word' id='word_1_273' title='bbox 2176 601 2356 651; x_wconf 76' lang='lat' dir='ltr'><strong>agrum</strong></span> <span class='ocrx_word' id='word_1_274' title='bbox 2386 587 2525 639; x_wconf 82' lang='lat' dir='ltr'><strong>colo·</strong></span> 
     </span>
     <span class='ocr_line' id='line_1_55' title="bbox 1462 662 2525 728; baseline 0 -15"><span class='ocrx_word' id='word_1_275' title='bbox 1462 678 1538 720; x_wconf 87' lang='lat' dir='ltr'><strong>re.</strong></span> <span class='ocrx_word' id='word_1_276' title='bbox 1562 671 1623 715; x_wconf 80' lang='lat' dir='ltr'><strong>et</strong></span> <span class='ocrx_word' id='word_1_277' title='bbox 1645 665 1845 728; x_wconf 83' lang='lat' dir='ltr'><strong>venari,</strong></span> <span class='ocrx_word' id='word_1_278' title='bbox 1878 664 2149 715; x_wconf 78' lang='lat' dir='ltr'><strong>servilibus</strong></span> <span class='ocrx_word' id='word_1_279' title='bbox 2182 662 2400 715; x_wconf 86' lang='lat' dir='ltr'><strong>officiis&#39;</strong></span> <span class='ocrx_word' id='word_1_280' title='bbox 2434 664 2525 714; x_wconf 85' lang='lat' dir='ltr'><strong>ad·</strong></span> 
     </span>
     <span class='ocr_line' id='line_1_56' title="bbox 1460 740 2524 804; baseline 0 -14"><span class='ocrx_word' id='word_1_281' title='bbox 1460 741 1659 792; x_wconf 88' lang='lat' dir='ltr'><strong>scribit.</strong></span> <span class='ocrx_word' id='word_1_282' title='bbox 1741 741 1895 792; x_wconf 80' lang='lat' dir='ltr'><strong>Licet</strong></span> <span class='ocrx_word' id='word_1_283' title='bbox 1930 749 2101 790; x_wconf 80' lang='lat' dir='ltr'><strong>tamen</strong></span> <span class='ocrx_word' id='word_1_284' title='bbox 2138 740 2354 804; x_wconf 75' lang='lat' dir='ltr'><strong>opinari,</strong></span> <span class='ocrx_word' id='word_1_285' title='bbox 2387 741 2524 792; x_wconf 75' lang='lat' dir='ltr'><strong>baud</strong></span> 
     </span>
     <span class='ocr_line' id='line_1_57' title="bbox 1459 816 2527 881; baseline 0 -14"><span class='ocrx_word' id='word_1_286' title='bbox 1459 817 1752 881; x_wconf 78' lang='lat' dir='ltr'><strong>neglexisse</strong></span> <span class='ocrx_word' id='word_1_287' title='bbox 1776 832 2005 881; x_wconf 77' lang='lat' dir='ltr'><strong>prorsus,</strong></span> <span class='ocrx_word' id='word_1_288' title='bbox 2028 816 2129 866; x_wconf 78' lang='lat' dir='ltr'><strong>ersi</strong></span> <span class='ocrx_word' id='word_1_289' title='bbox 2161 817 2213 866; x_wconf 86' lang='lat' dir='ltr'><strong>in</strong></span> <span class='ocrx_word' id='word_1_290' title='bbox 2251 817 2403 867; x_wconf 82' lang='lat' dir='ltr'><strong>laude</strong></span> <span class='ocrx_word' id='word_1_291' title='bbox 2433 824 2527 869; x_wconf 81' lang='lat' dir='ltr'><strong>aut</strong></span> 
     </span>
     <span class='ocr_line' id='line_1_58' title="bbox 1462 891 2544 946; baseline 0 -1"><span class='ocrx_word' id='word_1_292' title='bbox 1462 909 1588 945; x_wconf 83' lang='lat' dir='ltr'><strong>cure</strong></span> <span class='ocrx_word' id='word_1_293' title='bbox 1611 909 1713 946; x_wconf 88' lang='lat' dir='ltr'><strong>non</strong></span> <span class='ocrx_word' id='word_1_294' title='bbox 1736 894 1997 944; x_wconf 81' lang='lat' dir='ltr'><strong>babuisse.</strong></span> <span class='ocrx_word' id='word_1_295' title='bbox 2028 893 2225 944; x_wconf 81' lang='lat' dir='ltr'><strong>Postea</strong></span> <span class='ocrx_word' id='word_1_296' title='bbox 2247 891 2544 945; x_wconf 40' lang='lat' dir='ltr'><strong>involuisse*</strong></span> 
     </span>
     <span class='ocr_line' id='line_1_59' title="bbox 1461 969 2527 1037; baseline 0.002 -18"><span class='ocrx_word' id='word_1_297' title='bbox 1461 970 1599 1020; x_wconf 64' lang='lat' dir='ltr'><strong>baud</strong></span> <span class='ocrx_word' id='word_1_298' title='bbox 1623 985 1776 1034; x_wconf 69' lang='lat' dir='ltr'><strong>nego,</strong></span> <span class='ocrx_word' id='word_1_299' title='bbox 1799 970 1947 1028; x_wconf 84' lang='lat' dir='ltr'><strong>adeo,</strong></span> <span class='ocrx_word' id='word_1_300' title='bbox 1976 978 2035 1020; x_wconf 87' lang='lat' dir='ltr'><strong>ut</strong></span> <span class='ocrx_word' id='word_1_301' title='bbox 2067 970 2382 1020; x_wconf 77' lang='lat' dir='ltr'><strong>Maximinus</strong></span> <span class='ocrx_word' id='word_1_302' title='bbox 2407 969 2527 1037; x_wconf 86' lang='lat' dir='ltr'><strong>(sed</strong></span> 
     </span>
     <span class='ocr_line' id='line_1_60' title="bbox 1461 1046 2528 1113; baseline 0.003 -18"><span class='ocrx_word' id='word_1_303' title='bbox 1461 1048 1637 1096; x_wconf 72' lang='lat' dir='ltr'><strong>Thrax</strong></span> <span class='ocrx_word' id='word_1_304' title='bbox 1674 1049 1777 1103; x_wconf 86' lang='lat' dir='ltr'><strong>ille,</strong></span> <span class='ocrx_word' id='word_1_305' title='bbox 1811 1053 1866 1097; x_wconf 89' lang='lat' dir='ltr'><strong>et</strong></span> <span class='ocrx_word' id='word_1_306' title='bbox 1901 1046 2174 1113; x_wconf 81' lang='lat' dir='ltr'><strong>barbarus)</strong></span> <span class='ocrx_word' id='word_1_307' title='bbox 2196 1048 2348 1098; x_wconf 82' lang='lat' dir='ltr'><strong>‘solis</strong></span> <span class='ocrx_word' id='word_1_308' title='bbox 2371 1062 2528 1098; x_wconf 77' lang='lat' dir='ltr'><strong>vena·</strong></span> 
     </span>
     <span class='ocr_line' id='line_1_61' title="bbox 1463 1122 2529 1189; baseline 0 -16"><span class='ocrx_word' id='word_1_309' title='bbox 1463 1123 1695 1173; x_wconf 86' lang='lat' dir='ltr'><strong>tionibus</strong></span> <span class='ocrx_word' id='word_1_310' title='bbox 1750 1123 1980 1188; x_wconf 78' lang='lat' dir='ltr'><strong>legiones</strong></span> <span class='ocrx_word' id='word_1_311' title='bbox 2027 1122 2333 1189; x_wconf 81' lang='lat' dir='ltr'><strong>frequenter</strong></span> <span class='ocrx_word' id='word_1_312' title='bbox 2377 1138 2529 1175; x_wconf 81' lang='lat' dir='ltr'><strong>exer·</strong></span> 
     </span>
     <span class='ocr_line' id='line_1_62' title="bbox 1463 1198 2532 1267; baseline 0 -17"><span class='ocrx_word' id='word_1_313' title='bbox 1463 1198 1650 1250; x_wconf 66' lang='lat' dir='ltr'><strong>cerer!</strong></span> <span class='ocrx_word' id='word_1_314' title='bbox 1716 1199 2000 1264; x_wconf 77' lang='lat' dir='ltr'><strong>Capitolia.</strong></span> <span class='ocrx_word' id='word_1_315' title='bbox 2021 1200 2074 1250; x_wconf 91' lang='lat' dir='ltr'><strong>in</strong></span> <span class='ocrx_word' id='word_1_316' title='bbox 2096 1201 2213 1266; x_wconf 85' lang='lat' dir='ltr'><strong>ejus</strong></span> <span class='ocrx_word' id='word_1_317' title='bbox 2236 1201 2380 1266; x_wconf 77' lang='lat' dir='ltr'><strong>Vite,</strong></span> <span class='ocrx_word' id='word_1_318' title='bbox 2413 1215 2532 1267; x_wconf 87' lang='lat' dir='ltr'><strong>cap.</strong></span> 
     </span>
     <span class='ocr_line' id='line_1_63' title="bbox 1465 1276 1687 1338; baseline -0.014 -12"><span class='ocrx_word' id='word_1_319' title='bbox 1465 1280 1516 1326; x_wconf 87' lang='grc'><strong>8.</strong></span> <span class='ocrx_word' id='word_1_320' title='bbox 1550 1276 1687 1338; x_wconf 72' lang='lat' dir='ltr'><strong>Lips.</strong></span> 
     </span>
    </p>

    <p class='ocr_par' dir='ltr' id='par_1_15' title="bbox 1466 1352 2558 2728">
     <span class='ocr_line' id='line_1_64' title="bbox 1535 1352 2530 1417; baseline 0.005 -17"><span class='ocrx_word' id='word_1_321' title='bbox 1535 1354 1693 1417; x_wconf 80' lang='lat' dir='ltr'><strong>Olim]</strong></span> <span class='ocrx_word' id='word_1_322' title='bbox 1726 1352 1915 1403; x_wconf 73' lang='lat' dir='ltr'><strong>Statim</strong></span> <span class='ocrx_word' id='word_1_323' title='bbox 1951 1352 2201 1402; x_wconf 84' lang='lat' dir='ltr'><strong>Romulus</strong></span> <span class='ocrx_word' id='word_1_324' title='bbox 2236 1358 2292 1403; x_wconf 89' lang='lat' dir='ltr'><strong>et</strong></span> <span class='ocrx_word' id='word_1_325' title='bbox 2317 1353 2530 1405; x_wconf 72' lang='lat' dir='ltr'><strong>Remus·</strong></span> 
     </span>
     <span class='ocr_line' id='line_1_65' title="bbox 1466 1429 2530 1494; baseline 0.001 -14"><span class='ocrx_word' id='word_1_326' title='bbox 1466 1430 1583 1481; x_wconf 81' lang='lat' dir='ltr'><strong>Liv.</strong></span> <span class='ocrx_word' id='word_1_327' title='bbox 1609 1444 1649 1480; x_wconf 82' lang='grc' dir='ltr'><strong>ι.</strong></span> <span class='ocrx_word' id='word_1_328' title='bbox 1666 1436 1716 1482; x_wconf 81' lang='grc'><strong>4.</strong></span> <span class='ocrx_word' id='word_1_329' title='bbox 1750 1431 1767 1459; x_wconf 89' lang='lat'>‘</span> <span class='ocrx_word' id='word_1_330' title='bbox 1796 1432 1924 1480; x_wconf 87' lang='lat' dir='ltr'><strong>Cum</strong></span> <span class='ocrx_word' id='word_1_331' title='bbox 1948 1430 2173 1494; x_wconf 88' lang='lat' dir='ltr'><strong>primum</strong></span> <span class='ocrx_word' id='word_1_332' title='bbox 2196 1429 2428 1480; x_wconf 81' lang='lat' dir='ltr'><strong>adolevit</strong></span> <span class='ocrx_word' id='word_1_333' title='bbox 2459 1446 2530 1481; x_wconf 64' lang='grc' dir='ltr'><strong>ω-</strong></span> 
     </span>
     <span class='ocr_line' id='line_1_66' title="bbox 1467 1506 2533 1572; baseline -0.002 -14"><span class='ocrx_word' id='word_1_334' title='bbox 1467 1513 1568 1572; x_wconf 84' lang='lat' dir='ltr'><strong>tus,</strong></span> <span class='ocrx_word' id='word_1_335' title='bbox 1600 1522 1698 1557; x_wconf 89' lang='lat' dir='ltr'><strong>nec</strong></span> <span class='ocrx_word' id='word_1_336' title='bbox 1731 1507 1784 1556; x_wconf 90' lang='lat' dir='ltr'><strong>in</strong></span> <span class='ocrx_word' id='word_1_337' title='bbox 1820 1506 2060 1569; x_wconf 84' lang='lat' dir='ltr'><strong>stabulis,</strong></span> <span class='ocrx_word' id='word_1_338' title='bbox 2099 1521 2199 1557; x_wconf 91' lang='lat' dir='ltr'><strong>nec</strong></span> <span class='ocrx_word' id='word_1_339' title='bbox 2231 1506 2298 1556; x_wconf 90' lang='lat' dir='ltr'><strong>ad</strong></span> <span class='ocrx_word' id='word_1_340' title='bbox 2342 1521 2533 1571; x_wconf 85' lang='lat' dir='ltr'><strong>pecore</strong></span> 
     </span>
     <span class='ocr_line' id='line_1_67' title="bbox 1468 1583 2533 1648; baseline -0.002 -14"><span class='ocrx_word' id='word_1_341' title='bbox 1468 1599 1670 1648; x_wconf 85' lang='lat' dir='ltr'><strong>segnes,</strong></span> <span class='ocrx_word' id='word_1_342' title='bbox 1696 1584 1931 1633; x_wconf 79' lang='lat' dir='ltr'><strong>venando</strong></span> <span class='ocrx_word' id='word_1_343' title='bbox 1956 1597 2234 1648; x_wconf 76' lang='lat' dir='ltr'><strong>peragrare</strong></span> <span class='ocrx_word' id='word_1_344' title='bbox 2258 1583 2401 1633; x_wconf 80' lang='lat' dir='ltr'><strong>circa</strong></span> <span class='ocrx_word' id='word_1_345' title='bbox 2433 1583 2533 1632; x_wconf 82' lang='lat' dir='ltr'><strong>sul·</strong></span> 
     </span>
     <span class='ocr_line' id='line_1_68' title="bbox 1470 1658 2535 1723; baseline -0.003 -12"><span class='ocrx_word' id='word_1_346' title='bbox 1470 1667 1577 1712; x_wconf 88' lang='lat' dir='ltr'><strong>tus.</strong></span> <span class='ocrx_word' id='word_1_347' title='bbox 1627 1659 1769 1710; x_wconf 86' lang='lat' dir='ltr'><strong>Hinc</strong></span> <span class='ocrx_word' id='word_1_348' title='bbox 1791 1660 1973 1710; x_wconf 89' lang='lat' dir='ltr'><strong>robore</strong></span> <span class='ocrx_word' id='word_1_349' title='bbox 1996 1658 2301 1723; x_wconf 85' lang='lat' dir='ltr'><strong>corporibus</strong></span> <span class='ocrx_word' id='word_1_350' title='bbox 2326 1658 2535 1708; x_wconf 85' lang='lat' dir='ltr'><strong>animis·</strong></span> 
     </span>
     <span class='ocr_line' id='line_1_69' title="bbox 1471 1734 2534 1802; baseline -0.005 -15"><span class='ocrx_word' id='word_1_351' title='bbox 1471 1751 1572 1802; x_wconf 89' lang='lat' dir='ltr'><strong>que</strong></span> <span class='ocrx_word' id='word_1_352' title='bbox 1593 1735 1799 1800; x_wconf 86' lang='lat' dir='ltr'><strong>sumto,&#39;</strong></span> <span class='ocrx_word' id='word_1_353' title='bbox 1820 1738 1921 1785; x_wconf 71' lang='grc' dir='ltr'><strong>διο.</strong></span> <span class='ocrx_word' id='word_1_354' title='bbox 1978 1736 2171 1785; x_wconf 74' lang='lat' dir='ltr'><strong>Pollux</strong></span> <span class='ocrx_word' id='word_1_355' title='bbox 2196 1734 2417 1786; x_wconf 79' lang='lat' dir='ltr'><strong>Praefet.</strong></span> <span class='ocrx_word' id='word_1_356' title='bbox 2442 1734 2534 1799; x_wconf 82' lang='lat' dir='ltr'><strong>lib.</strong></span> 
     </span>
     <span class='ocr_line' id='line_1_70' title="bbox 1472 1813 2538 1865; baseline -0.003 0"><span class='ocrx_word' id='word_1_357' title='bbox 1472 1829 1531 1865; x_wconf 80' lang='lat' dir='ltr'><strong>v.</strong></span> <span class='ocrx_word' id='word_1_358' title='bbox 1558 1815 1623 1864; x_wconf 89' lang='lat' dir='ltr'><strong>de</strong></span> <span class='ocrx_word' id='word_1_359' title='bbox 1648 1814 1954 1864; x_wconf 79' lang='lat' dir='ltr'><strong>venatione=</strong></span> <span class='ocrx_word' id='word_1_360' title='bbox 1987 1819 2003 1842; x_wconf 77' lang='lat'><em>⁶</em></span> <span class='ocrx_word' id='word_1_361' title='bbox 2027 1813 2145 1864; x_wconf 85' lang='lat' dir='ltr'><strong>Hoc</strong></span> <span class='ocrx_word' id='word_1_362' title='bbox 2181 1813 2408 1863; x_wconf 88' lang='lat' dir='ltr'><strong>studium</strong></span> <span class='ocrx_word' id='word_1_363' title='bbox 2446 1813 2538 1862; x_wconf 85' lang='lat' dir='ltr'><strong>be·</strong></span> 
     </span>
     <span class='ocr_line' id='line_1_71' title="bbox 1471 1890 2536 1957; baseline -0.004 -15"><span class='ocrx_word' id='word_1_364' title='bbox 1471 1894 1667 1943; x_wconf 85' lang='lat' dir='ltr'><strong>relcum</strong></span> <span class='ocrx_word' id='word_1_365' title='bbox 1688 1893 1995 1957; x_wconf 81' lang='lat' dir='ltr'><strong>regiumque</strong></span> <span class='ocrx_word' id='word_1_366' title='bbox 2019 1897 2121 1953; x_wconf 87' lang='lat' dir='ltr'><strong>est,</strong></span> <span class='ocrx_word' id='word_1_367' title='bbox 2141 1898 2195 1941; x_wconf 89' lang='lat' dir='ltr'><strong>et</strong></span> <span class='ocrx_word' id='word_1_368' title='bbox 2209 1890 2275 1940; x_wconf 91' lang='lat' dir='ltr'><strong>ad</strong></span> <span class='ocrx_word' id='word_1_369' title='bbox 2299 1890 2536 1955; x_wconf 87' lang='lat' dir='ltr'><strong>corporis</strong></span> 
     </span>
     <span class='ocr_line' id='line_1_72' title="bbox 1471 1967 2540 2033; baseline -0.003 -15"><span class='ocrx_word' id='word_1_370' title='bbox 1471 1969 1736 2033; x_wconf 78' lang='lat' dir='ltr'><strong>animique</strong></span> <span class='ocrx_word' id='word_1_371' title='bbox 1763 1968 1950 2018; x_wconf 81' lang='lat' dir='ltr'><strong>bonam</strong></span> <span class='ocrx_word' id='word_1_372' title='bbox 1974 1967 2395 2017; x_wconf 87' lang='lat' dir='ltr'><strong>constitutionem</strong></span> <span class='ocrx_word' id='word_1_373' title='bbox 2416 1981 2540 2016; x_wconf 85' lang='lat' dir='ltr'><strong>con·</strong></span> 
     </span>
     <span class='ocr_line' id='line_1_73' title="bbox 1471 2043 2542 2112; baseline -0.004 -15"><span class='ocrx_word' id='word_1_374' title='bbox 1471 2047 1606 2110; x_wconf 81' lang='lat' dir='ltr'><strong>fert3</strong></span> <span class='ocrx_word' id='word_1_375' title='bbox 1631 2055 1813 2112; x_wconf 86' lang='lat' dir='ltr'><strong>estque</strong></span> <span class='ocrx_word' id='word_1_376' title='bbox 1835 2052 1941 2096; x_wconf 88' lang='lat' dir='ltr'><strong>tam</strong></span> <span class='ocrx_word' id='word_1_377' title='bbox 1961 2046 2181 2111; x_wconf 82' lang='lat' dir='ltr'><strong>placidae</strong></span> <span class='ocrx_word' id='word_1_378' title='bbox 2204 2043 2542 2107; x_wconf 80' lang='lat' dir='ltr'><strong>fortitudinis,</strong></span> 
     </span>
     <span class='ocr_line' id='line_1_74' title="bbox 1473 2120 2537 2190; baseline -0.004 -15"><span class='ocrx_word' id='word_1_379' title='bbox 1473 2139 1626 2190; x_wconf 79' lang='lat' dir='ltr'><strong>quarn</strong></span> <span class='ocrx_word' id='word_1_380' title='bbox 1650 2123 1889 2174; x_wconf 84' lang='lat' dir='ltr'><strong>militaris</strong></span> <span class='ocrx_word' id='word_1_381' title='bbox 1916 2122 2145 2174; x_wconf 60' lang='lat' dir='ltr'><strong>audacia!</strong></span> <span class='ocrx_word' id='word_1_382' title='bbox 2169 2122 2455 2187; x_wconf 84' lang='lat' dir='ltr'><strong>specimen,</strong></span> <span class='ocrx_word' id='word_1_383' title='bbox 2472 2120 2537 2171; x_wconf 81' lang='lat' dir='ltr'><strong>ad</strong></span> 
     </span>
     <span class='ocr_line' id='line_1_75' title="bbox 1475 2198 2542 2265; baseline -0.006 -14"><span class='ocrx_word' id='word_1_384' title='bbox 1475 2201 1779 2251; x_wconf 77' lang='lat' dir='ltr'><strong>virilitatem</strong></span> <span class='ocrx_word' id='word_1_385' title='bbox 1814 2199 1979 2249; x_wconf 84' lang='lat' dir='ltr'><strong>utile.’</strong></span> <span class='ocrx_word' id='word_1_386' title='bbox 2046 2199 2186 2249; x_wconf 85' lang='lat' dir='ltr'><strong>Hinc</strong></span> <span class='ocrx_word' id='word_1_387' title='bbox 2222 2198 2430 2265; x_wconf 88' lang='lat' dir='ltr'><strong>publice</strong></span> <span class='ocrx_word' id='word_1_388' title='bbox 2455 2212 2542 2246; x_wconf 83' lang='lat' dir='ltr'><strong>ve-</strong></span> 
     </span>
     <span class='ocr_line' id='line_1_76' title="bbox 1477 2274 2543 2339; baseline -0.003 -13"><span class='ocrx_word' id='word_1_389' title='bbox 1477 2278 1585 2326; x_wconf 75' lang='lat' dir='ltr'><strong>neri</strong></span> <span class='ocrx_word' id='word_1_390' title='bbox 1610 2284 1819 2327; x_wconf 81' lang='lat' dir='ltr'><strong>coactus</strong></span> <span class='ocrx_word' id='word_1_391' title='bbox 1839 2291 1930 2325; x_wconf 86' lang='lat' dir='ltr'><strong>rex</strong></span> <span class='ocrx_word' id='word_1_392' title='bbox 1950 2278 2250 2327; x_wconf 77' lang='lat' dir='ltr'><strong>Persarum.</strong></span> <span class='ocrx_word' id='word_1_393' title='bbox 2295 2274 2543 2339; x_wconf 74' lang='lat' dir='ltr'><strong>Xenoph-</strong></span> 
     </span>
     <span class='ocr_line' id='line_1_77' title="bbox 1477 2352 2544 2418; baseline -0.004 -13"><span class='ocrx_word' id='word_1_394' title='bbox 1477 2354 1757 2418; x_wconf 76' lang='lat' dir='ltr'><strong>Cyropaed.</strong></span> <span class='ocrx_word' id='word_1_395' title='bbox 1791 2369 1833 2404; x_wconf 88' lang='lat'><strong>1.</strong></span> <span class='ocrx_word' id='word_1_396' title='bbox 1872 2360 1922 2404; x_wconf 93' lang='grc'><strong>6.</strong></span> <span class='ocrx_word' id='word_1_397' title='bbox 1995 2353 2116 2404; x_wconf 83' lang='lat' dir='ltr'><strong>Hoc</strong></span> <span class='ocrx_word' id='word_1_398' title='bbox 2148 2353 2321 2403; x_wconf 84' lang='lat' dir='ltr'><strong>studio</strong></span> <span class='ocrx_word' id='word_1_399' title='bbox 2349 2361 2406 2404; x_wconf 89' lang='lat' dir='ltr'><strong>et</strong></span> <span class='ocrx_word' id='word_1_400' title='bbox 2439 2352 2544 2402; x_wconf 81' lang='lat' dir='ltr'><strong>Mi·-</strong></span> 
     </span>
     <span class='ocr_line' id='line_1_78' title="bbox 1478 2429 2544 2497; baseline -0.004 -17"><span class='ocrx_word' id='word_1_401' title='bbox 1478 2429 1767 2481; x_wconf 75' lang='lat' dir='ltr'><strong>thridates:</strong></span> <span class='ocrx_word' id='word_1_402' title='bbox 1805 2429 1821 2458; x_wconf 91' lang='lat'>‘</span> <span class='ocrx_word' id='word_1_403' title='bbox 1842 2429 2066 2480; x_wconf 74' lang='lat' dir='ltr'><strong>lusidius</strong></span> <span class='ocrx_word' id='word_1_404' title='bbox 2106 2429 2307 2492; x_wconf 58' lang='lat' dir='ltr'><strong>vitavit,</strong></span> <span class='ocrx_word' id='word_1_405' title='bbox 2334 2433 2402 2478; x_wconf 85' lang='lat' dir='ltr'><strong>et-</strong></span> <span class='ocrx_word' id='word_1_406' title='bbox 2428 2442 2544 2497; x_wconf 82' lang='lat' dir='ltr'><strong>cor·</strong></span> 
     </span>
     <span class='ocr_line' id='line_1_79' title="bbox 1477 2503 2547 2573; baseline -0.005 -15"><span class='ocrx_word' id='word_1_407' title='bbox 1477 2522 1576 2573; x_wconf 89' lang='lat' dir='ltr'><strong>pus</strong></span> <span class='ocrx_word' id='word_1_408' title='bbox 1617 2508 1684 2558; x_wconf 89' lang='lat' dir='ltr'><strong>ud</strong></span> <span class='ocrx_word' id='word_1_409' title='bbox 1722 2521 1924 2557; x_wconf 87' lang='lat' dir='ltr'><strong>omnem</strong></span> <span class='ocrx_word' id='word_1_410' title='bbox 1961 2509 2270 2572; x_wconf 83' lang='lat' dir='ltr'><strong>patientiam</strong></span> <span class='ocrx_word' id='word_1_411' title='bbox 2304 2503 2547 2569; x_wconf 70' lang='lat' dir='ltr'><strong>duravit,{</strong></span> 
     </span>
     <span class='ocr_line' id='line_1_80' title="bbox 1475 2582 2558 2636; baseline -0.004 -1"><span class='ocrx_word' id='word_1_412' title='bbox 1475 2592 1538 2636; x_wconf 88' lang='lat' dir='ltr'><strong>ut</strong></span> <span class='ocrx_word' id='word_1_413' title='bbox 1581 2583 1744 2634; x_wconf 71' lang='lat' dir='ltr'><strong>refert</strong></span> <span class='ocrx_word' id='word_1_414' title='bbox 1787 2582 1979 2636; x_wconf 80' lang='lat' dir='ltr'><strong>Justin.</strong></span> <span class='ocrx_word' id='word_1_415' title='bbox 2026 2597 2255 2634; x_wconf 61' lang='lat' dir='ltr'><strong>xxxam.</strong></span> <span class='ocrx_word' id='word_1_416' title='bbox 2302 2588 2354 2633; x_wconf 76' lang='lat'><strong>2.</strong></span> <span class='ocrx_word' id='word_1_417' title='bbox 2385 2587 2435 2632; x_wconf 84' lang='grc'><strong>9.</strong></span> <span class='ocrx_word' id='word_1_418' title='bbox 2478 2582 2558 2632; x_wconf 80' lang='lat' dir='ltr'><strong>ad·</strong></span> 
     </span>
     <span class='ocr_line' id='line_1_81' title="bbox 1477 2659 2494 2728; baseline -0.004 -18"><span class='ocrx_word' id='word_1_419' title='bbox 1477 2675 1629 2728; x_wconf 89' lang='lat' dir='ltr'><strong>quem</strong></span> <span class='ocrx_word' id='word_1_420' title='bbox 1648 2661 1765 2711; x_wconf 74' lang='lat' dir='ltr'><strong>vide</strong></span> <span class='ocrx_word' id='word_1_421' title='bbox 1782 2666 1955 2710; x_wconf 81' lang='lat' dir='ltr'><strong>notam</strong></span> <span class='ocrx_word' id='word_1_422' title='bbox 1972 2661 2237 2724; x_wconf 71' lang='lat' dir='ltr'><strong>Bernegg.</strong></span> <span class='ocrx_word' id='word_1_423' title='bbox 2256 2659 2494 2710; x_wconf 60' lang='lat' dir='ltr'><strong>Ermum.</strong></span> 
     </span>
    </p>

    <p class='ocr_par' dir='ltr' id='par_1_16' title="bbox 1477 2735 2570 4334">
     <span class='ocr_line' id='line_1_82' title="bbox 1552 2735 2547 2801; baseline -0.001 -16"><span class='ocrx_word' id='word_1_424' title='bbox 1552 2738 1682 2786; x_wconf 81' lang='lat' dir='ltr'><strong>Olim</strong></span> <span class='ocrx_word' id='word_1_425' title='bbox 1704 2737 1803 2786; x_wconf 76' lang='lat' dir='ltr'><strong>hoeo</strong></span> <span class='ocrx_word' id='word_1_426' title='bbox 1824 2735 2144 2801; x_wconf 72' lang='lat' dir='ltr'><strong>experientia]</strong></span> <span class='ocrx_word' id='word_1_427' title='bbox 2179 2736 2399 2786; x_wconf 76' lang='lat' dir='ltr'><strong>Belrrius</strong></span> <span class='ocrx_word' id='word_1_428' title='bbox 2426 2749 2547 2785; x_wconf 82' lang='lat' dir='ltr'><strong>cen·</strong></span> 
     </span>
     <span class='ocr_line' id='line_1_83' title="bbox 1479 2811 2549 2881; baseline -0.005 -16"><span class='ocrx_word' id='word_1_429' title='bbox 1479 2821 1580 2871; x_wconf 87' lang='lat' dir='ltr'><strong>set,</strong></span> <span class='ocrx_word' id='word_1_430' title='bbox 1605 2814 1830 2881; x_wconf 72' lang='lat' dir='ltr'><strong>Plinium</strong></span> <span class='ocrx_word' id='word_1_431' title='bbox 1852 2828 1945 2876; x_wconf 91' lang='lat' dir='ltr'><strong>per</strong></span> <span class='ocrx_word' id='word_1_432' title='bbox 1962 2828 2137 2863; x_wconf 79' lang='lat' dir='ltr'><strong>vocem</strong></span> <span class='ocrx_word' id='word_1_433' title='bbox 2156 2815 2268 2862; x_wconf 80' lang='lat' dir='ltr'><strong>olim</strong></span> <span class='ocrx_word' id='word_1_434' title='bbox 2287 2811 2549 2876; x_wconf 84' lang='lat' dir='ltr'><strong>respicere</strong></span> 
     </span>
     <span class='ocr_line' id='line_1_84' title="bbox 1477 2887 2548 2952; baseline -0.001 -14"><span class='ocrx_word' id='word_1_435' title='bbox 1477 2889 1752 2940; x_wconf 78' lang='lat' dir='ltr'><strong>historiam</strong></span> <span class='ocrx_word' id='word_1_436' title='bbox 1775 2889 2097 2951; x_wconf 79' lang='lat' dir='ltr'><strong>fabularem3</strong></span> <span class='ocrx_word' id='word_1_437' title='bbox 2130 2903 2318 2952; x_wconf 89' lang='lat' dir='ltr'><strong>nempe</strong></span> <span class='ocrx_word' id='word_1_438' title='bbox 2341 2887 2548 2937; x_wconf 87' lang='lat' dir='ltr'><strong>Hercu·</strong></span> 
     </span>
     <span class='ocr_line' id='line_1_85' title="bbox 1479 2964 2549 3031; baseline -0.002 -16"><span class='ocrx_word' id='word_1_439' title='bbox 1479 2966 1602 3025; x_wconf 87' lang='lat' dir='ltr'><strong>lem,</strong></span> <span class='ocrx_word' id='word_1_440' title='bbox 1638 2974 1693 3017; x_wconf 87' lang='lat' dir='ltr'><strong>et</strong></span> <span class='ocrx_word' id='word_1_441' title='bbox 1727 2967 2074 3031; x_wconf 82' lang='lat' dir='ltr'><strong>Meleagrum,</strong></span> <span class='ocrx_word' id='word_1_442' title='bbox 2111 2973 2166 3015; x_wconf 86' lang='lat' dir='ltr'><strong>et</strong></span> <span class='ocrx_word' id='word_1_443' title='bbox 2194 2966 2393 3028; x_wconf 89' lang='lat' dir='ltr'><strong>priscos</strong></span> <span class='ocrx_word' id='word_1_444' title='bbox 2419 2964 2549 3014; x_wconf 79' lang='lat' dir='ltr'><strong>elios</strong></span> 
     </span>
     <span class='ocr_line' id='line_1_86' title="bbox 1478 3040 2555 3108; baseline -0.004 -14"><span class='ocrx_word' id='word_1_445' title='bbox 1478 3042 1696 3104; x_wconf 56' lang='lat' dir='ltr'><strong>beroen</strong></span> <span class='ocrx_word' id='word_1_446' title='bbox 1731 3057 1944 3108; x_wconf 85' lang='lat' dir='ltr'><strong>quorum</strong></span> <span class='ocrx_word' id='word_1_447' title='bbox 1983 3042 2073 3092; x_wconf 88' lang='lat' dir='ltr'><strong>ille</strong></span> <span class='ocrx_word' id='word_1_448' title='bbox 2109 3043 2315 3091; x_wconf 89' lang='lat' dir='ltr'><strong>leonem</strong></span> <span class='ocrx_word' id='word_1_449' title='bbox 2353 3040 2555 3091; x_wconf 75' lang='lat' dir='ltr'><strong>Neme-</strong></span> 
     </span>
     <span class='ocr_line' id='line_1_87' title="bbox 1482 3117 2549 3183; baseline -0.004 -13"><span class='ocrx_word' id='word_1_450' title='bbox 1482 3135 1639 3183; x_wconf 76' lang='lat' dir='ltr'><strong>aeum,</strong></span> <span class='ocrx_word' id='word_1_451' title='bbox 1670 3120 1803 3169; x_wconf 76' lang='lat' dir='ltr'><strong>ulter</strong></span> <span class='ocrx_word' id='word_1_452' title='bbox 1836 3134 2019 3182; x_wconf 86' lang='lat' dir='ltr'><strong>aprum</strong></span> <span class='ocrx_word' id='word_1_453' title='bbox 2060 3118 2418 3175; x_wconf 79' lang='lat' dir='ltr'><strong>caledonium,</strong></span> <span class='ocrx_word' id='word_1_454' title='bbox 2461 3117 2549 3166; x_wconf 79' lang='lat' dir='ltr'><strong>elii</strong></span> 
     </span>
     <span class='ocr_line' id='line_1_88' title="bbox 1479 3193 2553 3259; baseline -0.005 -12"><span class='ocrx_word' id='word_1_455' title='bbox 1479 3197 1618 3247; x_wconf 81' lang='lat' dir='ltr'><strong>feras</strong></span> <span class='ocrx_word' id='word_1_456' title='bbox 1654 3196 1799 3259; x_wconf 83' lang='lat' dir='ltr'><strong>alies,</strong></span> <span class='ocrx_word' id='word_1_457' title='bbox 1829 3193 2168 3253; x_wconf 79' lang='lat' dir='ltr'><strong>confecerint,</strong></span> <span class='ocrx_word' id='word_1_458' title='bbox 2204 3209 2392 3259; x_wconf 78' lang='lat' dir='ltr'><strong>magno</strong></span> <span class='ocrx_word' id='word_1_459' title='bbox 2415 3195 2553 3259; x_wconf 75' lang='lat' dir='ltr'><strong>agri·</strong></span> 
     </span>
     <span class='ocr_line' id='line_1_89' title="bbox 1482 3273 2570 3336; baseline -0.006 -11"><span class='ocrx_word' id='word_1_460' title='bbox 1482 3276 1714 3325; x_wconf 71' lang='lat' dir='ltr'><strong>colerunt</strong></span> <span class='ocrx_word' id='word_1_461' title='bbox 1770 3274 2137 3323; x_wconf 88' lang='lat' dir='ltr'><strong>emolumento.</strong></span> <span class='ocrx_word' id='word_1_462' title='bbox 2222 3273 2346 3324; x_wconf 89' lang='lat' dir='ltr'><strong>Nou</strong></span> <span class='ocrx_word' id='word_1_463' title='bbox 2401 3285 2570 3336; x_wconf 63' lang='lat' dir='ltr'><strong>nego,¹&gt;</strong></span> 
     </span>
     <span class='ocr_line' id='line_1_90' title="bbox 1483 3345 2558 3412; baseline -0.006 -11"><span class='ocrx_word' id='word_1_464' title='bbox 1483 3348 1778 3401; x_wconf 86' lang='lat' dir='ltr'><strong>istiusmodi</strong></span> <span class='ocrx_word' id='word_1_465' title='bbox 1798 3349 2036 3412; x_wconf 81' lang='lat' dir='ltr'><strong>exempla</strong></span> <span class='ocrx_word' id='word_1_466' title='bbox 2050 3347 2153 3398; x_wconf 82' lang='lat' dir='ltr'><strong>huc</strong></span> <span class='ocrx_word' id='word_1_467' title='bbox 2169 3345 2352 3397; x_wconf 83' lang='lat' dir='ltr'><strong>referri</strong></span> <span class='ocrx_word' id='word_1_468' title='bbox 2372 3360 2558 3412; x_wconf 65' lang='lat' dir='ltr'><strong>posse,</strong></span> 
     </span>
     <span class='ocr_line' id='line_1_91' title="bbox 1485 3425 2556 3492; baseline -0.004 -16"><span class='ocrx_word' id='word_1_469' title='bbox 1485 3434 1541 3476; x_wconf 83' lang='lat' dir='ltr'><strong>at</strong></span> <span class='ocrx_word' id='word_1_470' title='bbox 1578 3434 1726 3492; x_wconf 88' lang='lat' dir='ltr'><strong>puto,</strong></span> <span class='ocrx_word' id='word_1_471' title='bbox 1765 3440 1865 3490; x_wconf 79' lang='lat' dir='ltr'><strong>nec</strong></span> <span class='ocrx_word' id='word_1_472' title='bbox 1902 3431 2107 3476; x_wconf 81' lang='lat' dir='ltr'><strong>veteres</strong></span> <span class='ocrx_word' id='word_1_473' title='bbox 2144 3425 2401 3474; x_wconf 82' lang='lat' dir='ltr'><strong>Romanos</strong></span> <span class='ocrx_word' id='word_1_474' title='bbox 2437 3425 2556 3472; x_wconf 83' lang='lat' dir='ltr'><strong>hinc</strong></span> 
     </span>
     <span class='ocr_line' id='line_1_92' title="bbox 1484 3500 2555 3566; baseline -0.004 -14"><span class='ocrx_word' id='word_1_475' title='bbox 1484 3504 1718 3565; x_wconf 87' lang='lat' dir='ltr'><strong>excludi,</strong></span> <span class='ocrx_word' id='word_1_476' title='bbox 1765 3503 1920 3553; x_wconf 90' lang='lat' dir='ltr'><strong>immo</strong></span> <span class='ocrx_word' id='word_1_477' title='bbox 1963 3501 2286 3566; x_wconf 85' lang='lat' dir='ltr'><strong>potissimum</strong></span> <span class='ocrx_word' id='word_1_478' title='bbox 2331 3500 2555 3563; x_wconf 75' lang='lat' dir='ltr'><strong>intelligi</strong></span> 
     </span>
     <span class='ocr_line' id='line_1_93' title="bbox 1485 3576 2554 3643; baseline -0.003 -14"><span class='ocrx_word' id='word_1_479' title='bbox 1485 3580 1702 3641; x_wconf 82' lang='lat' dir='ltr'><strong>debere,</strong></span> <span class='ocrx_word' id='word_1_480' title='bbox 1737 3580 1857 3643; x_wconf 85' lang='lat' dir='ltr'><strong>quia</strong></span> <span class='ocrx_word' id='word_1_481' title='bbox 1881 3578 2155 3642; x_wconf 62' lang='lat' dir='ltr'><strong>sequitur,</strong></span> <span class='ocrx_word' id='word_1_482' title='bbox 2187 3579 2204 3606; x_wconf 86' lang='lat'>‘</span> <span class='ocrx_word' id='word_1_483' title='bbox 2236 3576 2315 3626; x_wconf 86' lang='lat' dir='ltr'><strong>his</strong></span> <span class='ocrx_word' id='word_1_484' title='bbox 2359 3576 2554 3627; x_wconf 77' lang='lat' dir='ltr'><strong>artibus</strong></span> 
     </span>
     <span class='ocr_line' id='line_1_94' title="bbox 1487 3651 2555 3705; baseline -0.003 -1"><span class='ocrx_word' id='word_1_485' title='bbox 1487 3655 1648 3705; x_wconf 87' lang='lat' dir='ltr'><strong>duces</strong></span> <span class='ocrx_word' id='word_1_486' title='bbox 1689 3651 2127 3703; x_wconf 59' lang='lat' dir='ltr'><strong>imbuebantur-&#39;³</strong></span> <span class='ocrx_word' id='word_1_487' title='bbox 2197 3651 2555 3702; x_wconf 86' lang='lat' dir='ltr'><strong>Romanorum</strong></span> 
     </span>
     <span class='ocr_line' id='line_1_95' title="bbox 1488 3729 2558 3795; baseline -0.003 -14"><span class='ocrx_word' id='word_1_488' title='bbox 1488 3741 1662 3782; x_wconf 79' lang='lat' dir='ltr'><strong>autem</strong></span> <span class='ocrx_word' id='word_1_489' title='bbox 1687 3729 2191 3795; x_wconf 61' lang='lat' dir='ltr'><strong>quaedaumexempla</strong></span> <span class='ocrx_word' id='word_1_490' title='bbox 2212 3729 2400 3792; x_wconf 79' lang='lat' dir='ltr'><strong>et-ipse</strong></span> <span class='ocrx_word' id='word_1_491' title='bbox 2417 3730 2558 3779; x_wconf 88' lang='lat' dir='ltr'><strong>Beh·</strong></span> 
     </span>
     <span class='ocr_line' id='line_1_96' title="bbox 1489 3805 2556 3869; baseline -0.003 -11"><span class='ocrx_word' id='word_1_492' title='bbox 1489 3809 1594 3858; x_wconf 84' lang='lat' dir='ltr'><strong>rius</strong></span> <span class='ocrx_word' id='word_1_493' title='bbox 1617 3808 1910 3857; x_wconf 72' lang='lat' dir='ltr'><strong>annotavit.</strong></span> <span class='ocrx_word' id='word_1_494' title='bbox 1966 3807 2055 3857; x_wconf 87' lang='lat' dir='ltr'><strong>Sic</strong></span> <span class='ocrx_word' id='word_1_495' title='bbox 2074 3807 2187 3856; x_wconf 80' lang='lat' dir='ltr'><strong>Liv.</strong></span> <span class='ocrx_word' id='word_1_496' title='bbox 2215 3819 2254 3854; x_wconf 76' lang='grc' dir='ltr'><strong>ι.</strong></span> <span class='ocrx_word' id='word_1_497' title='bbox 2273 3809 2322 3857; x_wconf 77' lang='lat'><strong>4.</strong></span> <span class='ocrx_word' id='word_1_498' title='bbox 2345 3805 2556 3869; x_wconf 76' lang='lat' dir='ltr'><strong>deipsis</strong></span> 
     </span>
     <span class='ocr_line' id='line_1_97' title="bbox 1487 3882 2558 3951; baseline -0.003 -17"><span class='ocrx_word' id='word_1_499' title='bbox 1487 3885 1667 3951; x_wconf 86' lang='lat' dir='ltr'><strong>primis</strong></span> <span class='ocrx_word' id='word_1_500' title='bbox 1686 3884 1827 3933; x_wconf 80' lang='lat' dir='ltr'><strong>urbis</strong></span> <span class='ocrx_word' id='word_1_501' title='bbox 1847 3883 2026 3933; x_wconf 77' lang='lat' dir='ltr'><strong>Remae</strong></span> <span class='ocrx_word' id='word_1_502' title='bbox 2052 3882 2430 3945; x_wconf 89' lang='lat' dir='ltr'><strong>conditoribus,</strong></span> <span class='ocrx_word' id='word_1_503' title='bbox 2456 3883 2558 3932; x_wconf 75' lang='lat' dir='ltr'><strong>Ro·</strong></span> 
     </span>
     <span class='ocr_line' id='line_1_98' title="bbox 1487 3959 2559 4023; baseline -0.002 -11"><span class='ocrx_word' id='word_1_504' title='bbox 1487 3963 1628 4012; x_wconf 89' lang='lat' dir='ltr'><strong>mulo</strong></span> <span class='ocrx_word' id='word_1_505' title='bbox 1658 3967 1712 4011; x_wconf 83' lang='lat' dir='ltr'><strong>et</strong></span> <span class='ocrx_word' id='word_1_506' title='bbox 1736 3960 1938 4010; x_wconf 82' lang='lat' dir='ltr'><strong>Remo=</strong></span> <span class='ocrx_word' id='word_1_507' title='bbox 1974 3967 1989 3989; x_wconf 81' lang='lat'><strong>·</strong></span> <span class='ocrx_word' id='word_1_508' title='bbox 2014 3959 2144 4010; x_wconf 81' lang='lat' dir='ltr'><strong>Cum</strong></span> <span class='ocrx_word' id='word_1_509' title='bbox 2177 3960 2399 4023; x_wconf 87' lang='lat' dir='ltr'><strong>primum</strong></span> <span class='ocrx_word' id='word_1_510' title='bbox 2432 3960 2559 4012; x_wconf 79' lang='lat' dir='ltr'><strong>edo-</strong></span> 
     </span>
     <span class='ocr_line' id='line_1_99' title="bbox 1486 4037 2563 4101; baseline 0.003 -13"><span class='ocrx_word' id='word_1_511' title='bbox 1486 4039 1618 4089; x_wconf 66' lang='lat' dir='ltr'><strong>leeit</strong></span> <span class='ocrx_word' id='word_1_512' title='bbox 1653 4044 1802 4099; x_wconf 72' lang='lat' dir='ltr'><strong>oetas,</strong></span> <span class='ocrx_word' id='word_1_513' title='bbox 1835 4037 2076 4086; x_wconf 82' lang='lat' dir='ltr'><strong>venando</strong></span> <span class='ocrx_word' id='word_1_514' title='bbox 2100 4051 2383 4101; x_wconf 74' lang='lat' dir='ltr'><strong>peragrare</strong></span> <span class='ocrx_word' id='word_1_515' title='bbox 2416 4040 2563 4091; x_wconf 66' lang='lat' dir='ltr'><strong>cirea</strong></span> 
     </span>
     <span class='ocr_line' id='line_1_100' title="bbox 1751 4112 2566 4177; baseline 0.005 -15"><span class='ocrx_word' id='word_1_516' title='bbox 1751 4112 1890 4163; x_wconf 89' lang='lat' dir='ltr'><strong>Hinc</strong></span> <span class='ocrx_word' id='word_1_517' title='bbox 1915 4113 2102 4163; x_wconf 86' lang='lat' dir='ltr'><strong>robore</strong></span> <span class='ocrx_word' id='word_1_518' title='bbox 2127 4114 2433 4177; x_wconf 85' lang='lat' dir='ltr'><strong>corporibus</strong></span> <span class='ocrx_word' id='word_1_519' title='bbox 2456 4116 2566 4167; x_wconf 83' lang='lat' dir='ltr'><strong>aui-</strong></span> 
     </span>
     <span class='ocr_line' id='line_1_101' title="bbox 1490 4190 2561 4255; baseline 0.002 -14"><span class='ocrx_word' id='word_1_520' title='bbox 1490 4192 1692 4255; x_wconf 87' lang='lat' dir='ltr'><strong>misque</strong></span> <span class='ocrx_word' id='word_1_521' title='bbox 1714 4195 1901 4246; x_wconf 85' lang='lat' dir='ltr'><strong>sumto,</strong></span> <span class='ocrx_word' id='word_1_522' title='bbox 1926 4191 2037 4254; x_wconf 80' lang='lat' dir='ltr'><strong>jam</strong></span> <span class='ocrx_word' id='word_1_523' title='bbox 2061 4205 2165 4240; x_wconf 89' lang='lat' dir='ltr'><strong>nou</strong></span> <span class='ocrx_word' id='word_1_524' title='bbox 2189 4190 2329 4241; x_wconf 81' lang='lat' dir='ltr'><strong>feras</strong></span> <span class='ocrx_word' id='word_1_525' title='bbox 2354 4199 2561 4243; x_wconf 83' lang='lat' dir='ltr'><strong>tantum</strong></span> 
     </span>
     <span class='ocr_line' id='line_1_102' title="bbox 1490 4266 2564 4334; baseline 0.002 -16"><span class='ocrx_word' id='word_1_526' title='bbox 1490 4267 1796 4332; x_wconf 81' lang='lat' dir='ltr'><strong>subsistere,</strong></span> <span class='ocrx_word' id='word_1_527' title='bbox 1840 4267 1935 4317; x_wconf 88' lang='lat' dir='ltr'><strong>sed</strong></span> <span class='ocrx_word' id='word_1_528' title='bbox 1991 4266 2046 4320; x_wconf 81' lang='lat' dir='ltr'><strong>lu</strong></span> <span class='ocrx_word' id='word_1_529' title='bbox 2096 4268 2328 4319; x_wconf 85' lang='lat' dir='ltr'><strong>latrones</strong></span> <span class='ocrx_word' id='word_1_530' title='bbox 2380 4268 2564 4334; x_wconf 77' lang='lat' dir='ltr'><strong>proeda</strong></span> 
     </span>
    </p>
   </div>
  </div>
 </body>
</html>
