3017 4942
779 236 808 243 -=

773 374 840 425 o.
887 373 1136 423 Ριικιι
1186 373 1517 425 securint
1571 375 1848 428 ranae.
1922 378 1972 426 1.
1999 361 2111 428 88.

333 514 567 581 scriptis,
597 529 752 580 quam
783 515 994 569 excusis
1027 515 1193 577 libris,
1212 516 1300 567 hic
1323 517 1398 568 lo-

334 607 430 645 cus
473 594 554 644 ita·
590 592 800 658 legitur,
847 595 1104 658 statimque
1143 593 1230 642 Itos
1270 593 1400 658 ipsos

332 670 548 734 quotidie
563 671 734 721 deinde
750 669 823 720 ita
834 669 1040 731 formas.
1097 669 1273 734 Hujus
1298 670 1398 723 loci

333 750 601 811 vulgarem
655 749 935 799 lectionem
982 762 1085 798 non
1139 748 1398 799 immerito

323 825 633 889 jamdudum
671 825 1002 877 solicitorum
1037 824 1131 875 viri
1172 824 1396 888 eruditi3

332 917 451 955 cnm
469 904 637 955 minus
654 916 976 968 concoquere
1000 903 1279 967 potuerint,
1298 903 1399 955 ista

331 979 581 1031 adverbia
620 977 733 1030 fere
778 977 974 1030 frustra
1013 978 1088 1029 ibi
1125 979 1398 1031 cumulari.

332 1056 546 1120 Lipsius
578 1064 637 1108 et
666 1057 927 1111 Gruterus
960 1057 1096 1109 hunc
1132 1057 1301 1108 locum
1327 1055 1399 1107 ita

330 1131 470 1185 forte
492 1135 870 1189 restituendum
894 1148 1166 1192 censuere,
1190 1133 1297 1185 Ant
1316 1149 1399 1198 op·

328 1211 451 1263 tino
467 1214 635 1278 cuique
651 1214 922 1278 principum
940 1216 1169 1265 (laedam
1187 1213 1397 1264 ‹euim-

330 1294 538 1355 tuque.
605 1291 716 1342 Hos
743 1292 871 1356 ipsos
899 1291 1109 1355 quotidie
1138 1290 1307 1341 deinde
1324 1290 1398 1341 ita

316 1366 529 1426 fortnas.
592 1368 690 1419 His
714 1375 934 1419 eatenus
958 1366 1239 1419 subscribit
1262 1366 1396 1417 Ges-

325 1456 512 1507 ner-ns,
540 1451 599 1494 ut
630 1452 777 1495 certe
806 1443 1063 1508 statimque
1092 1449 1395 1507 corruptum

328 1534 397 1571 ex
419 1522 627 1572 nomine
650 1520 715 1571 ad
738 1522 963 1573 dilectum
988 1521 1239 1584 adjuncto
1261 1520 1397 1572 arbi·

329 1604 520 1663 tratur,
557 1599 879 1665 boreaque,
912 1613 976 1648 au
1011 1598 1173 1649 fuerit
1214 1603 1396 1663 specta-

328 1678 538 1740 tumque.
588 1673 902 1727 Arntzenius
927 1677 1150 1740 putavit,
1166 1674 1233 1725 ad
1260 1676 1396 1739 priu-

328 1752 505 1816 cipum
535 1750 761 1814 illorum,
788 1752 878 1817 qui
911 1765 1012 1800 non
1045 1751 1148 1803 ¹nisi
1184 1752 1396 1801 meritos

328 1835 389 1880 et
410 1826 596 1891 dignos
626 1827 691 1877 ad
732 1827 1010 1881 amicitiam
1041 1842 1185 1879 suam
1211 1826 1397 1879 admit·

326 1909 523 1967 terent,
545 1897 765 1955 laudem
810 1905 984 1968 potius
1031 1904 1316 1968 pertinere,
1351 1904 1396 1955 si

327 1979 555 2032 dixisset
596 1980 800 2033 Plinius
854 1981 1080 2032 dilectum
1121 1982 1396 2046 probaturus·

325 2072 446 2122 que,
436 2073 450 2086 ·
471 2070 589 2122 quae
613 2059 914 2124 conjectura
936 2061 1106 2109 minus
1130 2058 1300 2109 audax
1320 2060 1396 2124 ip·

329 2135 375 2184 si
413 2133 640 2190 videtur,
678 2149 795 2185 cum
830 2135 1000 2200 prima
1034 2136 1234 2201 syllaba
1269 2145 1398 2187 nota

326 2212 496 2264 literae
521 2217 553 2266 β
573 2212 924 2277 exprimatur.
961 2217 1034 2273 et,
1059 2214 1102 2263 si
1130 2212 1394 2265 audaciori

327 2303 446 2340 esse
468 2268 645 2353 liceat,
668 2290 927 2355 opinatur,
953 2291 1185 2354 potuisse
1215 2305 1394 2342 vocem

324 2367 514 2429 deinde,
534 2382 652 2434 qum
675 2367 805 2417 satis
836 2380 1157 2429 supervacua
1181 2367 1271 2429 sit,
1292 2369 1396 2421 ori-

325 2444 498 2506 ginem
525 2445 746 2495 traxisse
762 2459 829 2494 ex
851 2444 1052 2495 duabus
1076 2444 1268 2495 ultimis
1291 2447 1395 2510 syl·

327 2520 460 2572 labis
496 2521 844 2584 praecedentis
887 2520 1120 2572 adverbii
1162 2523 1395 2586 quotidie,

328 2605 389 2648 ut
420 2599 523 2662 legi
547 2599 734 2662 possit,
765 2599 991 2648 dilectam
1023 2599 1359 2664 probatumque
1372 2615 1395 2660 ,-

326 2679 411 2729 los
431 2681 563 2743 ipsos
588 2680 799 2744 quotidie
826 2680 901 2729 ita
918 2680 1127 2740 formas.
1192 2678 1394 2731 Adhaec
1421 2721 1428 2725 .

325 2755 605 2821 profitetur
649 2758 727 2807 vir
762 2757 1108 2818 doctissimus,
1152 2772 1209 2806 se
1253 2758 1392 2821 cogi·

325 2842 467 2884 tasse
490 2834 784 2898 aliquando,
800 2849 866 2885 an
886 2833 1151 2899 scripserit
1170 2833 1394 2896 Plinius,

323 2911 436 2962 dein
458 2916 507 2961 te
524 2911 808 2971 itusormas.
870 2911 1065 2960 Verum
1096 2909 1187 2967 ait,
1210 2922 1265 2960 se
1290 2924 1392 2960 uon

324 2986 553 3038 libenter
586 2988 837 3038 similibus
876 2985 1193 3051 conjecturis
1225 2986 1392 3034 indul-

326 3077 472 3127 gere.
540 3065 654 3128 Ego
678 3065 858 3129 utique
879 3078 997 3114 cum
1020 3070 1102 3113 tot
1125 3061 1248 3113 viris
1271 3061 1393 3113 doe-

324 3140 396 3190 tia
420 3153 668 3205 agnosco,
686 3142 831 3190 ulcus
851 3139 1132 3205 quoddam,
1149 3141 1273 3191 licet
1290 3153 1393 3191 non

324 3230 591 3280 magnum,
614 3217 665 3266 in
688 3217 785 3266 boc
810 3217 924 3268 loco
955 3216 1139 3281 latere,
1163 3219 1299 3284 quod
1324 3232 1391 3268 ex

324 3292 591 3347 codicibus
620 3292 918 3344 melioribus
954 3294 1271 3345 curationem
1302 3288 1393 3345 ex-

322 3375 526 3434 pectet.
593 3368 666 3420 At
689 3371 961 3434 oegerrime
983 3369 1116 3433 fero,
1139 3385 1205 3419 ex
1228 3372 1392 3422 omni·

322 3446 423 3497 bus
443 3447 545 3499 illis
567 3446 729 3505 libris,
747 3447 833 3512 qui
855 3448 976 3497 mihi
1003 3448 1296 3505 innotuere,
1314 3450 1394 3499 ni-

322 3525 394 3575 bil
418 3524 534 3588 opis
558 3538 712 3587 posse
742 3525 994 3588 promitti.
1062 3526 1314 3590 Equidem
1339 3527 1391 3576 in

321 3600 510 3652 codice
523 3601 782 3651 Vaticano
796 3604 921 3652 ⁸461
932 3637 946 3653 .
961 3608 1013 3651 et
1029 3600 1391 3668 Guelpberby-

324 3687 472 3743 tanc,
488 3679 607 3729 huic
631 3681 748 3729 loco
772 3680 1026 3743 particula
1049 3685 1101 3730 at
1123 3680 1391 3741 inseritur,

320 3757 595 3821 statimque,
626 3762 684 3806 at
719 3757 803 3806 Itos
835 3757 963 3820 ipsos
996 3757 1191 3821 cotidie,
1223 3757 1391 3809 deinde

321 3832 614 3896 itasomas,
637 3838 693 3883 ut
715 3847 782 3889 se,
802 3836 884 3897 ἔρι’.
931 3834 1240 3899 Quanquam
1268 3848 1390 3884 vero

323 3923 425 3959 nec
465 3923 564 3973 ego
598 3909 826 3960 libenter
864 3910 1181 3972 conjecturis
1220 3910 1391 3960 indul-

321 3999 507 4049 μεως
541 3985 748 4035 interim
771 3991 944 4035 tamen
968 4000 1121 4035 ausus
1143 4001 1256 4036 sum
1282 3987 1389 4035 vul-

320 4061 439 4111 neri
462 4061 687 4123 vulgaris
722 4060 979 4124 lectionis,
1004 4068 1253 4126 quantum
1276 4060 1391 4112 fieri

321 4139 521 4204 potuit,
548 4138 810 4189 lenissima
844 4139 1118 4190 curatione
1153 4141 1389 4203 mederi;

319 4216 365 4265 ai
387 4214 608 4265 audacia
643 4223 742 4272 est,
778 4222 1010 4266 retentas
1032 4228 1211 4265 ornnes
1235 4229 1390 4266 voces

325 4291 515 4343 saltem
564 4292 617 4341 iu
663 4292 928 4341 meliorem
973 4291 1220 4343 ordinem
1253 4292 1389 4342 redi-

452 4372 634 4436 Delph.
652 4378 701 4423 et
723 4371 839 4423 ναν.
862 4372 989 4422 Clas.

1279 4374 1469 4434 Paneg.
1495 4373 1606 4423 Vet-

2368 355 2543 435 1057

1473 526 1634 582 gerez
1687 532 1842 584 quem
1893 520 2103 586 quidem
2143 519 2382 575 ordinem
2425 522 2542 588 ipse

1472 601 1752 647 contextus
1777 595 2027 647 orationis
2051 598 2376 662 suppeditat.
2443 601 2543 653 Ni·

1472 672 1657 723 mirum
1700 672 1937 736 proxime
1977 684 2319 737 praecesserat
2357 677 2543 729 adver·

1474 747 1612 797 bium
1627 750 1853 812 primum,
1873 749 1955 799 cui
1977 750 2238 803 ordinarie
2254 753 2544 817 respondet

1473 826 1731 888 particula
1767 826 1973 884 deinde,-
2018 842 2168 893 quam
2210 843 2334 880 vero
2377 831 2542 895 parti·

1472 903 1640 953 culam
1687 902 1881 954 librarii
1928 903 2296 970 intempestive
2343 923 2374 958 a
2420 909 2541 961 loco

1471 993 1565 1029 suo
1600 989 1953 1039 removerunt,
1990 989 2047 1032 et
2080 984 2158 1035 ita
2190 985 2446 1042 locarunt,
2481 994 2544 1038 ut

1473 1071 1539 1107 ea
1575 1071 1788 1120 prorsus
1829 1073 2219 1122 supervacanea
2260 1063 2541 1114 videretur.

1473 1134 1634 1185 Nunc
1657 1141 1850 1191 autem,
1873 1149 1990 1186 cum
2023 1150 2089 1186 ea
2110 1137 2162 1187 in
2185 1139 2361 1188 sedem
2390 1155 2541 1193 suam

1471 1210 1791 1268 restituitur,
1822 1211 2118 1277 neutiquam
2143 1213 2337 1265 inutilis
2358 1214 2541 1269 haberi

1472 1294 1679 1351 potest3
1721 1287 1810 1338 sed
1850 1288 2009 1339 totius
2050 1289 2197 1353 hujus
2233 1290 2333 1342 loci
2371 1293 2542 1343 oratio

1472 1365 1600 1422 satis
1641 1372 1767 1428 apte
1805 1363 1939 1416 fluit.
2009 1366 2166 1416 Certe
2202 1382 2304 1419 non
2344 1376 2541 1434 metuo,

1471 1456 1539 1491 ne
1567 1456 1757 1507 arguar
1793 1457 1888 1506 per
1920 1444 2051 1493 hanc
2084 1445 2540 1498 translocatieuem

1471 1519 1734 1582 quandam
1779 1521 2030 1571 maculam
2085 1523 2370 1585 aspersisse
2419 1523 2542 1574 huic

1473 1595 1825 1660 Panegyrico.
1889 1597 2011 1648 Stat
2041 1597 2347 1651 adverbium
2370 1600 2541 1653 deinde

1471 1685 1565 1722 suo
1608 1674 1743 1737 loco,
1786 1686 1938 1738 quem
1982 1673 2181 1725 indicat
2219 1676 2541 1727 antecedens

1472 1748 1776 1799 adverbium
1809 1750 2035 1812 primm,
2065 1764 2215 1814 quem
2249 1757 2306 1803 et
2342 1753 2543 1804 indicat

1470 1825 1635 1890 ipsius
1688 1827 1964 1879 sententia
2022 1827 2205 1879 ratio..
2242 1828 2372 1880 Quis
2416 1843 2540 1881 vero

1470 1902 1658 1959 nescit,
1695 1903 1852 1953 etism
1900 1901 2025 1955 alibi
2066 1917 2168 1955 non
2215 1917 2334 1953 raro
2377 1909 2540 1959 teme·

1471 1979 1611 2029 raria
1646 1993 1829 2029 vocum
1871 1980 2278 2044 transpositione
2317 1982 2541 2033 orationi

1473 2057 1556 2104 vel
1570 2056 1959 2120 obscuritatem,
1969 2058 2052 2125 vel
2065 2058 2366 2121 languorem
2380 2072 2544 2124 quen·

1469 2132 1591 2185 dam
1616 2133 1888 2187 inductum
1910 2134 2103 2185 fuisse?
2142 2134 2232 2184 Sic
2268 2142 2418 2185 certe
2441 2135 2540 2187 sub

1452 2212 1676 2265 initium
1722 2215 1947 2278 proximi
1991 2215 2194 2279 capitis,
2238 2214 2291 2264 in
2335 2215 2540 2266 duobus

1469 2289 1737 2340 codicibus
1759 2290 1891 2341 Mas.
1922 2291 2036 2341 haec
2071 2290 2232 2341 verba
2265 2304 2540 2356 perperam

1471 2369 1795 2418 translocata
1828 2366 2007 2418 fuere:
2052 2368 2214 2430 Vides,
2249 2374 2298 2419 et
2329 2383 2430 2420 esse
2464 2385 2542 2433 op·

1470 2444 1660 2504 tunam,
1677 2450 1725 2494 et
1754 2445 1856 2495 dici
1881 2451 2103 2508 tanquam
2133 2446 2380 2510 optimum,
2401 2462 2538 2511 quem

1468 2520 1664 2583 elegisti
1685 2536 1707 2579 ,-
1761 2521 1848 2571 ubi
1884 2522 1936 2571 in
1991 2522 2183 2572 ceteris
2232 2520 2538 2575 libris‘rec·

1471 2595 1574 2647 tius
1610 2596 1846 2660 legimus,
1888 2596 2031 2646 Vides
2065 2602 2114 2647 et
2153 2612 2253 2648 esse
2288 2598 2539 2662 optimum,

1467 2677 1517 2722 et
1536 2672 1657 2735 dici,
1674 2687 1809 2737 quens
1833 2678 2061 2736 tunquam
2078 2675 2307 2739 optimum
2327 2676 2539 2738 elegisti.

1469 2749 1731 2803 Schwarz.

1535 2827 1722 2879 Statitn
1757 2828 1842 2878 Ιιω
1875 2827 2024 2892 ipsos]
2055 2828 2323 2893 Statimque
2354 2830 2439 2880 llos
2465 2830 2540 2893 ip-

1466 2918 1560 2954 sos.
1618 2905 1727 2955 Pro
1750 2906 1766 2935 ⁸
1791 2912 1929 2956 stato
1952 2904 2249 2956 et-definito
2269 2905 2541 2971 tempore,'

1466 2980 1765 3045 significatu
1782 2995 1924 3046 novo
1949 2988 2004 3032 et
2038 2983 2312 3041 insolente,
2337 2985 2381 3033 si
2404 2984 2538 3034 inte·

1467 3072 1565 3122 ger
1607 3058 1772 3109 locus·
1837 3059 1979 3122 Lege
2033 3059 2264 3110 Nouium
2309 3061 2536 3111 Marcel-

1469 3137 1573 3186 lum
1618 3137 1672 3186 in
1730 3137 1746 3164 ⁸
1773 3134 2001 3186 Statim-⁹
2079 3136 2187 3187 Sed
2237 3136 2538 3187 doctissimo

1452 3212 1505 3267 ,J
1513 3220 1626 3263 usto
1648 3212 1826 3276 Lipsio
1849 3211 2063 3262 rescribi
2087 3213 2281 3276 placet,
2310 3213 2539 3264 dilectam

1465 3297 1780 3355 tamtumque.
1847 3291 1958 3340 Hos
1977 3291 2104 3354 ipsos
2134 3292 2347 3356 quotidie
2368 3292 2539 3343 deinde

1465 3369 1541 3420 ita
1551 3370 1754 3431 formas,
1775 3372 1859 3435 ὅτ.
1897 3370 2066 3420 Livin.

1534 3447 1717 3498 Statim
1757 3448 1841 3497 hos
1879 3447 2031 3512 ipsos]
2077 3447 2393 3512 Coi-ruptum
2435 3456 2537 3500 cst.

1468 3524 1648 3581 Forte,
1676 3525 1900 3574 dilectum
1919 3525 2296 3588 «catenatumque
2310 3540 2327 3575 ε
2358 3525 2443 3574 laos
2462 3526 2537 3590 ip·

1433 3616 1546 3653 -sos
1563 3600 1737 3651 cotidie
1757 3601 1930 3650 deinde
1948 3601 2238 3661 itasormas.
2274 3601 2420 3665 Lips.

1534 3679 1605 3727 Et
1626 3682 1762 3727 tauto
1784 3676 1969 3740 nugis]
2003 3678 2073 3727 Et
2093 3677 2319 3732 deleam.
2353 3678 2519 3728 Licin.

1535 3756 1603 3805 Et
1638 3760 1773 3804 tanto
1802 3754 1983 3818 magis]
2018 3755 2338 3806 Particulam
2361 3762 2411 3805 et
2441 3770 2536 3819 pu·

1465 3839 1674 3882 taverat
1719 3831 1987 3881 Livineius
2043 3830 2339 3883 delendam.
2418 3833 2535 3895 Ego

1459 3909 1623 3958 etiam
1647 3907 1869 3958 antehac
1906 3920 2019 3955 eam
2054 3907 2212 3957 malui
2248 3907 2535 3970 dimittere,

1467 3993 1560 4036 aut
1582 3985 1764 4034 saltem
1795 3998 1912 4034 cum
1953 3985 2214 4048 particula
2235 3989 2290 4034 at
2309 3998 2537 4034 commu·

1468 4069 1616 4124 tare3
1639 4062 1751 4127 jam
1790 4050 1963 4111 tamen
2002 4075 2070 4110 ex
2102 4074 2358 4110 consensu
2397 4058 2533 4110 Arn-

1466 4139 1645 4202 tzenii,
1676 4145 1733 4189 et
1771 4138 2016 4200 Gesneri,
2048 4137 2317 4202 antiquam
2355 4137 2534 4187 lectio·

1465 4231 1586 4266 nem
1621 4216 1814 4266 salvam
1852 4214 2122 4278 relinquo:
2162 4212 2323 4263 credo
2359 4221 2532 4263 tamen

1465 4293 1542 4342 sic
1567 4292 1778 4344 verbum
1812 4296 1946 4354 suat,
1975 4290 2111 4356 quod
2143 4290 2216 4342 H.
2241 4290 2532 4351 Stephanus

2289 4375 2319 4421 3
2353 4371 2405 4421 Χ
