3017 4942
673 454 742 503 c.
792 453 1037 503 rmun
1087 451 1424 502 suenum
1471 448 1748 502 muse.
1829 453 1881 501 1.
1910 437 2020 503 64.

265 595 534 658 Puteanus,
558 594 653 656 ita,
676 600 732 646 ut
755 595 1042 646 exhibeant
1065 611 1151 646 nee
1172 597 1308 644 dum-

264 686 373 736 ραις
398 671 537 737 quod
563 673 772 723 attribns
794 671 1148 722 duriusculum
1173 671 1310 720 acei-

263 747 351 803 dit.
410 747 473 798 Iu
496 748 801 813 quibusdam
821 748 1094 798 Vaticanis
1112 747 1311 810 legitur

261 838 314 873 ae
331 823 456 873 dun.
522 823 699 873 Ceteri
724 837 900 875 omues
928 823 1045 874 libri
1082 823 1312 887 produnt

264 900 507 962 vulgatam
531 901 827 951 lectionem.
887 899 1061 965 Atque
1086 901 1174 949 illa
1196 899 1312 965 qni·

261 975 367 1027 dein
389 978 648 1041 particula
669 992 758 1040 que
780 984 925 1027 recte
951 976 1133 1026 abesse
1160 988 1312 1039 posse

261 1052 473 1111 videtur,
490 1068 606 1104 cum
632 1056 709 1103 vis
729 1054 1007 1118 copulandi
1027 1054 1138 1118 jam
1154 1054 1313 1103 lateat

261 1132 342 1182 in'
329 1147 441 1195 ipsa
474 1133 729 1197 particula
760 1149 863 1184 aec.
931 1134 1026 1183 Est
1060 1134 1194 1183 euim
1227 1148 1314 1183 nec

257 1208 376 1273 dass,
427 1214 483 1258 et
507 1223 686 1273 neque
725 1210 857 1267 dunt,
902 1210 1115 1273 proprie
1155 1209 1314 1273 idem,

259 1284 383 1348 quod
409 1285 563 1348 vulgo
585 1285 779 1335 dicitur
807 1290 856 1335 et
880 1288 1104 1342 nondum.
1128 1285 1209 1334 vei
1230 1298 1314 1334 as-

258 1375 338 1424 qsoe
353 1363 517 1412 adhuc.
575 1362 663 1411 Sic
685 1363 828 1412 canit
850 1361 1102 1425 Virgilius
1125 1361 1299 1411 AEnuv

257 1437 411 1486 «115.ι
438 1439 576 1487 Dum
600 1439 779 1487 melior
821 1440 957 1488 vires
991 1437 1201 1501 sanguis
1223 1436 1315 1486 da-

258 1510 357 1575 bat,
378 1515 563 1565 oemuia
580 1527 677 1562 nee
695 1514 813 1564 dum
837 1512 896 1579 (i.
913 1528 960 1563 e.
978 1520 1035 1563 et
1056 1511 1316 1576 nondum)

255 1589 585 1653 Temporibus
619 1589 837 1651 geminis
872 1589 1100 1641 canebat
1135 1600 1318 1652 sparsa

258 1666 525 1716 senectus!
576 1665 656 1717 Cf.
676 1668 790 1716 AEn.
805 1680 860 1715 v.
884 1671 1001 1716 606.
1024 1680 1135 1730 seq.
1154 1666 1316 1718 Juve-

257 1744 378 1803 nalis
395 1745 503 1795 Sat.
520 1749 695 1793 ¹1.65.
711 1745 726 1772 ‘
743 1746 822 1794 De
840 1743 1122 1793 Tiburtino
1142 1743 1319 1794 veniet

260 1816 614 1884 pinguissimus
649 1834 775 1884 agro
813 1819 1091 1881 Hoedulns,
1122 1826 1177 1868 et
1207 1825 1317 1868 toto

260 1910 412 1960 grege
452 1896 675 1956 mollior,
717 1895 907 1945 inscius
954 1894 1156 1960 herbas,
1197 1895 1318 1945 Nec

258 1971 369 2023 dum
411 1987 569 2023 ausus
613 1971 785 2037 virgas
826 1972 1029 2022 humilis
1077 1971 1319 2022 mordere

257 2049 451 2099 salicti.'
515 2050 604 2100 Sic
650 2058 706 2099 et
751 2049 861 2099 Cic.
918 2048 1089 2099 Attic.
1133 2060 1189 2098 x.
1236 2051 1318 2098 10.

256 2126 271 2154 ‘
292 2125 406 2190 Ille,
426 2127 553 2192 qnid
577 2133 720 2190 agat,
754 2125 796 2173 si
833 2125 955 2183 scis,
987 2139 1160 2189 neque
1194 2123 1318 2174 dum

255 2200 312 2265 (i.
331 2218 378 2253 e.
399 2210 455 2254 et
477 2201 734 2267 nondum)
754 2201 914 2251 Roma
933 2216 991 2251 es
1015 2200 1319 2265 profectusg

258 2278 439 2329 scribas
465 2279 532 2329 ad
551 2293 663 2342 me,
687 2277 879 2328 velim!
933 2278 1123 2341 Neque
1148 2283 1318 2326 tamen

256 2352 625 2417 hispanicum
646 2368 854 2415 semper
868 2353 1131 2413 notionem
1157 2365 1318 2414 copu-

258 2429 386 2480 landi
403 2431 846 2492 complectuntur,
874 2427 966 2479 sed
1002 2435 1060 2479 et
1083 2428 1320 2492 aliquau-

259 2504 321 2555 do
373 2506 685 2579 simpliciter
728 2511 933 2568 notant,
976 2504 994 2532 ‘
1030 2500 1319 2565 noudum‚'

259 2583 392 2633 ‘nou
414 2581 635 2644 adbnc3’
672 2597 722 2632 v.
747 2597 799 2645 g.
833 2580 970 2645 apud
995 2581 1181 2645 virgil.
1203 2579 1318 2630 Ecl-

258 2673 331 2708 rx.
362 2665 446 2711 26.
481 2661 499 2689 ‘
528 2661 692 2709 Immo
725 2659 856 2718 baec,
889 2672 1004 2721 quae
1041 2657 1185 2707 Varo
1218 2670 1318 2706 nec

257 2734 369 2786 dnm
391 2735 634 2801 perfecta
656 2732 919 2785 canebatss
987 2734 1178 2797 Itaque
1212 2731 1319 2782 for-

258 2818 390 2862 tasse
405 2828 435 2862 a
459 2814 704 2862 Pliniana
721 2824 913 2875 genere
934 2809 1194 2860 scribendi
1214 2822 1318 2858 non

259 2886 381 2937 adeo
421 2890 647 2937 alienum
703 2894 865 2947 esset,
907 2882 986 2934 bis
1043 2884 1318 2949 particulis

258 2963 405 3013 etism
430 2962 712 3027 copulandi
746 2962 1049 3025 particulam
1086 2960 1319 3025 adjungi.

258 3037 372 3101 Ipse
394 3041 533 3091 enim
557 3040 699 3090 Ptin.
725 3052 846 3089 xlv.
873 3042 923 3089 1.
946 3039 963 3068 ⁴
983 3039 1055 3087 Et
1077 3052 1175 3087 nec
1196 3037 1319 3086 dum

258 3113 558 3178 imperator,
585 3129 681 3165 nec
713 3114 836 3165 dum
873 3113 979 3164 Dei
1012 3113 1148 3163 fliius
1172 3112 1321 3164 erat.’

259 3190 322 3243 Et
353 3204 467 3243 ινι.
498 3196 549 3244 2.
583 3196 598 3222 ‘
625 3193 697 3241 Et
718 3205 817 3242 nec
849 3190 971 3240 dum
1006 3190 1076 3241 de
1110 3189 1320 3239 biennio

258 3263 465 3331 loquor?
534 3269 836 3333 Quanquam
865 3267 917 3315 in
952 3265 1029 3315 liis
1064 3263 1323 3329 particula

259 3346 302 3393 st
322 3344 636 3406 singularem
661 3345 763 3392 vim
788 3341 1137 3405 exaggerandi
1164 3339 1320 3390 habe·

259 3425 321 3469 st·
367 3421 571 3473 Malim
627 3428 802 3470 autem
856 3418 1121 3482 sejunctis,
1167 3430 1321 3481 quam

261 3496 546 3561 conjunctis
605 3494 878 3560 particulis
933 3494 1185 3550 scribere,
1236 3506 1322 3542 aee

261 3571 383 3633 dm,
404 3575 445 3621 si
470 3573 709 3637 inprimis
742 3569 1091 3623 connectendi
1118 3569 1222 3619 vim
1243 3569 1320 3619 in·

265 3650 484 3699 volvant.
521 3650 677 3716 Ideym.

321 3726 561 3788 Necdum]
599 3726 905 3789 Necdumque
923 3723 990 3774 V.
1012 3721 1180 3777 Lirin.
1203 3736 1321 3787 pro·

263 3799 341 3850 be.
376 3802 617 3854 Rittersli.

323 3878 424 3940 Me,
444 3894 509 3928 aa
539 3877 800 3941 audierim]
837 3874 1094 3926 Meudose
1117 3888 1210 3939 pro
1231 3888 1322 3933 me,

265 3955 505 4019 scriptum
540 3965 623 4006 est
653 3971 713 4006 ne
753 3957 805 4005 in
843 3954 1026 4004 codice
1066 3951 1322 4003 salisbur-

268 4032 401 4092 gensi
445 4039 503 4082 et
547 4047 702 4092 meo;
757 4033 883 4081 item
928 4030 1167 4093 intelligo,
1223 4044 1322 4093 pro

268 4111 495 4174 sequenti
530 4112 691 4161 verbo
724 4110 989 4171 interrogo.
1056 4109 1174 4158 Nec
1210 4107 1322 4170 pla·

270 4195 349 4238 eet
372 4194 453 4239 nat
475 4189 697 4247 uiderim,
730 4202 821 4251 pro
843 4202 908 4236 un
938 4184 1159 4248 uiderim,
1184 4182 1322 4249 quod

270 4265 430 4317 inveni
455 4269 508 4316 in
529 4266 836 4325 parisiensi,
859 4266 1066 4315 Veneto
1087 4268 1137 4313 2.
1158 4263 1320 4315 Οιιεῑε

272 4340 604 4408 pherbytanm
628 4348 684 4395 et
706 4342 840 4394 libro
864 4342 1137 4405 vossiano,
1160 4348 1321 4406 atque

2286 385 2461 500 'ees

1382 594 1438 645 iu
1491 593 1726 645 editione
1779 593 2038 647 sichardi.
2106 590 2361 643 Ediderat
2400 597 2458 642 et

1385 671 1655 735 Gryphius
1681 685 1766 721 an.
1799 674 1946 720 15³1.
1971 675 2057 720 out
2073 686 2093 729 ,-
2128 677 2185 720 at
2207 683 2288 721 an.
2310 672 2461 719 1542.

1386 762 1482 812 pro
1506 762 1572 797 eo
1597 748 1832 812 reposuit
1852 764 1933 796 aa.
1967 747 2230 797 Schwart-

1403 867 1410 870 ,
1450 823 1694 885 Pontifex
1725 823 1986 886 mximas]
2043 822 2164 874 Jam
2201 822 2454 874 Octavius

1386 901 1675 965 Augustus,
1707 915 1772 951 ne
1808 899 1931 965 quid
1970 900 2071 963 ipsi
2102 897 2171 948 ad
2204 910 2455 949 summam

1384 983 1705 1042 potestatem
1781 976 2014 1036 deesset,
2093 974 2456 1039 pontificatum

1385 1055 1687 1116 maximum,
1718 1067 1872 1119 quem
1902 1066 2164 1117 nunquam
2199 1053 2320 1103 vivo
2354 1053 2457 1101 Le·

1387 1131 1512 1198 pido
1535 1130 1743 1181 anferre
1767 1130 2109 1193 sustinuerat,
2130 1129 2232 1179 hoc
2256 1135 2457 1179 mortuo

1386 1209 1616 1271 demum,
1640 1207 1889 1270 suscepit,
1912 1219 2044 1256 anuo
2068 1205 2276 1270 quidem
2300 1205 2455 1256 UA).

1387 1299 1614 1337 nccuv.
1643 1283 1815 1349 pridie
1842 1285 2020 1336 Nonas
2042 1283 2284 1334 Martias.
2326 1282 2458 1333 Sue-

1386 1370 1499 1414 ten.
1518 1361 1658 1426 Aug.
1679 1376 1726 1412 e.
1747 1366 1829 1411 sl.
1858 1362 1958 1411 Dio
1983 1362 2017 1410 1.
2040 1373 2152 1410 mv.
2183 1375 2237 1424 p.
2255 1363 2370 1409 640.
2403 1364 2459 1408 et

1386 1438 1551 1490 Ovid.
1588 1439 1735 1489 Fest.
1770 1451 1858 1488 m.
1897 1442 2016 1488 420.
2081 1436 2202 1486 Hoc
2234 1434 2373 1485 enim
2405 1435 2457 1484 ei
2540 1463 2552 1474 ι

1385 1514 1573 1564 deerat
1608 1513 1673 1563 ad
1714 1526 1961 1563 summam
2002 1526 2171 1561 rerum
2211 1512 2350 1560 omni
2388 1520 2457 1559 ex

1387 1596 1543 1655 parte
1587 1589 1940 1653 explendam3
1995 1601 2114 1638 cnm
2158 1585 2459 1652 respublica

1386 1669 1524 1718 bene
1547 1667 1801 1719 ordinata·
1823 1667 2173 1728 contineatur,
2196 1671 2253 1714 et
2283 1663 2457 1726 religi-

1386 1745 1501 1795 onis
1523 1743 1856 1805 caerimoniis‚
1881 1748 1938 1791 et
1972 1741 2173 1806 legibus
2208 1740 2460 1789 humanis.

1390 1820 1474 1871 Ab
1515 1835 1580 1870 eo
1620 1827 1857 1884 tempore
1892 1819 2052 1868 honos
2086 1817 2131 1868 is
2171 1816 2456 1881 titulusque

1389 1897 1631 1963 proprius
1694 1896 2068 1960 imperatorum
2148 1893 2455 1957 permansit,

1390 1991 1555 2042 usque
1589 1975 1655 2025 ad
1690 1975 2025 2036 Gratianum,
2061 1973 2146 2038 qui
2172 1972 2368 2035 primus
2392 1984 2460 2020 ex
2544 1977 2554 1989 ⁸

1391 2052 1792 2116 imperatoribus
1835 2051 2147 2102 Christianis
2177 2049 2314 2098 hunc
2348 2058 2457 2097 mo·

1392 2142 1501 2177 rem
1528 2135 1800 2177 aversatus
1833 2135 1932 2190 est,
1957 2134 2094 2176 testa
2117 2124 2342 2180 zosimo,
2362 2121 2460 2172 lib.

1392 2217 1450 2254 v.
1519 2204 1654 2253 Vide
1685 2203 2047 2254 casaubonum
2084 2201 2147 2249 ad
2184 2198 2403 2250 Sueten.
2423 2198 2460 2246 1.

1390 2293 1440 2329 c.
1463 2285 1519 2328 et
1538 2278 1627 2330 Jo.
1649 2278 1814 2329 Andr.
1845 2279 2061 2328 Bosium
2094 2275 2162 2325 de
2196 2273 2460 2325 Pontifice

1393 2356 1631 2405 Maximo
1652 2354 1863 2406 Veteris
1887 2355 2085 2404 Roma*-
2128 2352 2270 2402 Plin.
2294 2348 2462 2414 Epist·

1394 2445 1454 2483 x.
1487 2435 1573 2481 73.
1609 2430 1673 2481 ad
1708 2431 2014 2494 Trajanum,
2040 2429 2106 2485 de
2144 2426 2460 2477 transferen-

1394 2509 1475 2558 dis
1501 2506 1825 2573 quorundam
1853 2515 2171 2556 mortuorum
2209 2504 2465 2568 reliquiis,

1392 2591 1410 2615 ¹
1425 2583 1537 2645 Te,'
1558 2583 1744 2648 inquit,
1756 2581 1773 2610 ‘
1792 2582 2019 2642 domine,
2037 2579 2315 2629 maximnm
2333 2592 2460 2641 pon·

1395 2658 1593 2710 tiflcem
1616 2656 1988 2709 consulendum
2014 2653 2231 2719 putavi.'
2286 2654 2459 2702 Caesa·

1394 2750 1496 2800 res,
1535 2735 1622 2801 qui
1662 2733 1885 2784 noudum
1922 2731 2187 2793 fastigium
2235 2728 2463 2790 Augusti

1393 2810 1828 2872 conscenderant,
1843 2804 2159 2857 solummodo
2175 2803 2467 2868 pontifices,

1394 2897 1450 2939 et
1468 2889 1770 2952 plerumque
1794 2899 1950 2949 snpra
1975 2894 2239 2932 numerum
2260 2881 2312 2929 in
2334 2894 2462 2943 pon·

1394 2965 1592 3015 tificum
1615 2962 1888 3024 collegium
1927 2958 2159 3022 cooptati
2184 2955 2368 3016 fuere3
2405 2955 2460 3005 id

1395 3041 1533 3106 quod
1558 3055 1623 3089 ex
1646 3039 1864 3088 nummis
1888 3035 2119 3099 antiquis
2148 3032 2273 3083 satis
2295 3036 2463 3096 patet.

1397 3118 1645 3169 Ceterum
1687 3115 1856 3166 codex
1895 3113 1997 3162 Ms-
2041 3111 2276 3159 Veuetus
2315 3112 2364 3158 2.
2403 3112 2464 3156 et

1395 3207 1580 3258 paucae
1604 3191 1881 3251 editiones,
1897 3187 2203 3237 vocabulum
2220 3183 2465 3249 pontffex,

1396 3286 1514 3321 eum
1539 3265 1972 3319 antecedentibus
1996 3263 2162 3314 titulis
2187 3277 2282 3331 per
2302 3275 2464 3326 copu-

1395 3346 1498 3472 llam
1524 3350 1574 3395 et
1596 3344 1943 3409 conjungunt,
1976 3339 2135 3406 idque
2169 3338 2299 3389 satis
2321 3345 2464 3402 apte.

1426 3423 1555 3470 deni.

1459 3496 1701 3557 Pontifex
1728 3492 1991 3557 maximus]
2032 3490 2202 3542 Etiam
2243 3487 2464 3540 Pontifi-

1395 3573 1472 3624 eis
1516 3573 1596 3624 M.
1631 3572 1839 3622 nomine
1879 3571 2228 3633 imperatores
2271 3564 2464 3629 gaude-

1397 3651 1547 3712 bant,
1593 3657 1653 3699 ut
1702 3663 1767 3697 ex
1802 3647 2027 3696 nummis
2070 3643 2199 3693 satis
2241 3647 2466 3692 constat.

1397 3725 1559 3791 Apud
1605 3722 1904 3788 pontificem
1950 3721 2231 3770 maximum
2288 3722 2463 3767 autem

1393 3816 1594 3857 summa
1608 3806 1722 3851 erat
1737 3812 1998 3849 sacrorum
2018 3802 2270 3860 potestas.
2300 3793 2466 3843 Plura

1398 3878 1552 3929 Alex.
1575 3877 1639 3926 ab
1658 3877 1808 3926 Alex.
1834 3887 1898 3923 ιι.
1922 3877 1972 3923 8.
2001 3871 2220 3922 Putat-ol.
2462 3904 2468 3915 .

1460 3951 1701 4015 Pontifex
1738 3949 2002 4014 maa-imus]
2049 3949 2231 4004 Forte,
2255 3947 2328 3996 Et
2344 3959 2464 4010 pon-

1396 4030 1522 4090 tifex
1541 4028 1794 4078 maximus.
1821 4026 1987 4076 Lirin.
2462 4058 2471 4067 .

1459 4105 1700 4167 Pontifex
1720 4099 2167 4166 maximasuivin.
2181 4098 2366 4151 inserit
2385 4104 2434 4150 et
2446 4115 2466 4149 .-

1396 4185 1581 4250 probe.
1605 4183 1740 4232 Ritt.
2458 4208 2469 4223 1

1462 4261 1531 4310 Et
1554 4259 1680 4310 sedit
1712 4252 2007 4317 iuturbctus]
2040 4251 2220 4307 Codex
2250 4252 2466 4302 Vatica-

1394 4350 1490 4391 nus
1511 4339 1660 4387 8461.
1683 4334 1808 4387 vitio
1831 4331 2052 4387 laborat,
2075 4327 2195 4379 dum
2217 4326 2397 4385 refert,
2416 4331 2466 4376 et
