3017 4942
767 373 832 423 c,
877 370 1121 453 remu
1168 370 1506 422 suenum
1559 373 1833 424 nnec.
1908 375 1959 425 1.
1986 359 2094 426 42.

324 512 491 571 miei,
528 514 614 565 sed
641 528 728 565 nos
762 530 943 567 um.
1009 516 1208 568 Verum
1247 517 1398 569 istam

327 591 802 655 transpositionem,
833 608 990 658 quam
1025 608 1164 643 nunc
1199 593 1398 658 recepi·

331 681 460 729 mus,
487 667 871 718 observavimus
903 669 956 718 in
992 669 1247 732 omnibus,
1266 684 1398 734 quos

329 744 602 795 consulere
620 745 770 796 nobis
791 746 970 796 dnum
991 745 1109 803 fuit,
1126 745 1396 798 codicibus

328 820 464 871 Mas.
483 836 703 887 eamque
728 823 937 875 omnino
961 823 1248 885 meliorem,
1270 838 1394 874 con·

326 897 605 964 textuique
635 900 889 952 orationis
925 901 1397 966 congruentiorem,

326 987 484 1039 qnam
529 976 809 1041 vulgatam,
841 977 1210 1041 judicavimus.
1287 979 1395 1029 Hie

327 1062 458 1113 ergo
480 1052 845 1113 grammaticus
871 1054 1085 1104 istarum
1110 1068 1289 1106 vocum
1309 1068 1393 1105 or·

327 1125 398 1176 do
419 1141 535 1177 esse
560 1127 721 1179 debet
743 1130 859 1181 Non
878 1130 1122 1193 enimjons
1139 1131 1266 1183 serui
1284 1146 1393 1182 uss·

324 1203 400 1253 tri
440 1211 553 1254 sunt
587 1206 730 1257 unici
765 1207 1018 1272 principis,
1051 1210 1136 1273 &c-
1207 1211 1393 1276 Neque

320 1280 471 1331 ‚enim
493 1282 697 1334 Plinius
719 1283 829 1348 jam
864 1286 1155 1348 generatim
1185 1286 1252 1337 de
1282 1300 1393 1338 ser-

317 1357 406 1407 -vis
424 1358 699 1424 principis,
718 1361 814 1411 sed
849 1361 916 1412 de
948 1363 1112 1413 servis
1135 1370 1193 1414 et
1215 1368 1230 1393 ‘
1249 1377 1394 1415 man·

321 1433 479 1499 cipiis
514 1436 730 1502 alienis‚’
748 1437 858 1489 sive
890 1437 960 1488 de
992 1441 1154 1489 servis
1185 1440 1397 1506 civium,

318 1511 594 1577 loquitur3
646 1528 764 1565 curn
820 1521 1046 1579 constet,
1098 1518 1394 1582 superiores

322 1590 590 1655 principes
641 1594 891 1658 majorem
930 1593 1089 1646 fidem
1131 1597 1294 1647 servis
1337 1604 1395 1648 et

318 1669 604 1733 mancipiis
624 1669 838 1735 civium,
850 1685 1005 1737 quam
1031 1670 1156 1737 ipsis
1173 1673 1393 1733 civibus,

322 1745 584 1812 habuisse,
602 1755 763 1813 atque
794 1749 912 1800 illos
943 1764 1124 1801 servos
1156 1764 1250 1817 spe
1273 1766 1391 1818 pro·

322 1821 598 1890 missisque
631 1825 944 1892 corrupisse,
971 1835 1027 1877 et
1058 1826 1214 1879 domo
1246 1828 1391 1881 iden·

322 1898 486 1950 tidem
530 1900 827 1968 abduxisse,
870 1903 1028 1971 inque
1068 1906 1391 1958 dominorum

321 1976 504 2040 capite
557 1977 864 2032 subornasse
918 1988 1080 2049 atque
1143 1997 1393 2035 armasse.

323 2051 484 2104 Ides·-

393 2129 572 2180 Omaes
605 2137 876 2184 atemere
914 2134 1197 2199 domestico]
1240 2137 1392 2188 Bene

319 2214 575 2275 recteque
597 2224 655 2262 se
676 2210 838 2263 babet
858 2212 969 2263 hssc
990 2213 1179 2278 lectio;
1213 2228 1392 2265 verum

316 2284 435 2336 haec
483 2285 646 2337 verba
685 2287 741 2338 in
775 2288 1083 2355 quibusdam
1126 2291 1394 2343 codicibus

323 2360 460 2412 Mss.
511 2363 702 2415 mendo
767 2370 1148 2418 commaculata
1203 2368 1394 2434 depre-

319 2437 634 2490 henduntnr.
700 2438 767 2490 In
792 2440 1053 2493 Vaticano
1089 2443 1227 2494 enlm
1249 2448 1397 2496 14⁷6.

322 2516 554 2583 Veneto,
596 2525 653 2569 et
692 2518 1094 2585 Salisbnrgensi,
1139 2522 1392 2588 scriptum

316 2602 408 2647 est
442 2595 595 2645 omn&
638 2602 887 2648 accentor-
927 2612 954 2648 c
995 2599 1249 2649 domestico
1271 2615 1293 2659 ‚-
1338 2600 1393 2652 in

321 2671 629 2728 Parmensi,
644 2673 799 2723 mis
817 2680 1063 2726 «emam
1081 2676 1362 2727 edomuit-0
1370 2692 1393 2737 ,·

318 2756 376 2799 et
410 2750 463 2799 in
485 2750 760 2815 Vossiano,
780 2765 941 2802 mes
969 2759 1243 2806 montore
1262 2770 1290 2806 e
1307 2756 1394 2806 ds·

318 2826 537 2877 neuim.
602 2826 669 2877 In
702 2828 988 2881 Parisiensi
1020 2830 1180 2882 etiam
1201 2832 1393 2885 vitiose

318 2910 595 2954 exaratum
636 2911 721 2955 est
752 2906 1045 2972 municipiis,
1079 2922 1175 2973 pro
1212 2911 1394 2961 nasei·

314 2980 432 3044 piis.
502 2981 740 3033 Fuerunt
785 2989 958 3034 autem
996 2983 1267 3037 domestici
1305 3000 1391 3038 se·

318 3065 590 3109 cusatores
622 3060 848 3124 improbi
877 3061 1047 3126 liberi,
1085 3064 1393 3128 consangni-

318 3135 427 3200 nei,
459 3133 713 3201 et‘servi,
741 3138 830 3204 qni
867 3139 933 3190 ad
975 3138 1272 3204 prodendos
1305 3154 1392 3192 ca·

319 3212 750 3281 lumniandosque
817 3225 1086 3284 parentes,
1151 3232 1391 3270 necessa·

319 3291 447 3356 rios,
479 3290 738 3355 dominos,
771 3306 827 3343 se
860 3277 1040 3345 iiiduci
1084 3295 1222 3360 passi
1254 3301 1392 3348 sunt·

323 3368 480 3418 Idem.

384 3442 791 3509 ›Shlstispublieae
805 3444 969 3510 siens]
1000 3446 1209 3513 Lipsius
1228 3448 1391 3500 inter-

319 3526 562 3586 pretatur
602 3522 834 3587 ‘signum
855 3521 869 3545 '
903 3523 1052 3590 quasi
1092 3538 1188 3590 per
1224 3532 1393 3576 tesse-

319 3611 429 3648 ram
469 3596 667 3648 datam.
737 3596 810 3649 Et
843 3613 969 3650 sane
1005 3600 1099 3651 sn.
1129 3600 1253 3652 Ital.
1289 3614 1391 3655 xv.

296 3675 436 3736 1«ίἸΒ.
473 3672 494 3702 ⁴
514 3672 756 3723 Tacitum
793 3673 888 3724 dat
921 3679 1119 3726 tessere
1153 3676 1391 3741 signnm?

321 3746 588 3812 Intelligit
618 3754 793 3798 autem
817 3749 1018 3801 Plinius
1053 3765 1151 3816 per
1183 3753 1390 3817 signnm

319 3825 613 3889 generatim
630 3825 839 3876 ‘salutis
860 3826 1107 3890 publicae'
1126 3828 1399 3896 indicium,

320 3915 512 3967 nempe
556 3903 727 3968 legem
767 3902 908 3954 illam
951 3905 1183 3971 Trajsni,
1213 3907 1267 3958 in
1311 3921 1391 3958 se·

318 3980 484 4031 lntem
526 3979 835 4044 reipublice
872 3981 1055 4042 latam,
1093 3999 1199 4050 que
1240 3984 1391 4036 coer·

318 4064 467 4109 ceret
521 4057 806 4108 insolentes
852 4073 1121 4112 servorum
1177 4076 1388 4114 accusa-

319 4134 506 4190 tiones,
542 4139 600 4185 et
646 4134 971 4200 impietatem
1008 4138 1260 4190 adversus
1299 4138 1389 4189 he·

321 4225 421 4262 ros.
488 4212 571 4262 Ea
601 4211 739 4275 lege,
772 4211 920 4272 dicit,
961 4215 1124 4265 veluti
1161 4220 1176 4245 ‘
1199 4217 1390 4270 servile

320 4286 550 4340 bellum’
589 4287 851 4341 sublatum
897 4290 1207 4361 finitumque
1257 4307 1390 4347 esse.

2402 360 2538 427 685

1473 517 1606 569 Cum
1651 532 1779 582 ergo
1817 524 2032 570 tessera
2078 532 2200 569 osus
2236 516 2280 569 is
2322 521 2536 585 proprie

1471 603 1631 656 esset,
1676 602 1734 646 ut
1777 610 1841 646 ea
1892 595 2083 646 milites
2137 596 2191 646 in
2238 597 2424 661 proelio
2477 612 2535 650 se

1468 672 1905 730 internoscerent‚
1966 687 2138 738 neque
2202 675 2535 727 excubitores

1468 746 1656 800 fraude
1713 750 1935 802 hostium
1996 751 2536 816 circumvenirentur3

1467 835 1651 877 eontra
1708 836 1903 892 antem,
1947 827 1965 857 ‘
1990 826 2211 878 'exilio’
2269 829 2537 893 proposito

1467 901 1800 968 sublatoque,
1837 911 2081 971 tanquam
2113 904 2272 969 sig-no,
2301 904 2368 956 nd
2404 920 2536 971 pug-

1466 991 1587 1029 nam
1630 981 2053 1032 committendam
2105 981 2406 1047 hostemque
2444 981 2536 1034 de·

1466 1056 1783 1122 bellandum,
1806 1058 2203 1120 excitarentnr;
2235 1059 2409 1110 malim
2431 1059 2535 1127 hic,

1467 1133 1556 1184 ubi
1580 1141 1596 1164 ⁸
1612 1134 1806 1185 bellum
1827 1135 2085 1186 sublatum
2101 1133 2119 1159 ’
2140 1136 2354 1200 dicitnr,
2372 1144 2536 1187 meta·

1467 1211 1683 1276 phoram
1704 1211 1722 1241 ‘
1743 1212 1877 1276 signi
1894 1211 1910 1235 ’
1935 1211 2000 1263 ad
2029 1212 2047 1242 ⁸
2065 1212 2344 1276 vexillum,’
2376 1228 2534 1279 qnam

1466 1287 1534 1338 ad
1559 1294 1575 1318 ‘
1593 1289 1876 1355 tesseram,'
1890 1287 2109 1340 referre.
2155 1287 2241 1339 Ad
2264 1289 2402 1341 bunc
2420 1289 2535 1342 sere

1464 1366 1676 1418 modum
1698 1367 1925 1433 loquitur
1945 1366 2103 1417 etiam
2127 1366 2240 1418 Cic.
2262 1366 2417 1418 Orat.
2435 1382 2536 1433 pro

1466 1442 1740 1503 Marcello,
1763 1459 1810 1495 c.
1829 1449 1874 1495 1.
1907 1445 1925 1473 ‘
1940 1442 2038 1494 His
2060 1443 2297 1494 omnibus
2312 1443 2380 1495 ad
2399 1445 2533 1495 bene

1466 1515 1536 1569 de
1569 1521 1708 1571 omni
1738 1520 2008 1586 republica
2035 1520 2370 1584 sperandum,
2388 1522 2537 1586 quasi

1466 1596 1667 1660 signnm
1702 1596 1910 1662 aliquod
1937 1594 2232 1647 sustulisti-³
2291 1596 2396 1647 Ubi
2421 1599 2534 1661 jam

1465 1672 1698 1724 ostendit
1731 1673 2053 1730 Bachnerus.
2074 1678 2297 1723 tractam
2329 1687 2446 1724 esse
2468 1675 2537 1723 is·

1466 1757 1574 1801 tam
1605 1750 1847 1818 loquendi
1882 1750 2154 1802 formulam
2180 1766 2246 1802 ex
2269 1765 2414 1802 more
2438 1751 2534 1812 mi·

1466 1828 1616 1886 litiae.
1637 1837 1695 1881 et
1726 1829 1995 1894 sigillatim
2023 1828 2234 1893 quidem
2264 1844 2295 1878 a
2322 1828 2536 1893 vexillo,

1469 1912 1715 1972 tanquam
1753 1906 1903 1970 signo
1937 1906 2167 1957 militari.
2235 1906 2376 1957 Nam
2409 1920 2532 1956 cum

1469 1995 1697 2046 pugnam
1729 1981 2051 2033 commissuri
2080 1983 2421 2047 imperatores
2452 1995 2536 2031 es-

1463 2067 1602 2116 sent,
1659 2059 1905 2111 vexillum
1966 2061 2348 2125 proponebant,
2393 2058 2534 2124 qnod

1465 2148 1586 2187 cnm
1622 2136 1814 2188 elatum
1843 2135 2095 2188 videbant
2121 2135 2332 2193 milites,
2360 2136 2536 2188 statim

1464 2208 1849 2277 intelligebant,
1871 2212 1996 2281 quid
2017 2212 2313 2265 faciendum
2334 2214 2433 2265 sibi
2452 2228 2536 2265 es·

1464 2294 1570 2339 set.
1636 2289 1826 2355 Virgil-
1860 2290 1977 2341 AEn.
2011 2303 2142 2342 vm.
2178 2295 2227 2342 1.
2262 2293 2278 2321 ‘
2304 2292 2378 2342 Ut
2413 2291 2537 2342 belli

1465 2364 1669 2429 signum
1696 2367 1942 2417 Laurenti
1966 2367 2168 2418 Turnus
2191 2366 2256 2418 ab
2286 2381 2409 2418 arce
2432 2370 2537 2419 Ex-

1465 2440 1626 2505 tulit,'
1647 2445 1747 2494 &c-
1811 2442 2020 2496 Hirtius
2037 2441 2119 2495 'de
2149 2445 2219 2495 B.
2242 2444 2397 2495 Alex.
2413 2459 2538 2509 cap.

1463 2522 1552 2570 46·
1589 2521 1607 2549 ‘
1633 2519 1843 2572 Vexillo
1876 2521 2103 2584 sublato,
2138 2536 2238 2587 qno
2275 2523 2536 2587 pugnandi

1464 2595 1629 2663 dabat
1654 2599 1875 2663 signum,
1893 2611 2011 2666 qum
2034 2600 2217 2664 primae
2240 2614 2400 2650 nares
2412 2599 2536 2651 snb·

1465 2676 1839 2742 sequebantur,
1862 2676 2001 2727 idem
2025 2686 2082 2725 ut
2107 2675 2357 2732 facerent,
2380 2676 2535 2740 signi·

1463 2751 1696 2805 ficabat.'
1739 2754 1918 2805 Caeser
1930 2752 1998 2805 de
2013 2753 2079 2803 Β.
2095 2753 2165 2805 G.
2181 2766 2245 2803 11.
2259 2757 2342 2803 2⁰.
2360 2752 2378 2782 ‘
2393 2752 2534 2803 Vex-

1465 2831 1613 2881 illum
1635 2830 2052 2896 proponendnm‚
2076 2828 2215 2895 quod
2237 2834 2355 2879 erat
2376 2828 2540 2893 insig-

1466 2921 1557 2970 ne,
1574 2920 1691 2957 cum
1716 2904 1783 2957 sd
1805 2917 1946 2956 arms
1967 2906 2213 2957 concurri
2234 2904 2537 2970 oporteret.'

1466 2983 1731 3034 Ammiani.
1754 2982 1992 3034 Marcell.
2012 2981 2107 3032 lib.
2126 2994 2315 3032 xxvn.
2336 2988 2352 3012 ⁴
2365 2980 2537 3045 Signis

1465 3061 1611 3113 illico
1646 3062 1765 3113 lixis
1793 3078 1860 3113 ex
1882 3076 2046 3122 inore,
2068 3075 2186 3113 cum
2207 3061 2435 3128 undique
2469 3059 2545 3112 ad'

1467 3152 1613 3188 arma
1634 3140 2074 3201 conclamaretur,
2097 3139 2315 3204 imperio
2346 3139 2536 3204 princi·

1436 3211 1447 3219 ⁴
1467 3214 1551 3279 pis
1585 3222 1640 3266 et
1676 3215 1948 3266 ductorum
1982 3215 2133 3266 stetit
2163 3216 2340 3279 miles;
2373 3216 2536 3266 vexil-

1465 3292 1573 3342 lum
1595 3293 1837 3356 operiens
1860 3292 2235 3357 extollendum,
2257 3293 2392 3359 quod
2421 3298 2539 3344 erat

1466 3377 1762 3435 opportune
1803 3383 1991 3434 pugna
2029 3369 2314 3420 subeunda
2353 3368 2537 3421 indici·

1468 3445 1595 3497 nm.’
1661 3446 1872 3496 Preter
1907 3445 2260 3510 Buchnerum‚
2296 3443 2534 3498 confers·

1468 3528 1554 3574 tur
1577 3521 1817 3571 Turneb.
1841 3520 2064 3571 Advers.
2088 3535 2209 3572 xiv.
2233 3526 2313 3572 1⁶.
2380 3525 2536 3575 Cete-

1462 3613 1599 3658 rum,
1635 3598 2035 3662 christophorus
2065 3598 2309 3655 Beluius,
2340 3598 2392 3648 in
2428 3600 2537 3651 Ge·

1466 3676 1682 3726 danensi
1700 3675 1949 3737 editione,
1961 3674 2014 3723 in
2027 3675 2125 3725 hoc
2143 3675 2259 3726 loco
2276 3674 2538 3733 miniano,

1467 3768 1565 3819 pro
1606 3768 1808 3818 unoque,
1848 3754 1935 3817 ᾂσ.
1991 3752 2271 3818 legendum
2326 3755 2535 3805 censuit

1465 3833 1680 3895 elatoque
1697 3829 1870 3881 ululis
1886 3827 2089 3892 publica
2107 3829 2268 3892 aigne,
2289 3832 2375 3895 &⁶-
2439 3830 2537 3882 Ar.

1466 3907 1664 3959 rideret
1696 3914 1754 3957 et
1795 3906 1920 3957 mihi
1960 3907 2174 3970 elatoque
2217 3907 2299 3957 vel
2326 3908 2534 3959 sublsto-

1463 3999 1575 4050 que,
1596 3980 1873 4034 dummodo
1901 3987 2112 4032 veteres
2141 3982 2352 4034 codices
2392 4000 2536 4050 qure-

1464 4061 1585 4111 dam
1619 4058 1913 4125 hujusmodi
1946 4058 2189 4111 lectionis
2214 4061 2433 4127 vestigia
2455 4078 2538 4115 os·

1466 4138 1770 4189 tenderent.
1805 4136 1956 4187 Idem.

1530 4214 1717 4265 Salutis
1730 4210 1957 4278 publica]
1983 4212 2138 4263 Velut
2160 4210 2383 4266 formula
2407 4223 2540 4280 erat,

1467 4294 1521 4344 in
1541 4292 1755 4346 laudem
1770 4291 2020 4343 bonorum
2046 4288 2337 4357 principum
2353 4307 2376 4344 z·
2406 4300 2461 4345 et
2479 4293 2534 4344 in
