3017 4942
743 425 808 473 c.
855 421 1104 473 rmum
1153 423 1494 475 sacuam.
1538 425 1816 476 pan-ae.
1894 429 1942 479 1.
1974 413 2079 481 86.

314 574 507 637 quente
545 583 693 629 voce,
728 571 1162 633 Jacundissimum,
1197 573 1379 638 inepte

318 650 567 710 scriptum
591 654 673 697 est
697 646 747 697 in
767 648 947 705 codice
966 649 1251 699 parisiensi
1273 649 1380 699 Foe-

315 724 654 774 cundissimum
677 741 697 782 ;
748 724 889 790 quod
945 725 1069 775 inde
1124 726 1381 777 accidisse

316 799 493 871 credo,
540 801 680 866 quod
716 801 767 850 in
817 802 931 851 aliis
970 803 1205 866 pluribus
1239 803 1380 853 codi-

316 877 464 927 cibus
509 879 765 942 scriptum
812 885 927 930 erat
959 880 1383 931 Jocunaissimum.

315 953 487 1003 Idem.
1085 957 1090 961 '

385 1030 588 1080 Hunile
613 1031 735 1094 esse]
774 1032 930 1085 Quod
969 1032 1224 1091 videatur,
1264 1034 1386 1099 quia

322 1108 554 1158 amicitia
592 1110 728 1158 inter
751 1110 983 1174 aequales
1006 1111 1159 1160 modo
1182 1119 1295 1161 est:
1330 1117 1386 1162 at

317 1184 407 1233 ille
432 1184 627 1234 eminet
648 1199 807 1250 snper
826 1201 1024 1236 omnes.
1065 1186 1170 1237 Sed
1197 1202 1384 1252 nempe

321 1260 551 1310 amicitia
587 1276 787 1326 parem,
819 1262 863 1312 si
893 1277 997 1313 non
1041 1264 1269 1328 accepit,
1311 1262 1383 1314 fa·

319 1337 411 1387 eit.
454 1337 583 1401 Lips.

391 1414 510 1463 Nisi
529 1415 707 1477 odisse]
739 1415 908 1467 Valde
931 1417 1110 1481 miror,
1132 1432 1226 1468 cur
1249 1417 1383 1468 Livi-

321 1491 473 1543 neius
499 1491 825 1554 indicaverit,
845 1491 987 1543 forte
1008 1495 1286 1558 legendnm
1308 1495 1385 1544 ni-

323 1568 590 1626 hilodisse,
622 1583 739 1619 cum
779 1568 915 1619 idem
952 1572 1169 1621 resultet
1203 1585 1386 1622 sensus

325 1659 392 1695 ex
417 1647 648 1709 vulgato,
676 1653 733 1696 et
770 1661 892 1697 vero
922 1647 1050 1698 nihil
1073 1649 1241 1699 minus
1265 1663 1389 1701 con·

324 1723 504 1773 venire
521 1723 766 1788 principi,
779 1738 933 1789 quam
951 1725 1216 1790 invidiam,
1234 1740 1392 1791 qnam

323 1798 520 1856 odium,
561 1801 774 1850 ostendi
811 1801 1060 1866 prolixius
1102 1802 1154 1850 in
1192 1804 1394 1852 Disser-

327 1876 631 1926 tatiunculis
671 1878 800 1927 meis
825 1879 891 1929 ad
914 1877 1176 1929 Tacitum.
1213 1879 1392 1930 Grute-

325 1968 426 2003 rus.

396 2031 600 2095 Odisse]
634 2032 772 2086 Quia
811 2031 867 2083 in
907 2031 1028 2085 odio
1062 2033 1294 2084 occultus
1338 2039 1394 2083 et

330 2107 563 2172 degener
587 2117 774 2160 metus.
835 2110 1091 2161 Generosi
1124 2117 1298 2161 autem
1324 2110 1410 2176 al·⁸

331 2185 482 2249 tique
528 2187 707 2250 animi,
748 2178 929 2238 ulcisci
974 2188 1197 2253 eligunt,
1242 2202 1396 2255 quam

328 2262 521 2331 odisse.
558 2264 693 2327 Lips-

402 2341 484 2389 Ita
502 2340 711 2404 frueris]
736 2341 915 2392 Codex
939 2342 1224 2392 Patavinus
1237 2342 1399 2393 babet

332 2418 639 2479 itasruaris3
675 2434 787 2484 qnae
814 2419 1041 2471 varietas
1074 2420 1260 2469 nullius
1281 2434 1412 2485 pre-4

336 2494 396 2543 tii
438 2501 551 2553 est3
585 2492 753 2559 n'eque
794 2496 1138 2560 probandum,
1175 2495 1313 2560 qnod
1346 2497 1401 2546 in

335 2570 676 2636 sequentibus
694 2571 996 2623 adverbium
1011 2573 1259 2623 ardentius
1277 2574 1403 2623 omi-

336 2654 520 2696 serunt
543 2648 783 2698 Vaticani
807 2653 955 2701 3461.
979 2657 1035 2700 et
1070 2655 1216 2701 1776.
1254 2652 1403 2702 item·

338 2736 443 2788 que
485 2724 846 2789 Guelphicus3
881 2741 1072 2792 neque,
1115 2729 1255 2793 quod
1298 2729 1403 2778 Pu·

341 2798 579 2849 teolanus
619 2809 673 2850 et
709 2803 1021 2867 Beroaldus,
1057 2819 1150 2868 pro
1183 2804 1405 2868 primum,

341 2877 559 2926 edidere
607 2879 905 2940 plurimam;
952 2895 1118 2945 neque
1164 2881 1410 2947 denique,

342 2952 483 3019 quod
518 2954 571 3003 in
608 2956 895 3018 penultima
913 2971 1041 3006 voce
1070 2957 1227 3020 hujus
1264 2958 1408 3022 capi-

342 3030 413 3080 tis
444 3029 612 3081 codex
643 3031 928 3081 Patavinns
962 3038 1016 3082 et
1045 3033 1181 3083 liber
1202 3033 1410 3083 Vossia-

340 3121 458 3164 nus,
495 3122 589 3172 pro
621 3108 795 3171 magis,
830 3107 1080 3159 exhibent
1109 3124 1410 3175 magnopere.

346 3188 606 3239 Schwarz.
1159 3180 1164 3185 ’

398 3262 653 3333 Facultas]
675 3264 690 3293 ‘
707 3263 1092 3314 Beneficiorum
1112 3277 1293 3313 caussa
1307 3277 1409 3312 non

346 3341 678 3391 contrabitur
719 3340 969 3402 amicitia,
1013 3342 1106 3391 sed
1154 3339 1412 3391 beneficio

345 3424 571 3482 accepto
608 3416 947 3468 confirmatur
978 3417 1161 3468 amor.’
1225 3418 1339 3469 Cic.
1361 3418 1412 3467 in

351 3491 477 3545 Laet.
512 3495 666 3546 Ber-n.

418 3574 556 3623 Cu».
573 3585 809 3623 mxxxvi.
848 3572 1151 3623 Tor-mentum
1167 3571 1282 3635 tibi]
1304 3570 1348 3621 1.
1366 3585 1413 3620 e.

353 3665 508 3719 qnam
531 3651 677 3713 qnasi
701 3649 803 3699 vim
828 3650 941 3715 ipse
966 3659 1057 3699 tuo
1077 3649 1250 3699 animo
1272 3646 1414 3698 fece-

350 3729 442 3775 ris.
514 3726 817 3776 Tormentum
858 3727 1185 3789 μεταφορικῶς
1225 3724 1416 3774 dicitnr

350 3817 497 3865 cura,
521 3803 815 3859 solicitudo,
834 3810 894 3853 et
918 3802 1065 3853 dolor
1088 3802 1263 3852 animi.
1310 3801 1416 3850 Pli-

353 3883 492 3937 nins,
531 3879 701 3943 Epist.
737 3892 843 3928 vn.
876 3885 926 3929 5.
971 3879 1181 3928 ‘Unum
1213 3885 1417 3943 tempus

353 3959 432 4007 his
458 3955 747 4011 tormentis,
771 3955 836 4020 (i.
869 3969 917 4006 e.
955 3955 1031 4005 bis
1061 3954 1198 4011 curis
1222 3960 1277 4004 et
1299 3954 1420 4004 soli-

352 4030 723 4094 citudinibus‚)
766 4038 926 4088 earet,
960 4045 1063 4096 quo
1106 4031 1159 4081 in
1203 4030 1322 4082 foro
1365 4037 1421 4081 et

357 4109 643 4157 amicorum
698 4105 875 4155 litibus
932 4105 1207 4156 conteror.'
1271 4106 1422 4156 Idem

356 4185 528 4248 Epist.
552 4196 679 4232 vm.
710 4185 794 4231 23.
831 4183 846 4210 ‘
872 4181 936 4231 In
964 4182 1123 4232 tantis
1148 4183 1422 4234 tormentis

358 4275 525 4322 eram,
568 4272 686 4309 cum
721 4258 999 4309 scriberem
1037 4259 1190 4309 haec?
1256 4260 1425 4326 Epist.

360 4340 450 4387 vr:
473 4351 510 4386 1.
535 4337 550 4366 ‘
573 4336 734 4398 Eripe
758 4351 840 4386 me
857 4337 978 4387 huic
1001 4336 1299 4388 tormento.'
1330 4337 1424 4388 Ju-

365 4406 368 4409 ’
493 4418 673 4482 Delph.
692 4423 741 4468 et
769 4418 883 4473 Var.
914 4419 1042 4470 Clas.

1318 4420 1508 4481 Paneg.
1540 4418 1649 4469 Vet.

2339 416 2513 495 1041

1454 576 1626 624 venal.
1648 575 1758 627 Sat.
1783 589 1847 626 ιι.
1874 581 1984 627 137.
2018 578 2034 608 ‘
2054 578 2263 628 Interea
2281 587 2517 631 >tormen·

1454 655 1566 700 tum
1592 651 1773 715 ingens
1807 653 2121 704 nubentibus
2149 656 2329 722 baeret,
2359 659 2517 710 Quod

1453 736 1718 788 nequeunt
1744 729 1960 791 parere!
1991 729 2231 780 Schwarz.

1523 802 1715 869 Amico]
1748 805 1914 875 Miror
1952 821 2068 856 cnm
2108 809 2300 871 Lipsio,
2327 811 2519 861 audac·

1459 885 1543 929 ter
1566 895 1596 928 a
1619 881 1888 940 cumaeo,
1914 884 2152 949 Rayano,
2185 895 2238 937 et
2270 889 2399 945 aliis,
2433 890 2517 939 bic

1457 957 1684 1022 intelligi
1717 960 1972 1010 Licinium
2011 963 2222 1025 Suram;
2258 979 2359 1027 quo
2382 966 2517 1015 enim

1458 1041 1691 1096 anctore,
1715 1043 1804 1086 aut
1826 1053 1927 1102 qua
1940 1039 2264 1104 conjectura,
2279 1043 2375 1092 boc
2397 1057 2520 1093 con-

1460 1111 1717 1161 tendunt?
1752 1114 1967 1163 Patami.

1526 1188 1776 1237 Dimisisti
1797 1191 2025 1252 optimum
2041 1191 2220 1256 virum]
2265 1193 2522 1245 Licinium

1460 1263 1663 1314 Suram.
1707 1265 1875 1316 Livim

1531 1340 1778 1403 Optimum
1821 1342 2000 1406 virum]
2048 1343 2297 1394 Licinium
2337 1346 2535 1403 Suram,

1459 1412 1622 1464 fuisse
1647 1416 1857 1467 volunt:
1895 1419 1988 1468 sed
2013 1434 2114 1484 qno
2138 1425 2386 1472 auctore?
2422 1425 2525 1473 Mi-

1459 1492 1513 1541 hi
1539 1501 1797 1558 promtum
1821 1495 1906 1544 vel
1929 1509 1994 1545 ex
2029 1510 2090 1546 eo
2122 1512 2361 1563 arguere,
2387 1501 2523 1563 quod

1460 1568 1548 1619 hic
1570 1569 1703 1618 Sura
1726 1568 1935 1620 biennio
1955 1578 2090 1635 post,
2105 1575 2387 1624 secuudum
2404 1591 2528 1625 con-

1463 1645 1545 1693 sul
1569 1643 1706 1706 fuit;
1739 1645 2030 1712 iterumque
2069 1650 2412 1712 quadriennio
2451 1653 2525 1702 in—

1466 1720 1714 1785 terjecto,
1740 1723 1975 1775 tertium.
2038 1727 2313 1779 Quomodo
2335 1735 2529 1792 autem,

1467 1795 1514 1846 si
1548 1811 1688 1847 nunc
1723 1798 1907 1862 abivit,
1939 1802 2047 1851 otio
2081 1807 2137 1852 et
2170 1804 2332 1869 quieti
2356 1806 2532 1855 reddi-

1469 1879 1592 1928 tus?
1655 1878 1794 1928 Sane
1822 1879 1949 1929 alius
1983 1878 2086 1931 suit
2116 1880 2201 1932 bic
2225 1881 2531 1945 praefectus,

1469 1955 1553 2005 cui
1588 1962 1646 2005 et
1678 1954 1909 2019 gladium
1946 1955 2182 2019 tradidit,
2214 1973 2331 2007 cum
2357 1959 2536 2008 verbis

1467 2032 1680 2082 aeternis
1717 2032 1836 2097 illis,
1861 2047 1978 2098 quae
2003 2040 2124 2084 ante
2149 2035 2315 2099 posui,
2338 2036 2436 2086 etsi
2462 2036 2535 2085 ibi

1477 2123 1685 2174 qnoque
1700 2109 1878 2159 Suram
1895 2110 2042 2160 uobis
2062 2119 2377 2175 supponunt.
2397 2112 2534 2165 Quis

1469 2185 1630 2248 igitur
1668 2186 1842 2235 alius?
1886 2201 1952 2235 ex
1989 2187 2203 2237 Victore
2239 2187 2535 2239 Suburanam

1467 2262 1697 2312 retineo:
1734 2264 1838 2312 etsi
1861 2262 2095 2326 ignotum
2112 2264 2232 2314 mihi
2253 2266 2539 2328 hominem,

1468 2352 1568 2389 nec
1592 2339 1642 2387 in
1667 2339 1912 2405 Surenam
1933 2340 2163 2391 demuto.
2193 2343 2330 2405 Lips.

1541 2414 1764 2480 Tibique]
1821 2417 2073 2468 Quaedam
2140 2419 2416 2482 editiones,
2479 2425 2538 2469 ut

1471 2491 1537 2540 R.
1579 2501 1636 2542 et
1684 2491 1752 2540 H.
1792 2493 2192 2557 Stephanornm,
2237 2495 2539 2560 Boxum-nii,

1474 2566 1708 2629 Cellarii,
1751 2567 1929 2632 Cerae,
1976 2569 2215 2626 Gesneri,
2255 2573 2543 2622 omiserunt

1472 2643 1712 2707 copulam
1733 2657 1823 2706 que
1836 2659 1858 2702 ‚⁰
1880 2658 2035 2708 quam
2051 2658 2172 2694 vero
2187 2646 2396 2696 codices
2413 2648 2543 2698 Mss.

1476 2719 1641 2769 etalii
1665 2718 1783 2768 libri
1819 2719 2157 2784 antiquiores,
2194 2720 2422 2786 itemque
2458 2738 2541 2773 re·

1478 2800 1740 2849 centiores
1786 2799 2017 2848 Pataroli
2046 2805 2102 2849 et
2130 2798 2422 2864 Arntzenii‚
2452 2815 2544 2851 ex·

1478 2875 1678 2926 hibent.
1727 2875 1790 2925 In
1814 2875 2152 2938 sequentibus
2181 2876 2375 2939 verbis,
2396 2892 2545 2941 quan·

1478 2957 1582 3001 tum
1603 2966 1786 3001 amares
1805 2966 1932 3012 eum,
1954 2951 2083 3000 liber
2106 2951 2403 3015 Vossianus,
2427 2954 2545 3004 loco

1484 3028 1795 3095 pronominis
1821 3042 1949 3089 eum,
1981 3027 2211 3077 ostendit
2233 3029 2376 3077 euim.
2439 3029 2549 3078 Sed

1483 3114 1541 3157 et
1594 3106 1645 3156 in
1706 3104 2141 3168 subseqnentibus
2193 3110 2549 3169 separatusque,

1482 3183 1721 3249 quaedam
1768 3182 2029 3232 editiones
2072 3183 2205 3232 male
2260 3181 2551 3233 omiserunt

1485 3264 1727 3327 copulam
1750 3277 1856 3326 que.
1891 3261 2156 3311 Schwar-z.

1551 3344 1613 3394 Ia
1631 3343 1815 3408 potius]
1853 3341 2033 3392 Codex
2061 3339 2374 3402 Patavinns,
2396 3347 2451 3390 et
2488 3340 2549 3388 li·

1485 3419 1580 3469 ber
1601 3420 1909 3481 Vossianus,
1937 3431 2210 3483 perperam
2252 3416 2448 3467 babent
2479 3416 2554 3466 ita

1481 3495 1662 3558 potius.
1699 3495 1868 3545 Idem.

1553 3571 1849 3630 Proefeetum
1887 3569 2133 3633 pretorii]
2180 3567 2326 3618 Alias
2360 3566 2554 3618 dicitur

1488 3654 1504 3676 ‘
1522 3646 1807 3712 prefectus
1832 3645 2118 3708 praetorio,'
2144 3645 2318 3708 item,‘
2335 3643 2560 3709 praefec·

1490 3733 1574 3775 tus
1601 3723 1861 3788 praetoriis
1885 3722 2187 3773 cohortibus
2202 3721 2239 3782 ς’
2263 3723 2350 3787 qui
2368 3736 2557 3787 nempe

1490 3801 1554 3850 iis
1579 3799 1827 3849 militibus
1865 3807 2114 3864 praeerat,
2132 3813 2258 3864 quos
2276 3801 2557 3863 imperato-

1491 3876 1647 3926 resin
1672 3874 1748 3924 sui
1773 3875 2059 3924 custodiam
2078 3875 2385 3938 allegerant.
2449 3873 2561 3925 Au-

1492 3959 1676 4018 gustus
1699 3950 1931 4016 quidem,
1970 3957 2104 4001 teste
2137 3952 2332 4016 Dione,
2365 3952 2455 4002 lib.
2474 3966 2563 4002 Lv-

1492 4045 1552 4094 p.
1569 4033 1685 4078 655.
1722 4027 1916 4092 primns
1938 4027 2084 4078 binos
2107 4028 2398 4093 hujusmodi
2422 4044 2561 4093 prae·

1493 4105 1664 4158 sectos
1689 4105 2010 4167 instituerat,
2030 4121 2225 4171 eosqne
2240 4121 2311 4155 ex
2341 4106 2562 4157 bomini·

1496 4183 1594 4233 bus
1630 4181 1827 4231 ordinis
1859 4182 2118 4246 equestris
2153 4183 2404 4246 elegerat.
2471 4184 2565 4247 At,

1496 4259 1749 4310 Suetonio
1787 4256 2050 4309 referente
2099 4259 2152 4309 in
2188 4260 2324 4315 Tito,
2360 4275 2479 4324 cap.
2514 4265 2567 4312 6.

1498 4336 1654 4385 'l'itus
1711 4335 2068 4399 Vespasianus
2136 4338 2151 4364 ‘
2191 4334 2566 4401 praefecturam

2324 4417 2438 4465 311
