3017 4942
489 396 623 465 662

492 558 659 610 tranei
683 558 904 610 heredes
926 557 1212 610 videntur.'
1275 559 1363 620 Sic
1389 558 1485 610 filii
1506 573 1563 609 e-

491 637 798 700 mancipati,
832 637 909 687 sic
940 636 1033 687 filii
1077 637 1266 688 civium
1310 652 1563 688 uovorum

491 711 863 777 Romanorum,
884 714 927 763 si
960 727 1063 764 nou
1096 715 1248 764 simul
1270 729 1387 764 cum
1411 723 1561 778 patre

484 791 576 854 jus
599 790 829 841 civitatis
853 798 908 840 et
927 791 1260 855 cognationis
1283 791 1562 854 impetras·

492 876 628 928 seut,
651 867 980 918 habebantur
1000 870 1018 899 ‘
1042 867 1318 918 extranei!
1355 869 1445 919 Sic
1469 883 1564 932 pa·

491 950 665 994 rentes
703 945 861 995 etiam
907 944 1306 995 estimabantur
1343 946 1359 975 ⁸
1384 954 1563 995 extra-

490 1018 616 1082 nei,'
640 1035 858 1085 quorum
875 1020 968 1070 tilii
990 1021 1199 1086 quidem
1214 1021 1303 1085 jus
1326 1021 1562 1072 civitatis

491 1095 737 1147 Romanae
757 1098 1023 1147 consecuti
1047 1104 1243 1159 esseut,
1261 1095 1365 1161 ipsi
1385 1106 1561 1148 autem

488 1179 738 1238 parentes
759 1188 819 1223 eo
843 1181 1102 1224 carerent.
1135 1175 1378 1225 Schwartz.

555 1252 692 1302 CAP-
745 1263 1000 1302 xxxvur.
1064 1252 1309 1315 Optimam
1362 1253 1559 1316 adopta·

489 1326 651 1390 turus]
704 1324 907 1377 Rursus
961 1328 1259 1391 exemplum
1306 1326 1562 1389 videmus,

491 1418 647 1468 quarn
681 1405 812 1454 miro
850 1405 1088 1459 codicum
1131 1405 1263 1455 Mss.
1304 1417 1558 1455 consensu

489 1482 792 1544 corruptela
815 1480 1036 1545 alicujus
1061 1480 1161 1530 loci
1184 1479 1344 1531 fuerit
1371 1495 1558 1544 propa-

487 1565 642 1623 gata:
681 1558 735 1607 in
778 1557 1047 1609 Vaticanis
1091 1557 1227 1607 euim
1270 1556 1558 1617 codicibus,

488 1634 796 1700 Parisieusi,
817 1637 1043 1698 Veneto,
1067 1631 1380 1700 Guclpbico‚
1397 1637 1559 1687 Salis-

486 1709 757 1774 burgeusi,
779 1718 836 1762 et
858 1726 992 1773 meo,
1019 1711 1173 1761 immo
1195 1711 1351 1762 etiam
1388 1713 1558 1765 adliuc

486 1786 539 1835 in
576 1787 856 1836 Puteolani
884 1796 940 1838 et
976 1787 1222 1837 Bet-oaldi
1245 1790 1559 1854 exemplari·

488 1861 584 1911 bus
618 1864 899 1926 impressis,
930 1863 1263 1914 desideratur
1304 1880 1405 1916 vox
1437 1868 1558 1931 opti·

485 1952 633 1995 mum,
676 1954 828 2004 quam
850 1939 1063 2004 primus
1094 1941 1364 2005 evulgavit
1398 1942 1561 1994 Cata-

484 2029 652 2066 naeus.
718 2018 823 2066 Per
855 2018 992 2067 hunc
1023 2018 1253 2079 optimum
1273 2024 1445 2072 autem
1468 2021 1561 2071 de·

396 2139 400 2143 .
484 2092 721 2157 signatur
738 2093 1006 2157 Trajauns.
1039 2094 1190 2147 Idem.

552 2168 809 2218 Delibasse
825 2169 1064 2233 quoedom]
1098 2169 1322 2220 Plurimi
1340 2170 1559 2222 codices

487 2243 620 2294 Mss.
664 2244 859 2295 babent
889 2245 1189 2296 deliber-am.
1256 2246 1437 2311 Atque
1480 2248 1558 2298 ita

487 2320 602 2369 baec
640 2320 745 2369 duo
792 2321 952 2371 verba
992 2336 1025 2371 a
1072 2322 1286 2373 rudibus
1327 2324 1557 2375 librariis

486 2396 674 2447 crebro
707 2396 922 2448 confusa
957 2413 1090 2456 esse,
1124 2401 1300 2451 multis
1335 2402 1556 2453 aliorum

485 2474 800 2538 scriptorum
853 2477 1108 2541 exemplis
1159 2477 1332 2529 allatis
1395 2481 1556 2531 docet

488 2551 819 2603 Arntzenius.
883 2553 1160 2605 Delibosset
1204 2556 1557 2618 procuderuut

485 2628 829 2687 Puteolanas,
865 2631 1168 2693 Catanaeus‚
1202 2631 1393 2694 Aldus,
1429 2634 1555 2684 Pbi·

485 2705 731 2756 lomusus.
800 2707 954 2761 Quod
1011 2718 1279 2774 utcunque
1336 2710 1556 2760 tolerari

486 2783 682 2845 possit;
718 2784 913 2834 rectius
953 2790 1128 2835 tamen
1160 2786 1411 2849 recipitur
1438 2786 1584 2837 iuli--

485 2859 680 2910 nitivus
694 2860 944 2923 delibasse,
961 2861 1229 2925 quemjam
1241 2864 1555 2928 evulgarunt

486 2936 793 3002 Beroaldus,
847 2939 1228 3003 ,Cuspiuianus,
1281 2941 1553 3007 ceterique

487 3011 737 3077 editores,
769 3020 830 3063 ut
848 3013 1106 3064 referatur
1136 3015 1202 3065 ad
1238 3030 1419 3068 vocem
1443 3032 1553 3068 cou-

485 3092 664 3144 tentus,
690 3096 746 3139 et
769 3090 1117 3154 conjungatur
1148 3106 1265 3141 cum
1295 3092 1554 3145 infinitivo

484 3165 848 3216 demonstrasse.
911 3166 1092 3218 Verba
1114 3174 1288 3220 autem
1317 3171 1333 3198 ‘
1356 3170 1521 3221 libare
1539 3168 1556 3195 '

487 3250 546 3292 et
566 3244 586 3271 ‘
610 3243 843 3293 delibare
867 3243 886 3267 ’
909 3247 1118 3310 proprie
1141 3254 1346 3312 notant,
1368 3248 1556 3300 leviter

487 3317 786 3384 degustare,
805 3328 861 3371 et
882 3322 1036 3387 quasi
1063 3323 1148 3373 vix
1183 3325 1362 3388 primis
1398 3324 1555 3377 labris

488 3396 766 3459 attingere.
833 3399 1118 3449 Petronius
1161 3414 1213 3449 c.
1254 3404 1335 3450 36.
1379 3401 1395 3430 ‘
1419 3402 1554 3452 Tum

485 3472 573 3521 illa
606 3473 776 3522 caruis
815 3473 970 3524 etiam
1005 3475 1284 3538 paullulum
1313 3475 1554 3527 delibat:

485 3547 693 3598 Deinde
733 3550 1003 3615 eleganter
1046 3551 1441 3603 transferuutur
1484 3553 1551 3603 ad

483 3626 766 3676 notandum
837 3627 1127 3692 parciorem
1196 3631 1553 3694 cujuscunque

486 3701 564 3749 rei
597 3716 744 3752 usum
769 3709 825 3753 et
847 3707 1285 3768 experimentum.
1349 3708 1462 3759 Cic.
1483 3710 1553 3759 de

488 3778 641 3827 Orat.
664 3792 704 3830 1.
728 3783 811 3832 34.
838 3782 855 3811 ‘
879 3782 1146 3832 Libandus
1169 3784 1330 3833 etiam
1355 3798 1422 3833 ex
1445 3800 1553 3835 om·

485 3853 539 3902 ni
564 3869 757 3916 genere
780 3857 1094 3908 urbanitatis
1129 3861 1337 3925 qnidam
1371 3862 1559 3924 lepos!

488 3928 688 3979 Plinius
710 3932 868 3990 infra,
897 3947 1010 3984 mv.
1030 3939 1081 3986 8.
1107 3936 1262 3996 dixit,
1288 3943 1302 3966 ⁴
1327 3936 1552 3987 bonores

488 4002 719 4055 delibare
742 4010 1082 4071 parcissime.'
1140 4012 1313 4077 Atque
1334 4012 1412 4063 ita
1435 4029 1554 4078 pas-

489 4081 585 4129 sim
612 4096 708 4143 pro
734 4084 921 4135 leviter
941 4089 1221 4153 attingere,
1242 4089 1558 4157 decerpere,

489 4163 547 4205 et
592 4159 736 4221 quasi
778 4160 990 4211 libando
1041 4165 1294 4223 minuere,
1339 4167 1552 4219 dicitur.

430 4263 441 4272 -
492 4232 604 4283 Cic.
625 4249 718 4298 pro
749 4237 897 4287 Sext.
918 4254 965 4289 c·
985 4244 1070 4292 56.
1103 4242 1120 4271 ‘
1144 4242 1220 4292 Ut
1244 4257 1422 4293 omues
1457 4261 1552 4296 uu-

408 4341 465 4376 3
404 4287 647 4376 (ulique
686 4310 926 4366 flosculos
970 4329 1179 4384 carpam
1222 4325 1381 4386 atque
1422 4320 1556 4378 deli·

1185 415 1408 465 1401·AE
1456 413 1556 463 vA
1569 412 1869 465 mortun
1918 414 2001 464 m

1635 558 1773 609 bem.
1777 557 1793 581 ’
1857 557 2069 609 Servius
2091 556 2159 609 ad
2185 556 2369 622 Virgil-
2389 553 2509 608 AEn.
2523 568 2566 607 r.
2586 557 2707 606 256.

1634 636 1652 665 ⁶
1677 635 1876 686 Oscula
1920 635 2108 686 libavit
2160 633 2335 697 nata·,'
2377 634 2585 697 leviter,
2629 634 2707 683 in·

1634 713 1768 778 quit,
1793 712 1989 775 tetigit.
2021 712 2176 763 Idem.

1699 787 1992 838 Liberalitas
2010 793 2096 837 tua
2112 786 2384 851 adstnxit]
2419 785 2713 846 Adstrinxit,

1635 866 1675 920 i.
1697 881 1746 916 e.
1770 866 1986 931 adjecit,
2010 864 2233 916 addidit.
2297 864 2431 914 Vide
2456 877 2617 927 supra
2639 862 2709 913 ad

1634 957 1815 995 xxxv.
1852 948 1904 995 4.
1968 945 2149 995 Utitur
2191 956 2310 993 vero
2351 941 2573 1002 Plinius,
2609 953 2710 1004 per

1635 1022 1895 1087 quandam
1924 1022 2219 1085 enallageu,
2238 1019 2508 1069 abstracto
2531 1017 2711 1067 libera·

1634 1099 1781 1149 litas:
1823 1099 1909 1148 ubi
1944 1098 2123 1149 dicere
2160 1096 2440 1160 potuisset,
2474 1091 2708 1148 ‘Statim

1635 1190 1762 1240 ergo
1784 1176 1985 1225 muneri
2010 1174 2125 1239 ejus
2149 1171 2443 1222 liberaliter
2457 1168 2710 1219 adstrux-

1633 1250 1757 1302 isti.’
1781 1252 1866 1301 Ita
1883 1258 1937 1301 et
1951 1250 2077 1300 alibi
2091 1264 2159 1299 sae
2168 1248 2284 1313 pius
2298 1246 2565 1312 loquitur;
2589 1259 2642 1296 v.
2659 1259 2713 1309 g.

1635 1343 1777 1390 mox,
1809 1330 1861 1379 iu
1896 1330 1995 1379 boc
2038 1327 2233 1391 capite,
2266 1333 2283 1358 ⁴
2308 1325 2482 1375 Neruo
2518 1336 2711 1373 recen·

1636 1411 1738 1456 tem
1760 1412 1815 1456 et
1850 1405 2126 1456 attonitam
2162 1403 2441 1453 orbitatem
2472 1398 2538 1448 ad
2563 1414 2711 1449 com·

1633 1482 1955 1546 putationem
1980 1479 2169 1533 vocet?
2212 1478 2381 1543 Epist.
2403 1490 2460 1527 x.
2485 1480 2534 1525 1.
2556 1482 2571 1505 ‘
2589 1476 2710 1526 Tua

1636 1559 1843 1624 quidem
1878 1559 2046 1623 pietas
2070 1590 2086 1607 .
2108 1589 2123 1603 .
2146 1589 2160 1605 .
2181 1552 2501 1620 optaret-aff
2566 1551 2711 1604 Item

1635 1635 1807 1699 Epist.
1854 1649 1911 1685 x.
1953 1639 2005 1686 8.
2047 1640 2061 1663 ⁴
2098 1632 2440 1695 Indulgentia
2485 1636 2580 1679 tua
2624 1642 2712 1680 me

1633 1711 1913 1761 bortatur.’
1995 1710 2204 1759 Praeter
2252 1707 2399 1769 alios,
2448 1704 2712 1764 Phaedrus

1634 1803 1751 1840 cum
1797 1788 1975 1853 primis
2033 1785 2313 1838 abstractis
2353 1783 2547 1833 crebro
2583 1796 2711 1832 usus

1635 1874 1736 1927 est,
1772 1873 1830 1916 ut
1860 1867 2125 1916 sententia
2163 1862 2399 1927 apertior
2435 1858 2715 1925 grandior·

1635 1956 1737 2008 que
1779 1948 1952 2005 esset3
2004 1941 2241 2004 adeoque
2263 1973 2268 1978 -
2292 1938 2493 1999 vitium,
2540 1935 2714 1986 virtu·

1636 2027 1809 2069 temve
1822 2020 2065 2084 aliquam,
2079 2024 2172 2068 aut
2188 2013 2512 2068 affectionem
2529 2013 2715 2077 cujus·

1636 2096 1794 2161 piam.
1818 2111 1914 2160 pro
1936 2096 2048 2160 ipso
2065 2094 2290 2158 bomine,
2313 2101 2405 2143 aut
2425 2092 2715 2146 animante.

1631 2174 1812 2238 ponit3
1847 2188 1961 2237 mg.
1988 2172 2115 2222 Fab.
2142 2175 2245 2221 1.4.
2280 2177 2295 2199 ‘
2320 2170 2441 2220 Nec
2462 2169 2601 2218 hanc
2627 2181 2714 2217 re⁴

1633 2251 1835 2315 pulsam
1864 2257 1958 2301 tua
1977 2250 2198 2302 sentiret
2221 2243 2530 2300 calamitas!
2587 2258 2633 2296 ι.
2657 2250 2712 2296 5.

1628 2326 1644 2355 ⁸
1668 2328 1862 2376 Verum
1887 2324 2112 2390 decepta
2136 2323 2400 2378 aviditas-⁸
2427 2338 2471 2372 1.
2494 2325 2549 2371 6.
2571 2327 2587 2351 ⁸
2609 2321 2710 2390 Sic

1630 2409 1793 2452 totam
1818 2402 2049 2466 praedam
2065 2401 2176 2451 sola
2193 2398 2504 2466 improbitas
2529 2398 2710 2448 abstu-

1630 2478 1725 2530 lit.’
1780 2493 1843 2529 n.
1865 2484 1917 2529 ὅ.
1953 2486 1967 2509 ⁴
1990 2478 2144 2529 Tunc
2166 2478 2242 2528 sic
2254 2477 2440 2541 jocata
2459 2483 2546 2526 est
2571 2474 2709 2526 tanti

1629 2557 1872 2622 majestas
1905 2553 2084 2605 ducis.’
2153 2552 2237 2605 cf.
2262 2554 2449 2602 Barth.
2469 2551 2708 2604 Advers-

1629 2646 1726 2684 ιιι.
1748 2638 1799 2683 8.
1866 2633 2133 2693 Ceterum,
2153 2631 2207 2680 iu
2235 2630 2335 2679 bac
2359 2629 2627 2694 particula
2649 2628 2710 2677 li.

1631 2709 1924 2761 beralitatis
1966 2706 2179 2771 Trajani
2224 2705 2567 2769 praedicanda
2600 2703 2710 2758 Pii.-

1628 2787 1745 2838 nius
1811 2784 1925 2836 fere
1984 2784 2175 2836 nimius
2242 2781 2405 2832 fuisse
2474 2782 2710 2833 videtur.

1628 2862 1953 2916 Quantillum
1991 2861 2128 2911 enim
2168 2857 2407 2910 beneficii
2443 2858 2709 2923 'trajanus

1629 2940 1856 2992 contulit
1878 2939 1931 2988 iu
1967 2938 2216 3002 populum
2240 2937 2558 2998 Romanum,
2589 2949 2709 2990 cum

1629 3017 1926 3078 constituit,
1948 3022 2009 3065 ut
2033 3015 2085 3064 iu
2107 3013 2407 3064 hereditate
2430 3012 2525 3063 filii
2553 3020 2708 3078 pater

1630 3095 1872 3145 immunis
1903 3099 2045 3144 esset
2076 3107 2108 3143 a
2141 3091 2387 3143 vicesima
2418 3090 2708 3152 solvenda3

1630 3186 1748 3222 cum
1773 3177 1899 3222 aute
1920 3183 2039 3220 eura
2064 3169 2175 3232 jam
2212 3168 2400 3218 Nerva
2419 3166 2711 3227 sanxisset,

1630 3256 1692 3298 ut
1731 3246 1868 3298 filius
1914 3247 1966 3296 in
2018 3244 2319 3296 hereditate
2365 3250 2710 3307 paternorum

1630 3323 1883 3374 bonorum
1907 3321 2177 3372 frueretur
2204 3319 2574 3370 immunitate?
2640 3319 2711 3369 E·

1631 3398 1841 3464 quidem
1881 3395 2061 3448 videas
2103 3396 2384 3461 quotannis
2426 3400 2511 3445 tot
2549 3394 2713 3448 facile

1629 3474 1873 3539 filiorum,
1888 3484 2015 3541 quot
2038 3482 2264 3538 patrum,
2279 3471 2472 3523 funera
2494 3470 2676 3523 efferri
2694 3487 2708 3519 =

1630 3558 1685 3604 at
1706 3553 1873 3602 rarius
1892 3554 1946 3602 iu
1962 3551 2442 3611 adolescentia,aut
2455 3550 2715 3613 juventu·

1633 3634 1707 3691 te,
1747 3628 2041 3679 moriuntur
2068 3626 2184 3690 filii,
2211 3628 2303 3692 qui
2331 3628 2446 3691 jam
2491 3626 2713 3692 propria

1631 3704 1908 3755 habuerint
1932 3704 2086 3767 bona,
2108 3717 2225 3769 quae
2251 3703 2621 3755 transmittant
2645 3698 2714 3751 ad

1633 3785 1868 3846 patrem3
1905 3782 2069 3831 rarius
2103 3781 2262 3830 etiam
2301 3777 2521 3828 iu'virili
2545 3783 2713 3832 atate

1631 3873 1661 3908 e
1683 3859 1795 3908 vita
1816 3857 2081 3909 decedunt
2101 3855 2218 3919 tilii,
2233 3855 2322 3920 qui
2345 3869 2451 3905 uon
2466 3855 2585 3919 jam
2606 3870 2715 3906 ma·

1631 3937 1739 3994 riti,
1763 3937 1866 3999 ipsi
1888 3949 2008 3986 suos
2025 3935 2323 3998 relinquant
2355 3933 2573 3984 liberos.
2641 3934 2714 3993 Et

1629 4014 1746 4064 baec
1765 4013 1903 4063 forte
1938 4025 2128 4063 caussa
2157 4009 2281 4073 fuit,
2306 4017 2531 4074 propter
2554 4025 2714 4080 quam

1632 4090 1813 4141 Nerva
1855 4104 1957 4139 nou
2002 4089 2226 4139 eandem
2272 4090 2714 4141 constitutionem

1629 4182 1738 4218 sue
1762 4166 2026 4230 adjecerit
2054 4165 2383 4218 liberalitati.
2451 4167 2633 4220 Recte
2656 4183 2714 4218 e·

1628 4246 1735 4296 uim
1770 4244 2014 4309 Lipsius:
2049 4251 2066 4275 ‘
2092 4244 2312 4302 Nerva?
2346 4245 2543 4313 inquit,
2575 4248 2592 4277 ‘
2620 4261 2714 4306 na,

1628 4331 1763 4376 turta
1801 4321 2037 4374 ordinem
2066 4320 2220 4390 vidit,
2249 4331 2581 4391 secutusque
2615 4329 2718 4389 cst,
