3017 4942
763 377 826 426 c.
876 376 1119 427 Ρωκιι
1170 372 1505 427 saeuum
1560 379 1835 430 nunc.
1912 379 1961 428 1.
1990 367 2102 430 55.

327 518 488 570 Dion.
511 518 603 569 lib.
626 533 726 571 ιιι.
747 520 915 571 Beris.

391 596 502 646 Scis
522 598 666 658 enim,
688 597 768 648 ubi
788 613 900 648 vera
930 599 1185 665 principis]
1220 600 1284 650 In
1308 614 1395 650 co·

324 673 447 723 dice
489 675 748 724 Vaticano
799 679 948 726 3461.
995 683 1051 726 et
1097 692 1232 739 meo,
1277 678 1395 740 lego

325 749 438 801 Scis
478 750 626 812 euim,
654 752 794 814 qaod,
835 752 917 802 abi
954 768 1087 810 veru,
1126 757 1211 818 &a
1247 755 1393 820 quasi

321 827 585 890 particula
607 829 730 890 quod
750 826 1010 879 referatur
1033 828 1098 880 ad
1122 832 1395 896 sequentia

325 904 509 965 verba,
530 904 584 954 ki
604 910 715 952 sunt
732 905 948 962 honores,
969 908 1053 968 ξε.
1121 907 1238 956 Vox
1254 907 1394 970 prin·

319 982 447 1044 cipis
477 981 667 1030 omissa
701 989 781 1032 est
820 984 872 1031 in
909 983 1090 1032 codice
1121 983 1393 1043 Vaticano,

321 1066 381 1108 et
406 1057 612 1108 Veneto
635 1061 686 1107 2.
718 1057 833 1127 sed,
862 1057 1214 1122 meojudicio,
1238 1061 1391 1111 male.

321 1133 538 1184 Omissa
570 1133 753 1183 eadem
788 1141 905 1184 erat
940 1135 993 1186 in
1033 1135 1216 1187 codice
1239 1137 1394 1187 Salis·

321 1209 613 1272 burgensi3
657 1211 742 1259 eui
786 1224 910 1261 vero
956 1211 1273 1276 postliminio
1312 1218 1396 1264 est

320 1285 612 1349 adscripta.
643 1286 882 1337 Schmun.

400 1361 506 1410 Ubi
519 1362 621 1411 sint
635 1362 856 1427 bonores]
877 1363 1062 1414 Codex
1079 1363 1395 1416 parisiensis

322 1444 383 1489 et
443 1452 586 1488 meus
642 1439 835 1490 babent
887 1440 963 1490 Hi
1011 1448 1127 1492 saut
1176 1442 1394 1493 honores.

322 1515 510 1565 Codex
551 1516 859 1578 Vaticanus,
881 1518 1118 1567 Venetus
1139 1522 1190 1569 2.
1220 1527 1278 1569 et
1298 1520 1391 1569 Sa-

323 1590 681 1655 lisburgensis,
701 1592 747 1641 li
767 1598 877 1642 sunt
904 1593 1119 1644 honores.
1152 1594 1392 1646 Venetus

321 1667 402 1719 Hi
457 1670 557 1719 sint
595 1669 814 1720 honores.
884 1670 1165 1722 sichardus
1226 1672 1391 1722 edidit

316 1743 391 1794 iba·
429 1747 532 1795 sint
560 1747 774 1797 honores.
846 1748 1013 1799 Quam
1055 1750 1391 1803 variationem

319 1822 482 1872 etiam
500 1824 881 1887 H.Stepbauus
906 1825 958 1874 in
982 1828 1213 1890 margine
1234 1843 1388 1879 auno·

320 1896 478 1947 tavit.
561 1900 758 1949 Verum
805 1902 949 1950 nulla
985 1910 1068 1952 est
1105 1905 1391 1955 necessitas

317 1990 420 2026 cur
453 1978 733 2029 lectionem
772 1979 1036 2043 vulgatam
1074 1981 1392 2035 deseramus.

318 2052 480 2104 Idem.

387 2128 535 2178 Nihil
552 2129 792 2195 flamntis]
825 2131 984 2183 Ovid.
1010 2133 1059 2182 iu
1085 2133 1188 2184 flue
1224 2141 1391 2187 trans-

317 2204 731 2257 formationum=
765 2215 781 2238 ⁸
804 2207 1029 2274 Jamque
1063 2226 1193 2274 opus
1219 2215 1390 2278 exegi,

316 2284 458 2349 qnod
500 2299 596 2335 nec
629 2284 776 2335 Jovis
813 2287 910 2350 irs,
943 2302 1040 2339 nec
1075 2290 1242 2353 ignes,
1276 2293 1391 2343 Nec

317 2361 519 2425 poterit
547 2360 759 2423 ferrum,
780 2379 877 2415 nec
910 2365 1045 2415 edax
1082 2367 1279 2419 violare
1304 2382 1389 2419 ve·

316 2437 530 2489 tustas.'
565 2439 722 2490 Bera.

384 2517 772 2582 Successor-ibus]
807 2519 943 2570 Nam
984 2526 1040 2571 et
1072 2521 1161 2572 alii
1198 2522 1389 2588 priuci-

318 2606 414 2656 pes
451 2594 672 2643 aliorum
702 2594 930 2646 honores
952 2604 1044 2648 ant
1070 2599 1262 2651 tollunt
1298 2606 1389 2650 aut

314 2669 580 2721 minuunt.
615 2670 754 2734 Lips.

382 2748 770 2812 Successoribus]
813 2749 962 2802 Idem
1007 2753 1248 2804 Tiberius
1293 2754 1390 2806 ibi-

318 2822 466 2885 dem,
501 2830 518 2854 ⁸
547 2825 680 2874 Nam
721 2841 834 2888 quae
869 2842 996 2878 saxo
1030 2836 1321 2889 struuntur,
1344 2834 1388 2883 si

309 2898 571 2962 judicium
597 2907 919 2962 posterorum
943 2905 995 2953 in
1018 2906 1191 2956 odium
1217 2911 1392 2974 vertit,

317 2989 418 3038 pro
441 2976 731 3039 sepulchris
753 2982 1109 3040 spernuntur.'
1137 2984 1290 3034 Rern.

382 3052 615 3118 Statuas]
684 3055 957 3118 Agesilaus
1014 3059 1152 3121 apud
1211 3060 1390 3111 Xeno-

317 3128 590 3192 phontem,
622 3135 638 3156 ‘
664 3131 827 3180 vetuit
862 3141 1064 3182 statuas
1099 3135 1196 3184 sibi
1233 3138 1389 3202 poni;

316 3221 439 3258 cum
463 3208 561 3257 hoc
585 3208 795 3272 qnidam
816 3209 1021 3261 honoris
1045 3227 1224 3262 caussa
1249 3213 1389 3266 face·

305 3296 437 3336 rent
464 3302 480 3348 ;
517 3287 607 3336 sed
633 3288 789 3337 animi
823 3289 974 3339 dotes
1002 3305 1263 3356 nunquam
1290 3295 1389 3344 ela·

318 3364 508 3414 borare
526 3364 762 3415 destitit:
791 3367 1007 3429 putabat
1031 3369 1166 3419 enim
1192 3377 1387 3422 statua·

303 3442 519 3492 riorum
560 3442 708 3506 illud,
739 3443 836 3493 hoc
878 3459 1026 3495 snum
1062 3461 1192 3512 opus
1232 3448 1387 3499 esse.'

384 3594 686 3659 Demolitur]
730 3597 1044 3663 Improprie‚
1081 3614 1179 3651 nec
1219 3607 1388 3660 reete,

304 3670 516 3722 oblivio
558 3672 765 3722 dicatur
805 3676 821 3702 ‘
849 3673 1126 3726 demoliri.'
1190 3678 1387 3727 Tabes·

318 3764 441 3799 cere
480 3748 793 3813 patitur‚·et
829 3753 1126 3814 ignorantia
1160 3754 1387 3817 sepeliri.

273 3852 278 3859 ·
318 3828 510 3891 Itaque
534 3828 721 3890 legam.
741 3835 794 3878 et
819 3829 1103 3878 membrum
1130 3833 1389 3894 expleam,

318 3905 571 3954 demolitur
592 3909 726 3961 oetas,
751 3905 969 3954 obscurat
988 3905 1174 3955 oblivio.
1208 3908 1354 3971 Lips.

383 3981 663 4030 Demolitur
682 3987 731 4031 et
752 3981 969 4032 obscurat
992 3983 1189 4049 oblivio]
1217 3986 1386 4036 Recte

318 4057 530 4122 quidem
552 4058 725 4106 oblivio
749 4058 942 4109 dicitur
970 4059 1167 4124 aliquid
1202 4060 1387 4111 obsen-

2404 364 2537 432 793

1465 523 1663 574 Verum
1707 523 2014 575 insolentius
2057 525 2251 575 dicitur
2291 533 2309 557 ¹
2341 526 2534 577 oblivio

1468 598 1736 651 demoliri’
1767 615 1937 657 arcus,
1967 606 2107 660 srasJ
2122 603 2333 664 templa.
2399 604 2539 654 Inde

1466 675 1604 726 baud
1634 683 1827 739 praeter
1847 691 2080 728 caussam
2108 680 2316 742 Lipsius
2340 697 2355 727 ε
2386 681 2402 709 ‘
2429 681 2537 729 Im·

1469 751 1720 816 proprie‚’
1759 753 1941 817 inquit,
1976 754 1992 782 ‘
2022 769 2119 804 uec
2163 763 2307 805 recte
2342 757 2539 806 oblivio

1467 827 1663 881 dicitur
1685 828 1938 880 demoliri.
2003 832 2296 882 Tabescere
2321 833 2536 895 patitur,

1468 910 1526 954 et
1580 904 1871 968 ignorantia
1918 907 2149 970 sepeliri.
2229 907 2416 972 Itaque
2462 910 2536 958 le-

1469 994 1606 1043 gam,
1623 986 1679 1029 et
1702 983 1987 1032 membrum
2009 984 2536 1047 expleam‚demolitur

1466 1061 1605 1117 σιω,
1642 1057 1861 1108 obscurat
1899 1058 2108 1109 oblivio)
2167 1063 2236 1110 Et
2276 1070 2422 1111 certe
2459 1060 2537 1112 fa·

1468 1134 1572 1183 eile
1593 1131 1706 1187 fieri
1740 1135 1930 1197 potuit,
1965 1142 2023 1185 ut
2054 1136 2170 1200 ipsa
2205 1138 2460 1201 particula
2482 1143 2533 1187 et

1468 1210 1655 1261 relicta
1677 1211 1747 1261 sit
1771 1226 1836 1261 ex
1865 1212 2072 1262 nomine
2100 1220 2252 1271 ctas,-
2287 1229 2402 1264 cum
2428 1229 2535 1264 me·

1469 1285 1556 1335 dio
1574 1302 1687 1337 aevo
1703 1302 1805 1338 nou
1831 1302 1925 1352 per
1939 1304 2002 1345 «ι.
2023 1289 2114 1338 sed
2137 1305 2231 1354 per
2250 1307 2277 1340 e
2299 1292 2536 1353 simplex,

1465 1363 1624 1412 scribi
1658 1363 1851 1413 soleret
1878 1369 1999 1415 etas.
2069 1366 2293 1423 Deinde,
2323 1372 2536 1417 vetustus

1466 1445 1524 1487 et
1551 1444 1672 1488 oetas
1695 1439 1853 1489 etiam
1882 1441 2007 1490 alibi
2037 1440 2288 1491 dicuntur
2315 1445 2330 1471 ‘
2357 1443 2536 1493 demo·

1466 1513 1587 1575 liri,’
1621 1522 1678 1564 et
1711 1515 1727 1544 ⁴
1754 1515 1931 1565 delere
1950 1515 1982 1577 ς’
2015 1530 2062 1567 v.
2087 1531 2138 1580 g.
2170 1518 2308 1580 apud
2346 1518 2533 1570 Seuec.
2594 1530 2599 1537 ·

1467 1590 1536 1639 do
1568 1591 1728 1641 Brev.
1763 1592 1926 1655 vitae,
1964 1609 2083 1658 cap.
2122 1598 2202 1643 16.
2232 1595 2247 1621 ‘
2277 1594 2538 1658 Honores,

1466 1667 1802 1725 monimenta,
1859 1668 2109 1734 quidquid
2166 1677 2256 1721 aunt
2302 1671 2529 1721 decretis

1468 1744 1681 1795 ambitio
1698 1745 1873 1809 jussit.
1889 1755 1980 1796 aut
1997 1748 2238 1810 operibus
2257 1749 2535 1807 exstruxit,

1467 1822 1576 1870 cito
1599 1821 1885 1874 subruitur.
1955 1823 2099 1874 Nihil
2131 1838 2234 1873 non
2262 1825 2419 1888 longa
2441 1824 2534 1874 de·

1466 1898 1681 1949 molitur
1728 1905 1977 1957 vetustas,
2030 1909 2087 1950 et
2134 1908 2310 1951 movet
2353 1916 2537 1965 ocyus,

1463 1975 1601 2038 quod
1631 1977 1976 2026 consecravit.
2038 1976 2321 2039 Sapientiae
2354 1979 2534 2026 noceri

1464 2064 1571 2101 non
1592 2058 1802 2116 potest3
1838 2053 1979 2102 nulla
2012 2052 2214 2103 delebit
2243 2060 2374 2104 aetas
2401 2069 2535 2116 prae·

1463 2142 1605 2190 sens,
1662 2130 1806 2179 nulla
1858 2130 2114 2180 diminuet
2177 2145 2419 2195 sequens,
2470 2146 2532 2181 sc

1466 2204 1658 2255 deiude
1698 2219 1903 2269 semper
1958 2207 2173 2256 ulterior
2226 2208 2417 2271 aliquid
2464 2207 2530 2257 ad

1467 2283 1856 2335 venerationem
1913 2281 2195 2334 conferet.’
2283 2284 2534 2336 Quamvis

1466 2373 1591 2410 vero
1623 2359 1737 2410 baec
1767 2359 2070 2423 conjectura
2095 2361 2220 2410 satis
2254 2362 2534 2424 probabili·

1466 2436 1587 2486 tatis
1622 2452 1731 2502 prae
1769 2451 1824 2487 se
1855 2436 2012 2498 ferat,
2045 2452 2214 2502 neque
2250 2438 2533 2502 quiQuam

1462 2515 1848 2578 complectatur
1902 2515 2021 2565 stilo
2067 2513 2311 2565 Pliniano
2366 2515 2534 2578 indig-

1463 2604 1585 2641 num
1607 2606 1625 2651 3
1658 2589 1884 2641 nondum
1907 2597 2078 2639 tamen
2103 2604 2257 2639 ausus
2278 2604 2389 2639 sum
2414 2604 2529 2640 eam

1463 2670 1723 2732 recipere,
1757 2683 1874 2718 cum
1901 2668 2074 2717 nullus
2098 2668 2262 2717 codex
2287 2669 2534 2731 scriptus,

1463 2759 1635 2808 neque
1667 2745 1797 2795 liber
1822 2744 2122 2807 impressus,
2155 2743 2204 2792 ei
2237 2744 2535 2800 subveniat,

1463 2829 1518 2873 et
1549 2837 1666 2872 cum
1700 2821 1893 2871 nuliam
1919 2821 2137 2884 vulgatae
2165 2820 2399 2870 lectionis
2421 2835 2535 2872 mu·

1464 2901 1638 2951 tandm
1682 2900 2050 2949 necessitatem
2098 2895 2266 2946 adhuc
2312 2897 2537 2948 videam.

1464 2982 1655 3044 Neque
1694 2979 1830 3029 enim
1862 2979 2176 3040 metaphora*
2211 2977 2531 3041 aliquantum

1465 3057 1769 3107 audaciores
1805 3072 1835 3106 a.
1871 3056 2041 3119 poetis
2078 3055 2557 3120 panegyristisque··

1463 3142 1589 3184 suut
1611 3134 1819 3185 alienoe.
1887 3132 2204 3183 observavit
2232 3140 2285 3181 et
2311 3131 2540 3182 Amne·-

1465 3211 1580 3260 nius
1623 3210 1690 3260 ad
1730 3212 1779 3260 h.
1812 3210 1849 3259 l.
1886 3208 2164 3274 aliquando
2206 3209 2333 3258 alios
2374 3209 2533 3258 etiam¹
2622 3228 2633 3237 ·

1462 3287 1750 3351 scriptores
1772 3288 1858 3337 uui
1884 3286 2132 3337 vocabulo
2153 3287 2302 3350 plura
2319 3286 2534 3343 addere,

1464 3365 1547 3413 vel
1567 3365 1910 3420 substantiva,
1930 3365 2011 3414 vel
2028 3363 2208 3423 verba,
2227 3379 2342 3427 quat
2359 3365 2537 3413 omnia-

1462 3440 1846 3505 siguificatione
1871 3440 2086 3503 propria
2108 3439 2173 3488 ad
2197 3438 2322 3488 illud
2344 3438 2533 3489 referri

1463 3525 1743 3581 nequeant,
1777 3515 1870 3566 sed
1911 3515 2180 3566 commoda
2218 3516 2537 3578 iuterpreta-

1460 3594 1602 3644 tione
1626 3593 1731 3643 sint
1751 3591 2025 3642 mollienda
2047 3606 2063 3652 ;
2096 3606 2404 3659 'quamquam
2420 3592 2423 3595 ’
2439 3607 2530 3640 ex·

1461 3671 1633 3734 empla
1667 3669 1820 3734 hujus
1852 3668 2226 3719 observationis
2256 3668 2321 3718 ab
2356 3683 2422 3717 eo
2455 3669 2529 3718 sl-

1461 3748 1569 3796 lata
1586 3746 1704 3795 mibi
1726 3746 1896 3795 minus
1911 3744 2249 3795 satisfaciant.
2283 3744 2532 3796 Schmun-2.

1532 3823 1792 3887 carpitque
1812 3821 2089 3886 posteritas]
2122 3822 2352 3871 Verbum
2377 3829 2394 3853 ⁸
2414 3836 2529 3871 car·

1462 3917 1590 3966 pere
1608 3901 1624 3924 ’
1653 3899 1941 3964 generatim
1964 3896 2240 3961 significat,
2262 3899 2449 3947 sensim
2472 3905 2529 3949 et

1459 3980 1655 4028 leuiter
1676 3975 1920 4036 auferre3
1955 3974 2192 4038 adeoque
2218 3975 2426 4037 proprie
2452 3974 2530 4024 di·

1462 4057 1648 4117 cimur,
1672 4051 1845 4114 flores,
1865 4049 2090 4110 fructus,
2115 4058 2168 4099 et
2196 4065 2349 4114 poma
2371 4052 2388 4078 ‘
2411 4064 2529 4101 ear-

322 4147 479 4195 rare3
516 4148 566 4184 v.
602 4149 653 4196 g.
686 4133 824 4197 apud
864 4134 977 4184 Cic.
1013 4148 1109 4199 pro
1141 4137 1220 4187 Μ.
1243 4138 1385 4190 Mar·
1451 4136 1621 4199 pere:
1653 4130 1699 4180 si
1733 4143 1794 4202 ea
1824 4127 2178 4192 decerpimus,
2212 4128 2324 4177 sive
2349 4127 2529 4178 avelli·-

321 4211 473 4266 eello,
512 4223 628 4272 cap.
668 4214 720 4259 9.
752 4210 867 4260 ‘.Ut
912 4219 1029 4261 tuas
1069 4212 1251 4263 laudes
1295 4215 1385 4265 ob-

321 4295 591 4339 scuratura
627 4287 768 4338 nulla
798 4302 1024 4355 unquam
1057 4288 1129 4342 sit
1158 4289 1391 4345 oblivio?

1460 4223 1592 4266 mus,
1632 4205 2039 4270 colligimusque.
2105 4202 2154 4253 A
2193 4219 2296 4268 qua
2335 4203 2529 4266 signiti-

1459 4287 1667 4343 cstione
1689 4284 1865 4336 multa
1883 4283 1998 4336 alim
2018 4281 2286 4335 dimanant
2296 4297 2321 4345 3:
2346 4281 2437 4332 sed
2458 4280 2527 4333 ad
