3017 4942
684 412 752 459 c.
799 409 1043 458 niun
1091 408 1432 458 saeuum
1483 406 1762 458 rANssc.
1836 408 1889 457 1.
1923 390 2034 457 66.

248 558 359 612 tur,
378 566 444 603 an
466 551 550 604 liic
572 552 683 618 ipse
705 553 816 605 dies
839 551 1002 605 fuerit
1019 551 1315 618 auspicalis,

247 644 440 695 nempe
495 631 739 682 Calendae
791 632 1077 694 Jauuariae,
1128 631 1315 697 quibus

250 707 575 757 consulatum
600 708 811 758 tertium
832 709 1024 759 inierat
1037 709 1315 773 Trajanus?

246 782 315 832 Id
364 784 531 833 voluit
575 782 830 848 Bandius3
880 788 1090 836 voluere
1134 794 1191 836 et
1229 787 1317 836 alii

246 859 459 924 quidam
486 870 937 914 commentatores.
1001 863 1127 920 Sed,
1154 864 1198 914 si
1229 878 1315 913 co-

248 936 388 1001 gites
412 945 494 988 tot
515 939 643 988 alias
664 928 989 990 caerimonias
1008 955 1071 990 eo
1094 940 1208 1004 ipso
1233 940 1317 990 die

248 1027 282 1062 ι
304 1015 454 1064 novis
484 1017 785 1068 consulibus
818 1017 1011 1081 obitas,
1030 1019 1099 1067 de
1132 1018 1317 1084 quibus

245 1105 429 1156 supra,
477 1107 643 1146 utu.
689 1098 737 1144 1.
773 1098 827 1144 2.
872 1109 977 1144 non
1025 1094 1150 1144 nibil
1189 1094 1319 1151 dixi,

247 1167 485 1230 dubites,
534 1185 598 1219 an
641 1184 770 1220 unus
816 1172 907 1222 ille
948 1171 1059 1223 dies
1101 1179 1316 1235 proeter·

250 1258 317 1293 ea
364 1246 517 1295 etiam
556 1244 820 1296 suffecerit
860 1247 1085 1297 orationi
1128 1248 1182 1295 in
1225 1261 1317 1309 cu-

250 1322 332 1370 ria
353 1320 622 1379 habendae,
664 1324 844 1374 aliisve
875 1322 1061 1374 muniis
1086 1324 1318 1373 consula·

250 1390 400 1447 ribus
436 1400 765 1463 peragendis.
831 1401 996 1451 Putes
1042 1412 1187 1464 ergo,
1234 1401 1319 1451 liic

250 1486 357 1522 non
401 1474 680 1537 significari
721 1477 938 1540 primum
978 1477 1123 1527 illum
1162 1476 1317 1535 diem,

252 1564 362 1615 quo
412 1550 734 1601 consulatum
791 1553 966 1602 inierit
1024 1552 1315 1617 Trajsnus3

251 1627 365 1684 sed,
386 1643 490 1693 que
511 1630 555 1678 is
578 1630 631 1678 in
652 1631 924 1680 consulatu
945 1631 1075 1680 inito
1099 1631 1318 1695 primum

251 1705 307 1754 in
331 1706 478 1755 curia
497 1706 804 1769 praesederit
824 1708 1048 1770 senatui,
1065 1709 1320 1758 allocutus

251 1783 328 1832 sit
351 1790 611 1846 senatum,
633 1791 689 1832 et
717 1785 821 1834 alia
858 1785 1067 1850 negotia
1088 1786 1319 1835 consula-

250 1858 335 1907 ria
354 1872 511 1922 agere
547 1861 787 1923 coeperit.
851 1862 1001 1917 Tunc
1031 1862 1167 1912 enim
1197 1876 1321 1912 con·

252 1935 394 1985 sule·
446 1937 585 1993 novi,
642 1952 673 1987 e
722 1938 1048 1989 senatoribus
1104 1939 1321 2003 privatis

252 2011 434 2073 electi,
468 2026 536 2062 ex
576 2021 788 2064 senatus
820 2017 1061 2066 consulto
1096 2014 1321 2079 principi

252 2102 354 2152 pro
374 2089 571 2140 honore
603 2090 702 2140 sibi
737 2090 911 2142 delato
932 2094 1174 2143 solennes
1200 2107 1326 2161 ege·-

253 2172 377 2214 rnnt
415 2166 628 2230 gratias,
666 2168 878 2234 ejusque
919 2170 1141 2219 virtutes
1162 2176 1217 2219 et
1239 2183 1323 2220 res

253 2249 434 2305 gestas
455 2242 731 2294 laudarunt
748 2262 765 2307 ς
784 2252 894 2308 aut,
912 2245 955 2295 si
977 2245 1185 2310 quaudo
1208 2247 1323 2311 ipse

253 2316 500 2380 princeps
524 2321 852 2370 consulatum
891 2321 1173 2384 gerendum
1213 2336 1323 2370 sus·

252 2400 488 2457 ceperat,
533 2397 861 2448 senatoribus
904 2398 1323 2451 benevolentiam

254 2483 404 2519 suam
428 2477 654 2522 testatus
675 2481 775 2536 est,
792 2489 1001 2540 eosque,
1024 2481 1184 2540 prout
1197 2475 1323 2525 Tra·

248 2544 407 2608 janus
442 2544 592 2605 fecit,
623 2548 692 2598 ad
725 2564 872 2614 spem
895 2552 1157 2603 libertatis
1178 2567 1325 2602 resu-

252 2621 460 2672 menda
484 2624 797 2690 tuendaeqne
817 2628 1089 2680 excitavit.
1137 2629 1326 2679 Liceat

253 2698 434 2764 itaque
480 2702 754 2768 suspicari,
792 2719 911 2756 cum
955 2719 1090 2755 anno
1126 2705 1325 2756 Christi

253 2777 562 2841 centesimo,
601 2793 784 2835 mense¹
812 2782 1026 2847 quidem
1055 2782 1323 2841 Januario,

252 2852 415 2903 Marii
441 2854 608 2906 Prisci
631 2870 813 2908 caussa
848 2851 903 2909 in
937 2860 1084 2910 curia
1105 2875 1202 2926 per
1228 2861 1323 2911 tri·

252 2931 412 2982 dnum
459 2941 722 2996 ageretur,
751 2944 902 2988 tunc
942 2938 1220 3002 Trajannm
1266 2938 1324 2988 in

251 3011 527 3061 consulatu
559 3027 652 3062 suo
686 3014 847 3064 tertio
875 3014 1098 3079 primum
1126 3016 1322 3064 curiam

250 3085 543 3151 ingressum
582 3097 819 3141 senatum
858 3092 925 3141 ad
963 3091 1324 3143 resumendam

252 3156 550 3214 libertatem
572 3166 899 3218 adhortatum
922 3184 1055 3226 esse,
1074 3176 1127 3220 et
1151 3171 1326 3220 munia

256 3235 545 3283 consularia
568 3244 710 3292 obire
733 3245 965 3308 coepisse.
1012 3244 1325 3308 Significan-

256 3315 341 3360 ter
387 3312 526 3361 enim
571 3311 637 3362 de
681 3314 773 3363 illo
818 3321 901 3367 die
947 3321 1132 3370 scribit
1185 3319 1325 3370 Ptin.

255 3386 431 3451 Epist.
453 3402 519 3437 ιι.
543 3392 623 3438 11.
654 3396 669 3419 ·
694 3391 874 3443 Dilata
896 3409 980 3443 res
1001 3404 1082 3446 est
1116 3397 1170 3446 in
1200 3410 1323 3461 pro·

252 3464 452 3515 ximum
482 3474 736 3531 senatum,
767 3470 913 3535 cujus
934 3472 1050 3536 ipse
1074 3487 1323 3538 conspec-

256 3546 346 3590 tus
399 3544 785 3603 angustissimus
839 3545 960 3598 fuit.
1062 3549 1323 3615 Princeps

224 3665 229 3671 ,
253 3617 575 3685 praesidebat
592 3637 608 3683 ς
624 3630 737 3672 erat
755 3625 890 3674 enim
911 3629 1090 3677 consul
1107 3644 1123 3690 ;
1143 3627 1209 3677 ad
1226 3629 1323 3677 hoc

251 3697 534 3750 Jannarins
572 3705 780 3761 mensis,
818 3720 937 3756 cnm
977 3715 1175 3766 cetera,
1212 3716 1321 3758 tum

254 3780 526 3842 praecipue
565 3790 864 3833 senatorum
903 3783 1214 3850 frequentia,
1235 3802 1325 3837 ce-

251 3852 602 3907 leberrimus!
627 3859 772 3910 Inter
787 3863 805 3890 ‘
826 3869 1003 3912 cetera
1018 3861 1033 3884 ⁹
1051 3877 1195 3920 vero,
1213 3867 1320 3915 nul-

251 3929 302 3979 la
335 3946 394 3982 re
427 3934 687 3986 celebrior
707 3937 985 3989 ,Ianuarius
1008 3940 1111 3990 iste
1133 3943 1323 3992 mensis

253 4020 374 4057 esse
397 4011 589 4072 potuit,
609 4021 893 4076 quamtum
915 4015 1062 4078 gravi
1085 4019 1322 4082 comique

251 4085 494 4135 oratione
520 4101 548 4133 a
584 4089 819 4154 principe
841 4093 894 4141 in
918 4100 1103 4143 senatu
1128 4094 1323 4161 habita,

251 4160 400 4224 cnjus
445 4163 532 4212 hic
586 4165 824 4218 meminit
878 4169 1079 4224 Plinius
1129 4179 1323 4224 noster.

251 4235 534 4303 Utcunque
556 4249 658 4306 est,
678 4243 815 4293 haud
841 4251 1016 4301 tamen
1038 4246 1321 4311 dissimulo,

250 4314 440 4374 saltem
458 4315 639 4370 ovidii
661 4327 897 4386 tempore
913 4336 1109 4376 novum
1133 4336 1320 4375 consu-

2319 388 2449 456 879

1389 553 1492 603 lem
1539 550 1702 603 videri
1743 551 1858 617 ipso
1900 551 2200 603 consulatus
2241 550 2321 600 sui
2362 549 2450 601 die

1391 628 1646 691 auspicali
1698 628 1858 678 etiam
1914 627 2110 677 curiam
2166 627 2453 690 ingressum

1391 718 1525 755 esse.
1596 704 1753 770 Cujus
1777 705 1854 755 rei
1876 704 2119 754 indicium
2142 701 2269 753 facit
2291 702 2452 754 ovid.

1391 796 1457 833 ex
1480 781 1675 839 Ponto,
1706 796 1783 833 iv·
1817 784 1868 830 4.
1907 781 1994 831 ubi
2026 782 2092 830 de
2123 780 2271 830 Sext.
2295 781 2453 830 Pom·

1392 857 1533 921 peio,
1558 871 1710 921 quem
1730 858 1994 907 consulem
2029 853 2258 906 futurum
2295 869 2454 918 angu-

1392 934 1625 992 rabatur,
1649 935 1788 984 inter
1810 934 1908 983 alia
1941 934 2016 984 sic
2053 924 2278 982 cecinit:
2311 934 2327 961 ‘
2350 932 2452 982 Cu-

1391 1010 1469 1061 ria
1492 1015 1545 1061 te
1567 1011 1816 1075 excipiet,
1846 1020 2124 1075 patresque
2147 1025 2176 1060 e
2199 1006 2342 1060 more
2365 1023 2456 1059 vo·

1390 1088 1495 1138 ceti
1542 1086 1827 1137 Intendent
1873 1100 2022 1136 aures
2059 1085 2124 1136 ad
2165 1094 2255 1136 tna
2293 1084 2455 1135 verba

1393 1177 1531 1213 snas.
1601 1163 1714 1213 Hos
1741 1163 1829 1212 nbi
1857 1162 2086 1212 facundo
2121 1169 2210 1212 tua
2248 1176 2349 1211 vox
2380 1161 2458 1211 hi·

1391 1239 1647 1289 laraverit
1689 1253 1800 1303 ore,
1848 1238 2029 1304 thue
2055 1238 2231 1302 -solet‚
2275 1238 2458 1288 tulerit

1393 1331 1649 1382 prospera
1671 1317 1833 1367 verba
1854 1316 1998 1377 dies3
2019 1315 2201 1379 Egeria
2226 1322 2282 1364 et
2305 1314 2457 1364 rneri-

1394 1405 1473 1445 tas
1503 1394 1719 1459 Superis
1759 1408 1876 1445 cum
1905 1393 2113 1443 Caesare
2151 1399 2388 1456 gratesx.
2407 1426 2422 1443 .
2441 1423 2458 1439 .

1393 1471 1528 1523 Inde
1551 1473 1760 1522 domum
1780 1478 2010 1534 repetes,
2036 1475 2151 1519 toto
2173 1468 2456 1521 comitante

1391 1558 1600 1606 senatu,
1623 1547 1863 1600 Officium
1889 1546 2068 1612 populi
2099 1545 2187 1596 vix
2209 1545 2456 1609 capiente

1391 1626 1580 1677 domo-⁹
1611 1625 1853 1677 Schwen-

1457 1703 1756 1754 Adhortatus
1797 1718 1849 1752 es
1888 1715 2123 1751 resumere
2164 1699 2455 1764 libertatem]

1395 1780 1680 1832 ordinarie
1714 1778 1984 1830 dicendum
2019 1776 2227 1836 fuisset,
2262 1777 2456 1827 univer-

1391 1874 1471 1910 sos
1489 1859 1772 1911 adhortatus
1800 1872 1853 1907 es
1883 1858 1945 1906 ad
1970 1857 2295 1907 resumendam
2317 1854 2458 1904 liber-

1394 1942 1576 1997 mem,-
1612 1934 1766 2000 prou't
1795 1935 1907 1986 Cic.
1943 1934 2176 1998 Philipp.
2204 1946 2287 1983 rv-
2306 1937 2356 1981 5.
2381 1931 2458 1981 di·

1394 2015 1493 2079 xit,
1528 2017 1544 2044 ‘
1571 2015 1684 2078 Ego
1707 2027 1799 2063 vos
1819 2011 2141 2063 ardentes-et
2163 2017 2366 2060 erectos
2388 2007 2459 2058 ad

1395 2091 1696 2143 libertatem
1758 2089 2170 2154 recuperandam
2219 2086 2458 2137 adhorta-

1395 2169 1523 2220 bor:
1585 2169 1707 2231 Vel,
1726 2169 1969 2219 universos
1986 2167 2272 2222 adhortatus
2302 2180 2372 2223 es,
2400 2168 2459 2214 ut

1395 2250 1689 2294 resumerent
1721 2245 2023 2307 libertateuu
2061 2243 2327 2307 sicutipse
2350 2241 2461 2292 Pti-

1397 2321 1511 2370 nius
1543 2335 1701 2386 supra
1721 2335 1855 2372 xnr.
1876 2326 1927 2372 2.
1952 2318 2110 2385 dixit,
2144 2319 2161 2349 ‘
2187 2320 2462 2371 Laudabas

1395 2399 1590 2464 quippe
1614 2399 1725 2463 ipse
1748 2397 2021 2457 ferientes,
2042 2398 2461 2462 hortabarisqne,

1395 2482 1455 2526 ut
1488 2475 1783 2527 auderent.’
1862 2476 1972 2526 Ista
2012 2490 2139 2539 erge
2178 2482 2464 2536 structura,

1395 2567 1498 2618 qua
1537 2551 1696 2601 verbo
1736 2552 1856 2602 hnic
1899 2552 2111 2602 additur
2155 2549 2462 2611 infinitivus,

1394 2629 1676 2679 adhortatus
1714 2643 1767 2679 es
1804 2643 2059 2685 resumere,
2103 2628 2341 2680 Graecam
2388 2627 2463 2675 lo·

1397 2705 1592 2771 quendi
1646 2706 1900 2757 rationem
1968 2718 2154 2770 sapere
2221 2704 2462 2764 videtur3

1396 2797 1688 2848 quanquam
1732 2797 1845 2832 eam
1889 2797 1989 2833 nec
2039 2783 2128 2833 alii
2176 2782 2460 2844 scriptores
2530 2794 2538 2816 ¹

1397 2859 1570 2910 Latini
1600 2858 1926 2923 refugerint3
1963 2873 2012 2910 v.
2036 2875 2086 2924 g.
2123 2858 2338 2908 Sallust.
2362 2857 2462 2907 Ca-

1398 2939 1477 2989 til.
1500 2953 1618 3003 cap.
1640 2944 1692 2988 6.
1716 2940 1732 2967 ‘
1753 2939 1859 2987 Res
1884 2939 1995 3002 ipsa
2015 2937 2211 2987 hortari
2236 2937 2464 2997 videtur,

1396 3029 1558 3079 supra
1600 3023 1864 3079 repetere,
1900 3030 1963 3065 ac
2002 3014 2182 3079 paucis
2220 3012 2465 3063 instituta

1397 3093 1651 3156 majorum
1671 3092 1812 3143 domi
1835 3092 2139 3158 militiaeque
2154 3123 2170 3140 .
2182 3122 2197 3139 .
2211 3090 2462 3140 .dissere·

1398 3169 1492 3219 re.’
1544 3169 1664 3218 Val.
1686 3171 1833 3219 Max.
1857 3183 1936 3219 xv.
1959 3173 2010 3219 7.
2029 3179 2136 3218 ext.
2161 3172 2207 3218 1.
2238 3166 2255 3195 ‘
2276 3165 2465 3216 Aliena

1397 3260 1604 3312 quoqne
1644 3245 1921 3297 benefacta
1957 3244 2174 3301 referre,
2215 3245 2463 3294 Romanae

1398 3322 1544 3372 urbis
1566 3321 1761 3372 candor
1795 3320 2070 3372 hortatur?
2139 3320 2287 3371 Idem
2313 3333 2392 3370 tx.
2413 3323 2464 3370 6.

1398 3402 1449 3448 3.
1483 3401 1499 3428 ‘
1520 3397 1861 3465 Allobrogum
1885 3405 2094 3462 gentem
2130 3397 2195 3447 ad
2231 3397 2299 3448 Q.
2320 3396 2464 3447 Fabii

1399 3477 1669 3535 dexteram
1724 3477 2011 3541 confugere
2061 3477 2296 3525 hortatus
2348 3471 2465 3522 est?

1397 3553 1593 3606 Justin.
1610 3566 1719 3605 111.
1757 3559 1808 3603 6.
1841 3555 1858 3582 ⁸
1888 3553 2190 3603 Alexander
2220 3551 2464 3600 hortatur

1398 3631 1612 3693 milites,
1630 3631 1734 3681 suis
1753 3629 2018 3681 scribere-⁹
2065 3630 2321 3678 Remum
2339 3640 2464 3675 vero

1397 3709 1687 3770 libertatem,
1710 3706 1819 3757 fere
1843 3708 1959 3770 plus
1982 3714 2082 3768 est,
2105 3719 2256 3770 quam
2288 3705 2305 3732 ‘
2331 3703 2469 3752 reci·

1397 3775 1936 3850 pereclib'ertatem3’
1983 3783 2105 3847 quia
2146 3779 2275 3831 illud
2317 3779 2467 3844 quasi

1399 3861 1729 3911 arbitrariam
1768 3858 2026 3925 quandam
2062 3855 2366 3907 facultatem
2404 3857 2467 3904 li·

1398 3937 1636 4000 bertatis‚
1659 3951 1773 4001 quse
1800 3934 2102 4000 aliquandiu
2125 3934 2311 3983 amissa
2330 3940 2466 3995 erat,

1397 4014 1715 4077 recipiendae
1740 4013 2004 4063 involvere
2030 4011 2252 4061 videtur.
2298 4010 2385 4059 Sic
2409 4017 2466 4059 et

1396 4090 1613 4141 Tacitus
1652 4088 1841 4140 Annal.
1881 4103 1969 4147 ιιι.
2008 4093 2091 4139 «to.
2140 4090 2156 4117 ‘
2184 4088 2466 4150 Egregium

1397 4170 1726 4221 resumendae
1748 4170 1983 4220 libertati
2005 4166 2249 4232 tempusz’
2313 4166 2469 4216 Idem?

1397 4247 1588 4299 Annal.
1625 4260 1747 4297 xiv.
1782 4251 1864 4297 ³1.
1899 4248 1915 4272 ⁶
1940 4245 2229 4295 Resumere
2250 4243 2478 4293 liberta--

1399 4331 1507 4376 tem
1531 4325 1755 4377 occultis
1779 4322 2224 4388 conjurationibus
2248 4320 2464 4386 pepige-
