3017 4942
422 367 557 436 680

426 536 487 580 nt
510 543 622 580 esm
647 527 909 593 receperit
931 527 985 577 iu
1010 534 1335 579 contextum.
1373 527 1497 578 Pla·-

426 613 609 658 cuerst
643 613 697 654 et
719 605 875 666 mibi;
910 604 1004 655 sed
1043 619 1144 655 non
1179 605 1272 667 ita,
1307 611 1365 654 ut
1389 604 1499 653 vul·

427 692 606 750 getam
648 685 924 735 lectionem
971 684 1091 734 ideo
1127 682 1499 735 exturbandum

426 761 756 822 censuerim;
802 767 988 825 utpote
1022 762 1105 812 cui
1141 761 1353 811 lectioni
1391 760 1503 809 vul-

426 836 567 904 get'ae
591 839 760 889 locum
799 839 1069 889 vindicant
1104 851 1279 887 omnes
1314 835 1502 901 reliqui

428 916 640 967 codices
696 916 898 980 scripti,
948 914 1167 980 librique
1224 913 1500 977 impressi;

428 993 755 1058 eandemque
811 994 1018 1059 oblique
1065 991 1343 1042 confirmat
1388 991 1501 1055 ipse

426 1071 570 1121 Pliu.
596 1084 781 1120 xxvrr.
801 1075 851 1121 2.
885 1071 901 1099 ‘
926 1070 1071 1121 Nihil
1096 1069 1344 1133 largiatur
1364 1070 1500 1133 prin·

429 1161 578 1211 ceps,
594 1147 716 1196 dum
743 1146 870 1196 nibil
889 1144 1131 1197 auferat-⁸
1177 1145 1241 1194 Id
1266 1159 1390 1194 vero
1412 1143 1501 1193 ad·

429 1223 531 1273 huc
553 1222 952 1280 observandum,
978 1228 1096 1286 post
1118 1222 1229 1272 boee
1253 1221 1433 1284 verba,
1453 1227 1502 1271 et

428 1300 555 1350 nihil
574 1301 802 1359 anferam
836 1307 1092 1365 proeteres
1128 1298 1420 1363 sequentia,
1447 1302 1503 1348 ur

427 1378 476 1428 si
494 1378 619 1428 nihil
637 1379 886 1441 largiaris,
918 1382 965 1428 et
987 1379 1194 1438 anseres,
1217 1376 1429 1442 adjecta
1447 1376 1500 1424 in

430 1456 615 1506 codice
649 1457 859 1506 Veneto
890 1463 946 1506 et
968 1469 1105 1512 meo,
1127 1455 1251 1505 item
1274 1454 1326 1503 in
1348 1452 1502 1503 editi·

433 1543 535 1581 one
579 1531 905 1594 cuspiniani,
951 1538 1009 1580 et
1062 1528 1202 1595 apud
1256 1528 1503 1578 'rhomam

436 1606 748 1664 Hesrnium.
772 1623 803 1657 s
822 1609 937 1660 Jos.
955 1606 1224 1670 Scaliger-o
1239 1612 1508 1668 annotate,

433 1682 786 1748 deprehendi3
821 1685 872 1734 in
896 1684 1077 1734 codice
1100 1691 1274 1733 autem
1310 1680 1504 1732 Parisi-

433 1762 564 1819 ensi‚
588 1762 661 1810 ita
693 1775 811 1811 cum
845 1759 1284 1826 subsequentibus
1304 1753 1507 1823 legistae

431 1837 477 1893 ss‘
494 1838 623 1888 nihil
654 1838 904 1902 largiaris,
935 1843 985 1889 et
1018 1837 1212 1899 asseras
1232 1837 1407 1895 omnia,
1427 1851 1505 1886 sss·

428 1897 616 1978 persiae
640 1917 815 1966 omnia.
883 1916 966 1965 Ex
1004 1929 1105 1978 quo
1140 1914 1506 1978 supplemento

432 1991 547 2041 boc
579 1992 798 2060 psphssos
827 1992 1116 2041 existeretz
1152 1997 1168 2021 ·
1189 1991 1343 2047 Nam,
1377 1988 1502 2055 quid

434 2075 515 2119 est
554 2084 775 2132 csussoe,
819 2085 913 2120 cur
967 2070 1080 2119 aliis
1112 2068 1338 2134 quidem,
1387 2083 1505 2118 cum

435 2145 609 2195 onmis
629 2154 899 2211 raperent,
923 2153 977 2195 et
1009 2154 1162 2211 rapta
1196 2146 1506 2203 retinerent,

435 2229 497 2273 ut
543 2223 585 2272 si
629 2224 753 2273 nihil
795 2224 1106 2288 rapuissent,
1145 2224 1270 2274 nibil
1307 2226 1506 2274 retinu-

437 2300 622 2364 issent,
663 2300 929 2351 defuerint
971 2301 1185 2350 omnia:
1230 2300 1345 2362 tibi,
1387 2316 1505 2351 cum

437 2383 545 2426 tam
570 2378 733 2428 mults
764 2377 1005 2442 largiaris
1031 2386 1087 2427 et
1125 2378 1248 2427 nibil
1284 2376 1507 2435 auferam,

437 2462 500 2504 ut
538 2454 581 2503 si
617 2455 743 2504 nibil
777 2455 1025 2518 largiaris,
1066 2461 1124 2504 et
1158 2453 1366 2504 aufem
1401 2467 1509 2508 om-

439 2530 547 2594 nis,
603 2531 775 2581 omnis
841 2531 1151 2597 supersint?
1177 2529 1192 2553 ’
1263 2530 1509 2581 Concedo

434 2607 666 2672 quidem,
705 2610 779 2659 sic
832 2608 1239 2659 concinnitatem
1287 2608 1512 2672 periodi,

436 2697 584 2733 more
640 2691 876 2735 veterum
933 2685 1301 2751 sophistarum,
1345 2685 1511 2735 videri

437 2761 724 2826 pleniorem
747 2761 862 2813 fieri
882 2778 899 2823 ς
937 2764 1096 2814 nihilo
1123 2763 1292 2814 minus
1315 2769 1513 2825 tamen,

440 2852 558 2888 cnm
583 2840 845 2889 sententia
867 2839 1018 2888 nimis
1051 2838 1160 2888 fere
1183 2845 1368 2904 arguta
1390 2839 1513 2889 binc

440 2914 496 2964 in
521 2915 780 2980 quandam
814 2914 1164 2966 affectationis
1191 2924 1364 2988 notam
1386 2916 1513 2966 inci-

441 2990 552 3052 dat,
571 3006 889 3057 magnopere
908 3005 1109 3050 versor,
1126 3008 1190 3042 ne
1209 2994 1321 3043 baec
1338 3002 1514 3059 poste·

440 3069 552 3119 rior
563 3067 749 3118 lacinia
764 3068 974 3119 aliunde
989 3069 1058 3120 sit
1072 3076 1261 3119 assuta.
1273 3070 1519 3121 Schmun.

506 3146 691 3197 Fronte
720 3146 865 3209 gravi
896 3152 944 3196 et
969 3147 1107 3197 tristi
1137 3148 1411 3212 supercilio]
1450 3148 1519 3200 H.

446 3236 494 3273 e.
516 3223 604 3288 qui
630 3223 870 3274 simulata
896 3224 1054 3274 animi
1077 3227 1337 3288 gravitate
1359 3237 1415 3276 et
1434 3242 1516 3276 se·

441 3299 668 3350 veritate
693 3299 897 3353 assidue
921 3300 1109 3350 intenti
1135 3299 1307 3352 essent
1324 3317 1516 3366 augen-

444 3377 529 3428 dis
571 3377 684 3429 fisci
728 3379 1031 3429 commodis.
1100 3380 1233 3430 Hac
1278 3382 1520 3444 epithetis

442 3455 653 3505 inverso
688 3455 871 3506 ordine
893 3454 1213 3506 exhibentur
1248 3458 1301 3507 in
1324 3459 1517 3512 codici·

441 3532 542 3583 bus
561 3532 846 3596 Vaticanis,
865 3533 1168 3594 Parisii-nsi,
1186 3535 1409 3594 Veneto,
1423 3537 1518 3587 Sa·

444 3611 779 3676 lisburgensi,
804 3612 1290 3678 Guelpborbytsno‚
1306 3620 1360 3665 et
1378 3629 1517 3681 meo,

445 3690 527 3751 qui
537 3688 708 3747 fronte
728 3690 862 3740 tristi
882 3695 929 3738 et
947 3691 1096 3752 gravi
1114 3691 1380 3754 supercilio.
1410 3693 1518 3743 Sed

442 3764 648 3829 opinor,
684 3780 744 3814 ea
783 3775 1005 3830 utroque
1037 3766 1193 3816 niodo
1223 3774 1369 3817 recte
1400 3782 1517 3818 cum

445 3842 558 3890 istis
622 3842 960 3892 substantivis
1019 3843 1266 3907 conjungi
1329 3858 1522 3907 posse3

442 3919 681 3980 quamvis
704 3918 873 3966 ordini
902 3918 953 3966 in
978 3917 1247 3968 codicibus
1269 3918 1403 3971 Mss.
1425 3921 1520 3970 ob-

445 3993 532 4042 vio
557 3993 719 4055 magis
744 3993 970 4043 faveam.
1020 3996 1037 4023 ‘
1063 3994 1340 4059 Tristitia,'
1362 3996 1378 4024 ‘
1397 4011 1519 4062 grn-

446 4068 621 4132 vitas,’
644 4071 659 4097 ‘
684 4067 973 4127 severitas,’
1004 4077 1126 4120 sunt
1158 4080 1395 4136 cognate
1428 4089 1518 4123 ua·

448 4151 602 4207 tnroe,
624 4156 722 4195 nec
745 4160 863 4195 raro
881 4146 1297 4211 conjungunturg
1330 4150 1519 4215 quibus

447 4228 804 4285 opponuntur,
816 4219 1076 4277 remissio.
1097 4223 1343 4288 suavitas,
1359 4227 1517 4276 comi-

447 4305 548 4349 tss.
584 4298 694 4349 Cic.
709 4298 762 4347 in
785 4297 972 4360 Laelio,
991 4312 1108 4362 cap.
1134 4302 1214 4352 18.
1247 4301 1263 4329 ⁴
1287 4301 1523 4354 Tristitia

1125 384 1344 434 No'rAE
1393 382 1806 434 vARtoRUM
1857 384 1938 434 m

1574 534 1768 593 sutem,
1790 536 1844 578 et
1867 528 1921 578 in
1940 528 2081 578 omni
2105 542 2166 579 re
2189 527 2459 592 severitas,
2479 526 2648 579 lubet

1575 605 1665 655 illa
1686 605 1891 670 quidem
1914 605 2257 670 gravitatem3
2289 608 2381 656 sed
2413 607 2648 657 amicitia

1576 684 1836 732 remissior
1870 696 1983 733 esse
2020 682 2204 742 debet,
2240 691 2295 732 et
2334 682 2568 747 liberior,
2589 688 2650 733 et

1575 759 1797 824 dulcior,
1824 765 1880 810 et
1910 758 1977 810 sd
2006 772 2210 808 ornnem
2242 760 2543 809 comitatem
2567 759 2649 808 fe·

1577 839 1929 903 cilitstemque
1947 835 2267 902 proclivior?
2287 837 2401 888 Cic.
2414 837 2481 886 de
2494 836 2653 887 Orat.

1577 929 1643 966 n.
1665 920 1748 966 ⁷1.
1778 922 1793 945 ‘
1818 916 2011 966 Vultus
2036 914 2245 979 quidem
2279 928 2382 979 quo
2414 913 2651 978 severior

1577 1000 1631 1043 et
1648 992 1870 1054 tristior,
1885 1000 1942 1042 ut
1960 991 2013 1040 in
2029 997 2102 1048 te,
2118 990 2340 1049 Crasse,’
2352 991 2451 1038 διε.
2487 988 2648 1039 Plau·

1576 1076 1650 1134 to,
1685 1071 1915 1132 Tibullo,
1950 1075 2007 1119 et
2045 1068 2174 1125 aliis,
2210 1073 2226 1097 ⁸
2250 1065 2427 1116 frons'
2452 1065 2653 1138 dicitur

1575 1155 1591 1178 ‘
1617 1146 1780 1197 tristis
1803 1145 1846 1207 ;’
1881 1144 2151 1202 Lucretio,
2186 1143 2378 1193 ‘triste
2411 1142 2655 1206 superci-

1574 1223 1736 1275 lium.'
1782 1224 1957 1273 Etiam
1979 1222 2232 1278 Martiali,
2258 1234 2337 1271 xr-
2355 1225 2406 1271 2.
2438 1221 2454 1249 ‘
2474 1220 2654 1271 Triste

1574 1300 1931 1366 supercilium,
1962 1299 2181 1364 durique
2213 1312 2397 1349 severa
2433 1297 2657 1348 Catonis

1575 1378 1776 1428 Frons.'
1808 1379 1825 1406 ‘
1852 1378 2018 1427 Frons
2033 1376 2049 1400 ’
2071 1385 2245 1425 sutem
2269 1390 2417 1441 aeque
2439 1389 2503 1425 ac
2525 1378 2541 1404 ⁸
2563 1389 2654 1424 su·

1573 1458 1848 1522 percilium
1867 1454 1883 1478 ⁹
1913 1454 2175 1505 habentur
2206 1454 2403 1504 indices
2432 1451 2656 1504 effectu-

1577 1546 1663 1582 um
1710 1538 1767 1583 et
1810 1530 2210 1594 propensionum
2263 1529 2440 1579 animi.
2508 1528 2657 1580 Hinc

1575 1609 1779 1659 Plinius
1802 1608 1996 1669 Major,
2019 1620 2101 1657 ιι.
2124 1610 2206 1656 87.
2239 1607 2256 1634 ‘
2281 1606 2444 1656 Frons
2465 1611 2521 1655 et
2539 1603 2658 1654 aliis

1575 1684 1922 1736 animantibus
1940 1702 1956 1747 ;
1977 1682 2282 1733 sedbomiui
2306 1688 2507 1733 tantum
2534 1681 2659 1732 tris·

1578 1762 1731 1826 titia,
1775 1761 2077 1825 hilaritatis,
2112 1760 2427 1817 clementiae,
2458 1757 2662 1809 severi·

1579 1840 1723 1897 tatis,
1743 1838 1943 1891 index?
2006 1839 2095 1890 De
2119 1840 2135 1868 ‘
2161 1838 2457 1902 superciliis
2476 1835 2493 1858 ’
2512 1835 2656 1886 idem

1578 1916 1804 1968 ibidemz
1854 1922 1870 1946 ‘
1896 1916 1959 1967 In
1997 1914 2061 1965 iis
2091 1929 2219 1980 pars
2254 1915 2410 1967 animi
2431 1931 2448 1961 e
2495 1927 2661 1977 nega·

1578 2006 1712 2050 mus,
1736 2006 1801 2041 un
1824 1992 2134 2043 unnuimus?
2167 1992 2303 2042 Hoee
2324 1992 2553 2041 maxime
2577 1990 2658 2040 in·

1578 2070 1756 2121 dicant
1778 2067 1989 2120 fastum.
2035 2068 2295 2131 Superbia
2316 2067 2506 2118 alicubi
2531 2080 2658 2116 con·

1578 2147 1930 2212 ceptacnlum,
1967 2145 2061 2195 sed
2107 2144 2194 2194 hic
2237 2144 2433 2203 sedem,
2476 2145 2660 2195 habet.

1581 2224 1643 2274 ln
1660 2224 1818 2274 corde
1838 2224 2102 2287 nascitur3
2125 2224 2224 2273 bue
2242 2222 2403 2278 subit,
2425 2223 2510 2272 hic
2527 2236 2659 2287 pen·
2684 2220 2692 2226 ⁴

1582 2301 1711 2352 det!
1745 2302 1898 2351 Idem.

1650 2378 1750 2437 Qus·
1775 2378 1945 2440 fronte
1976 2376 2148 2442 gravi]
2182 2375 2294 2426 Viri
2333 2376 2543 2441 pessimi
2566 2390 2657 2426 cs·

1581 2457 1805 2507 lumnias
1841 2456 2139 2507 excitantes
2178 2456 2263 2506 vel
2304 2467 2452 2520 aeque
2490 2454 2657 2520 pessi·

1584 2548 1721 2583 mum
1749 2533 2038 2598 principem
2064 2532 2338 2598 docentes,
2371 2547 2475 2597 qno
2495 2532 2656 2582 modo

1584 2610 1776 2660 cisium
1821 2610 1956 2659 bons
2002 2614 2217 2673 raperet
2242 2623 2260 2669 ς
2308 2623 2426 2658 nam
2474 2610 2492 2640 ⁸
2520 2609 2662 2661 bons

1585 2686 1817 2737 vivorum
1848 2692 1904 2737 et
1927 2693 2246 2736 mortuorum
2269 2700 2665 2751 usquequaque,

1587 2763 1817 2828 quolibet
1860 2768 1916 2813 et
1954 2770 2281 2824 accusatore,
2321 2771 2378 2813 et
2420 2762 2662 2827 crimine,

1587 2838 2045 2904 corripiebantur-³
2079 2840 2301 2891 Putorol.
2689 2849 2694 2854 ’

1659 2915 2041 2980 Contumaciter]
2076 2914 2222 2965 Alias
2246 2915 2439 2966 dicitur
2460 2930 2557 2980 pro
2581 2930 2664 2965 sr-

1590 3000 1839 3058 rosssnter
1878 3001 2036 3059 atque
2080 2993 2364 3046 insolenter
2407 2993 2664 3043 adversus

1591 3072 1905 3137 superiores.
1971 3072 2091 3124 Hoc
2128 3074 2246 3123 loco
2280 3072 2417 3132 idern
2463 3077 2564 3129 est,
2598 3086 2664 3122 sc

1594 3149 1799 3201 assidue
1854 3157 1911 3201 et
1971 3148 2487 3214 perseverantissimo
2554 3154 2668 3197 stu·

1591 3225 1700 3278 dio.
1765 3228 1964 3277 Seneca
1985 3227 2153 3292 Epist.
2175 3229 2260 3277 45.
2295 3227 2312 3255 ⁸
2335 3225 2667 3278 Qualescun·

1593 3315 1698 3366 que
1729 3308 1852 3352 sunt
1887 3302 2005 3352 libri
2039 3302 2163 3359 mei,
2196 3309 2251 3353 tu
2283 3301 2400 3354 illos
2425 3299 2502 3349 sie
2524 3300 2668 3363 lege,

1594 3387 1841 3445 tanquam
1877 3393 2057 3429 verum
2088 3392 2318 3443 quaersrn
2340 3377 2531 3434 adbuc,
2561 3390 2665 3427 non

1594 3455 1754 3506 sciam
1780 3471 1798 3519 ς
1847 3463 1905 3507 et
1959 3456 2345 3507 contumaciter
2395 3452 2668 3520 quntum-²

1592 3532 1833 3585 Schmrz.

1661 3610 1767 3675 Ipsi
1786 3626 1873 3661 ssa
1893 3611 2085 3675 φυκία]
2122 3609 2301 3673 Forte,
2335 3608 2438 3674 Ipsi
2474 3607 2670 3673 quiden

1593 3697 1682 3737 stra
1702 3692 1884 3751 sponte.
1920 3687 2090 3738 Livin-

1659 3764 1704 3814 A
1727 3762 1887 3828 nobis]
1910 3760 2310 3813 Animadvertas
2325 3761 2450 3810 licet
2469 3761 2669 3812 variam

1595 3850 1914 3894 structuram
1959 3839 2115 3890 verbi
2155 3841 2173 3869 ‘
2204 3836 2444 3889 discere.'
2527 3839 2667 3889 Boni

1595 3919 1731 3970 enim
1758 3918 1951 3981 lingum
1982 3917 2183 3966 Latina
2217 3924 2461 3966 unctores
2484 3916 2672 3968 dicunt

1594 4004 1611 4028 ⁴
1636 3997 1841 4046 discere
1863 3994 1932 4043 ab
1954 3993 2165 4059 sliqno,’
2198 3993 2216 4021 ‘
2242 4007 2307 4043 ex
2331 3993 2541 4059 sliquo‚’
2563 4000 2581 4026 “
2604 3994 2673 4044 de

1595 4070 1800 4139 sliquo,'
1835 4080 1893 4122 et
1929 4073 1946 4100 ⁴
1972 4071 2112 4136 apud
2151 4070 2409 4134 aliquem-⁹
2453 4070 2673 4122 Terent.

1594 4152 1727 4202 Eun.
1750 4163 1813 4199 ιι.
1833 4152 1916 4200 81.
1933 4152 1985 4199 2.
2005 4148 2022 4176 ⁸
2036 4147 2111 4197 Ut
2133 4147 2236 4197 sibi
2256 4146 2445 4196 liceret
2464 4145 2669 4199 discere

1594 4227 1647 4278 id
1672 4229 1740 4278 de
1761 4224 1881 4276 me.’
1948 4224 2313 4275 UbiDonstus
2338 4225 2451 4275 bac
2474 4232 2628 4276 notet
2658 4242 2672 4275 ε

1596 4304 1614 4334 ‘
1631 4305 1824 4369 Mugis,
1849 4310 1864 4335 ‘
1887 4301 1953 4354 de
1977 4303 2102 4367 illo‚’
2122 4309 2178 4353 et
2197 4302 2213 4330 ‘
2230 4302 2298 4352 de
2320 4315 2406 4354 me
2429 4302 2668 4361 ὤκει-εἶ
