3017 4942
514 541 674 594 quam
694 526 909 593 quidam
932 525 1149 590 librarii,
1167 526 1250 576 vel
1273 540 1339 575 ex
1361 525 1588 576 oscitan-

517 606 616 667 tia,
641 606 723 656 vel
745 621 811 655 ex
834 600 1045 656 sinistro
1076 604 1369 668 corrigendi
1392 603 1586 660 studio,

517 682 985 746 praetermiserunt.
1065 680 1422 732 Usitatissima
1459 691 1587 730 sane

518 767 603 809 est
635 758 877 824 loquendi
907 757 1144 814 formula,
1181 759 1197 787 ‘
1219 755 1469 821 prodire‚'
1493 763 1586 806 aut

519 837 536 865 ‘
555 836 732 899 egredi
757 838 809 885 in
833 835 1134 899 publicum?
1198 835 1311 886 Cic.
1331 834 1395 883 ad
1419 833 1584 884 Atuc.

519 927 648 963 vm.
672 917 752 963 11.
787 917 802 942 ⁶
822 913 944 963 Scio
967 910 1244 977 equidem,’
1266 912 1450 976 inquit,
1489 917 1505 940 ‘
1532 917 1584 960 te

514 989 568 1039 in
594 989 859 1053 publicum
881 1003 983 1038 non
1011 986 1260 1051 prodire?
1326 989 1506 1051 Nepos
1532 988 1583 1037 in

516 1063 693 1116 Alcib.
715 1080 763 1115 c.
784 1069 832 1114 7.
857 1071 870 1093 ‘
887 1065 1312 1129 Quotiescunque
1337 1065 1387 1113 in
1413 1065 1580 1128 publi·

515 1156 636 1191 eum
669 1140 984 1204 prodiisset!
1050 1142 1120 1190 Et
1143 1140 1314 1189 Tacit.
1335 1141 1477 1191 Hist.
1503 1155 1581 1191 tv.

512 1222 597 1269 ⁴9.
633 1222 649 1248 ‘
672 1218 798 1269 Piso
822 1232 923 1267 non
957 1218 1008 1266 in
1045 1218 1308 1281 publicum
1343 1233 1580 1281 egressus

514 1294 634 1346 est.’
665 1293 1043 1358 Quidniigitur
1059 1295 1255 1344 Plinius
1272 1295 1454 1345 eodem
1475 1311 1581 1346 mo·

512 1370 791 1422 donamini
811 1370 1138 1420 substantivo
1158 1371 1581 1434 praepositionem

510 1446 799 1512 adjungere
823 1448 1013 1510 potuit,
1035 1455 1093 1497 ut
1116 1447 1329 1511 dixerit,
1349 1450 1581 1513 principis

509 1538 750 1586 egressum
771 1523 821 1573 ιἰι
844 1522 1120 1587 publicum?
1175 1525 1467 1584 ¹Secundum
1493 1527 1579 1580 Ci-

509 1614 750 1651 ceronem
796 1608 990 1664 autam,
1035 1601 1100 1650 de
1145 1601 1354 1653 lavent.
1409 1618 1449 1654 1.
1493 1609 1577 1656 27.

509 1685 525 1708 ‘
547 1679 827 1729 Publicum
849 1685 948 1740 est,
967 1678 1105 1742 quod
1130 1680 1314 1729 civitas
1337 1682 1579 1733 niniversa

506 1756 682 1820 aliqua
706 1756 772 1805 de
793 1771 975 1806 caussa
1000 1754 1338 1819 frequentat!
1389 1759 1539 1808 Idem.

574 1832 797 1882 Incidere
829 1832 957 1896 vius]
988 1831 1307 1882 Vocabulum
1335 1834 1437 1883 vias
1471 1849 1575 1885 non

507 1910 664 1973 pauci
705 1909 925 1958 omisere
959 1908 1217 1970 editores3
1256 1915 1486 1968 attamen
1522 1912 1572 1960 id

509 1992 835 2050 agnoverunt
870 1986 1284 2050 evulgaruntque
1308 1987 1576 2050 cuspinia-

505 2075 626 2126 nus,
671 2061 958 2125 Gryphius,
1009 2061 1310 2123 Sicbardus,
1353 2063 1577 2127 Lipsius,

507 2138 785 2201 Gruterus,
814 2138 1154 2194 Parisienses,
1189 2140 1575 2203 Berueggerus,

504 2215 760 2273 Hackius‚
815 2214 1049 2278 Hearne‚
1105 2216 1342 2275 Patarol,
1402 2217 1575 2280 Ceva;

504 2291 750 2356 idemque
806 2307 944 2344 nune
999 2293 1309 2344 confirmant
1362 2294 1574 2344 codices

502 2369 640 2419 Mss.
665 2370 924 2427 Vaticani,
961 2370 1289 2435 Parisiensis,
1318 2371 1574 2430 Venetus,

503 2445 932 2510 Salisburgensis‚
945 2448 1284 2512 Guelpberby
1292 2454 1464 2510 tanus,
1474 2462 1576 2500 me·

502 2538 585 2585 us,
607 2531 661 2574 et
687 2525 844 2574 Gudii
869 2525 1002 2574 liber
1027 2525 1240 2588 primus.
1307 2526 1574 2590 Frequens

504 2607 585 2650 est
622 2602 734 2652 baec
773 2602 978 2652 dicendi
1002 2603 1156 2659 ratio,
1176 2603 1320 2668 quasi
1345 2617 1375 2652 a
1400 2617 1456 2652 re
1478 2604 1572 2652 mi·

498 2675 639 2726 litari
667 2679 875 2742 petita;
906 2686 988 2727 est
1026 2679 1162 2728 enim
1198 2694 1457 2744 occupare
1482 2695 1572 2736 ‚se-

501 2751 694 2811 dendo,
720 2762 773 2804 et
802 2756 948 2821 quasi
973 2770 1036 2805 ex
1064 2756 1265 2805 insidiis
1286 2764 1571 2821 expectare

499 2839 898 2895 praetereuntes.
953 2835 1069 2890 Liy.
1104 2849 1186 2886 rx.
1219 2839 1301 2885 31.
1340 2837 1571 2898 ‘Ingens

498 2908 720 2966 bostium
770 2911 1036 2962 exercitus
1094 2913 1284 2962 itinera
1336 2914 1572 2964 occultus

498 2984 801 3035 insederat?
830 2988 1002 3036 Tacit.
1023 2987 1160 3036 Hist.
1181 3001 1260 3037 ιν.
1280 2991 1361 3036 35.
1385 2988 1398 3015 ‘
1422 2989 1571 3039 Prae-

497 3059 691 3124 missis,
713 3062 799 3124 qui
833 3068 1020 3124 pontes
1045 3068 1100 3110 et
1126 3063 1325 3110 viarum
1349 3069 1572 3126 augusta

499 3136 827 3186 insiderent-⁹
873 3138 944 3187 Et
968 3137 1158 3186 Aunal.
1178 3149 1256 3187 tv.
1279 3143 1328 3187 6.
1360 3139 1568 3190 ‘Quan-

497 3226 652 3276 quam
666 3214 920 3263 insideret
936 3213 1117 3264 urbem
1133 3215 1372 3278 proprius
1388 3215 1571 3268 miles!

501 3290 626 3354 Ipse
651 3291 851 3342 Plinius
874 3291 929 3342 iu
951 3291 1057 3342 boc.
1072 3291 1272 3358 Paneg.
1297 3289 1465 3341 adhuc
1488 3299 1572 3341 ter

498 3365 714 3416 verbum
760 3366 776 3394 ‘
803 3364 1067 3436 insidere'
1115 3370 1406 3417 construxit
1450 3382 1568 3418 cum

499 3456 626 3493 casu
673 3451 858 3507 quarto
883 3461 899 3503 ;
957 3458 1008 3506 v,
1055 3458 1105 3510 ς.
1149 3457 1197 3508 ¹⁶,
1230 3448 1280 3492 5.
1326 3457 1378 3492 v.
1420 3447 1469 3493 4.
1514 3451 1572 3495 et

497 3532 702 3580 xxxiv.
723 3524 774 3569 1.
842 3519 972 3570 Cum
1004 3511 1111 3583 jain
1150 3534 1232 3570 an.
1257 3524 1405 3570 1729.
1434 3521 1569 3571 haue

496 3597 776 3647 lectionem
809 3597 946 3647 inter
978 3597 1392 3656 Observationes
1429 3613 1569 3648 meas

495 3674 1372 3739 proposuissem,defendissemque
1389 3691 1405 3737 ς
1423 3675 1570 3725 Heu·

495 3764 671 3800 manu.
714 3750 897 3800 Poecil.
935 3758 1060 3800 tom.
1095 3763 1186 3800 ιιι.
1223 3750 1315 3799 lib.
1351 3763 1428 3814 ιν.
1465 3765 1569 3801 uon

497 3827 663 3875 solum
690 3840 874 3876 nomen
900 3827 1021 3886 vius,
1042 3826 1132 3876 sed
1157 3834 1215 3876 et
1242 3826 1457 3876 verbum
1493 3826 1570 3876 ιἰι-

492 3901 667 3962 sidere,
691 3903 920 3963 quamvis
943 3903 1039 3951 boe
1064 3904 1115 3950 in
1141 3902 1378 3952 omuibus
1406 3902 1568 3951 omui-

495 3990 564 4024 no
602 3976 747 4038 libris
784 3983 954 4039 extet,
982 3991 1195 4040 prorsus
1230 3976 1567 4041 rejiciendum

497 4052 731 4100 censuit:
767 4053 848 4101 eui
873 4054 981 4102 viro
1007 4054 1218 4106 doctiss.
1240 4063 1296 4102 ut
1328 4053 1565 4116 pluribus

494 4127 860 4196 respondeam,
883 4142 987 4176 nou
1010 4135 1088 4177 est
1115 4143 1277 4192 opus3
1312 4141 1426 4180 cum
1454 4132 1564 4192 jam

497 4202 564 4251 ab
603 4200 884 4258 Arutzenio
915 4202 976 4253 'in
1014 4204 1147 4255 viam
1186 4205 1260 4256 sit
1294 4204 1564 4259 reductus.

499 4278 649 4328 Idem.

1221 375 1443 434 NOTAE
1493 382 1588 433 VA
1601 381 1902 433 monum
1949 383 2032 434 IN

1726 525 1946 577 Incidere
1978 525 2105 589 vias,
2123 526 2373 594 examina]
2406 526 2621 579 Inridere
2642 541 2738 580 ex-

1658 603 1819 654 amina
1843 605 2011 656 Lirin.
2034 604 2128 656 sed
2149 606 2357 657 insidere
2389 606 2511 663 vias,
2543 606 2737 656 exami-

1658 692 1724 727 ιιιι
1745 680 1806 728 C.
1830 681 1899 729 G.
1931 682 2095 733 usin.
2130 683 2367 747 Optime.
2401 684 2649 736 Rittersh.

1723 757 1968 809 Examina
1989 759 2271 824 infantium]
2307 760 2352 810 Ι.
2373 775 2419 809 e.
2443 760 2729 810 multitudo

1660 839 1715 882 et
1739 834 1905 884 turbae
1931 834 2225 889 infantium.
2293 837 2469 887 Rudes
2504 837 2723 895 librarii,

1659 906 1711 955 iu
1748 910 1864 959 cod.
1909 910 2170 963 Vaticano
2198 917 2340 963 1475.
2377 920 2432 964 et
2467 914 2520 964 in
2549 915 2726 965 Vene-

1658 989 1714 1033 to
1744 988 2069 1051 seripserunt
2105 991 2343 1040 exanima.
2412 992 2725 1042 Catanaeus:

1653 1061 1671 1091 ‘
1691 1062 1961 1127 Verbum,'
1983 1066 2166 1131 iuquit,
2203 1068 2219 1096 ‘
2239 1075 2531 1131 opportune
2557 1073 2725 1117 trans·

1655 1138 1838 1205 latum,
1874 1156 1965 1205 pro
2006 1144 2342 1193 multitudine
2374 1158 2523 1193 πονε
2563 1144 2724 1206 prolis

1653 1216 1820 1268 instar
1857 1234 2047 1283 apum3
2080 1220 2310 1286 (Colum.
2343 1234 2422 1270 rx.
2444 1220 2520 1285 9.)
2539 1237 2725 1286 quam·

1656 1309 1808 1358 quam
1836 1296 2123 1347 Columella
2142 1297 2213 1361 (ι.
2233 1290 2314 1360 5.)
2335 1298 2494 1347 etiam
2519 1298 2585 1347 de
2608 1298 2724 1350 aliis

1654 1372 1960 1423 animalibus
1988 1374 2230 1423 examina
2255 1375 2479 1424 dixerit:
2516 1376 2532 1403 ⁸
2552 1377 2623 1425 Et
2646 1375 2724 1425 in-

1654 1441 1841 1504 festis:
1857 1450 2041 1514 inquit,
2062 1452 2078 1480 ⁸
2098 1451 2312 1513 aculeis,
2333 1458 2538 1502 armata
2557 1453 2726 1515 gignit

1654 1523 2051 1590 animalia,·quae
2077 1527 2127 1576 iu
2153 1541 2248 1576 nos
2282 1527 2606 1577 densissimis
2631 1544 2723 1578 ex·

1654 1603 1905 1653 ominibus
1938 1604 2167 1655 involant
2185 1604 2219 1663 3'
2238 1603 2252 1626 ⁹
2286 1605 2476 1655 culices
2502 1620 2725 1669 praeser-

1653 1680 1745 1729 tim
1780 1682 2094 1745 intelligens.
2160 1682 2293 1731 Inde
2325 1683 2484 1732 etiam
2519 1683 2721 1731 exerci-

1654 1763 1738 1807 tus
1771 1772 1801 1807 e
1827 1758 2111 1821 juvenibus
2142 1757 2418 1822 conflatus,
2441 1766 2497 1808 et
2529 1759 2723 1809 orienti

1652 1830 2037 1891 formidolosus,
2054 1841 2113 1884 ut
2137 1836 2404 1884 annotavit
2423 1835 2543 1887 Jac.
2571 1837 2723 1886 Dela

1652 1910 1851 1971 Ranae,
1872 1910 2117 1973 Horatio,
2140 1909 2245 1959 Od.
2266 1924 2303 1961 ι.
2320 1915 2402 1960 85.
2421 1915 2503 1961 30.
2526 1910 2723 1962 dicitur

1650 1984 1668 2013 ‘
1683 1986 1939 2037 Juvenum
1960 1981 2142 2036 recens
2162 2001 2377 2036 examen
2394 1987 2517 2036 Eois
2537 1987 2721 2037 timeu-

1650 2060 1774 2112 dum
1819 2061 2091 2125 partibus.'
2158 2063 2315 2113 Hane
2360 2063 2719 2126 metaphoram

1650 2138 1881 2189 imitatus
1915 2155 2119 2205 quoque
2143 2145 2226 2190 est
2250 2139 2463 2189 Latinus
2487 2140 2719 2190 Pacatus

1651 2213 1851 2278 Paueg.
1876 2229 1923 2264 e.
1948 2220 2031 2265 32.
2061 2216 2078 2244 ⁴
2098 2215 2294 2265 Omnes
2331 2216 2592 2279 Scytbicae
2628 2230 2721 2265 na·

1650 2292 1815 2342 tiones
1835 2292 1994 2343 tantis
2012 2292 2327 2342 examinibus
2346 2290 2720 2349 confluebant,’

1648 2370 1748 2418 &e.
1783 2368 1847 2418 In
1867 2368 2204 2434 sequentibus
2223 2367 2415 2428 verbis,
2433 2382 2526 2431 per
2548 2367 2719 2437 ‘futu-

1648 2458 1759 2494 rum
1794 2444 2074 2508 populum:
2096 2445 2435 2507 designantur
2467 2446 2484 2473 ‘
2513 2442 2718 2510 parvuli

1648 2519 1825 2582 cives,'
1859 2527 1918 2569 ut
1947 2521 2123 2583 paullo
2159 2528 2296 2584 post,
2319 2522 2346 2585 ξ
2369 2524 2418 2569 7.
2452 2520 2719 2572 dicuntur.

1647 2597 1911 2647 Livineius
1930 2596 2113 2654 refert,
2132 2612 2162 2646 a
2180 2598 2291 2647 viro
2312 2597 2537 2662 quodam
2559 2598 2718 2649 docto

1645 2675 1729 2725 hic
1762 2677 2050 2739 repositum
2078 2690 2190 2726 esse
2208 2675 2553 2740 fruitur-usque
2569 2692 2718 2741 popu-

1645 2751 1735 2801 lus·
1801 2752 1974 2802 Etiam
1996 2754 2047 2802 in
2066 2753 2316 2802 Vossiano
2343 2752 2475 2802 libro
2498 2759 2720 2803 annota-

1647 2834 1757 2878 tum
1803 2831 1996 2893 legitur
2036 2835 2316 2893 aturusque,
2352 2830 2515 2893 priori
2560 2830 2717 2881 litera

1647 2918 1797 2955 erasa
1822 2908 1903 2956 vel
1933 2906 2239 2957 obscurata:
2278 2906 2415 2969 quod
2441 2921 2536 2969 pro
2558 2913 2716 2956 matu·

1644 2997 1815 3047 rusque
1859 2985 2049 3034 lectum
2096 2999 2208 3034 esse
2247 2984 2450 3033 indicat
2490 2983 2718 3034 Arntze·

1645 3059 1779 3110 nius.
1832 3059 1933 3110 Sed
1962 3066 2148 3111 nostra>
2162 3061 2337 3120 lectio,
2360 3066 2415 3110 et
2438 3062 2718 3112 testatissi-

1643 3149 1748 3199 ma,
1771 3143 1825 3185 et
1848 3137 2071 3188 maxime
2095 3137 2282 3188 idonea
2307 3144 2405 3187 est.
2458 3138 2706 3189 Schwarz.

1711 3213 2015 3277 Fului-usque
2046 3215 2266 3277 populus]
2322 3215 2467 3265 Beue
2490 3215 2718 3279 fitturns,

1643 3301 1745 3337 nou
1770 3290 1905 3338 euim
1931 3291 2152 3354 populus
2175 3288 2420 3341 infantes.
2477 3292 2718 3343 Martial.

1646 3377 1723 3413 vr.
1759 3369 1811 3414 2.
1858 3366 2059 3415 ‘Lusus
2097 3375 2213 3415 erat
2250 3381 2413 3417 sacrae
2450 3367 2718 3420 connubia

1645 3437 1825 3488 fallere
1862 3441 2018 3497 tedae.
2042 3442 2207 3491 Lusus
2232 3449 2289 3492 et
2312 3443 2603 3508 immeritos
2626 3459 2716 3494 ex·

1644 3517 1839 3567 eruisse
1869 3533 2058 3569 mares.
2126 3520 2363 3584 Utraque
2389 3527 2445 3569 tu
2472 3521 2715 3585 prohibes

1646 3593 1841 3658 Coesar,
1862 3595 2168 3659 populisque
2201 3593 2390 3646 futuris
2417 3597 2715 3661 Sumus-ris,

1643 3672 1788 3721 nasci
1808 3686 1935 3736 quos
1954 3672 2065 3720 sine
2088 3670 2271 3720 fraude
2287 3670 2481 3733 jubes.’
2522 3673 2715 3723 Simili-

1640 3762 1747 3811 que
1763 3747 1967 3810 ,peccam
1988 3748 2235 3810 Virgilius
2256 3749 2454 3814 Georg.
2478 3763 2557 3799 ιν.
2592 3750 2714 3800 ridi-

1644 3825 1780 3886 cule,
1803 3824 1947 3889 (quis
1970 3830 2126 3888 neget
2141 3823 2185 3887 ἓ)
2213 3824 2277 3874 ab
2298 3825 2396 3875 bac
2420 3832 2597 3875 tamen
2622 3826 2713 3876 ob·

1641 3901 1937 3955 servatione
1962 3902 2013 3950 in
2047 3901 2234 3964 apibus
2270 3900 2424 3963 dixit,
2461 3904 2477 3929 ‘
2499 3916 2711 3966 parvos·

1640 3992 1742 4040 que
1775 3978 2006 4029 Quirites
2037 3975 2339 4029 sufficiunt.'
2408 3978 2601 4045 Itaque
2638 3989 2712 4032 te·

1641 4065 1780 4101 mere
1802 4052 1887 4101 hic
1912 4054 2197 4117 repositum
2224 4052 2331 4101 viro
2356 4053 2535 4113 docto,
2557 4058 2571 4084 ‘
2589 4055 2711 4105 frui·

1642 4135 1894 4192 ,tutusque
1920 4127 2178 4194 populus-³
2223 4129 2393 4180 Lirin.
2699 4175 2704 4184 ,

1709 4205 1967 4274 Ostentare
2001 4203 2250 4269 parvulos]
2291 4204 2521 4260 Doctiss.
2561 4207 2707 4260 Heu·

1638 4293 1875 4340 mannus,
1918 4283 1955 4331 l.
1994 4297 2041 4334 e.
2083 4280 2197 4333 haec
2241 4281 2460 4336 scribit:
2513 4284 2531 4313 ‘
2552 4283 2706 4350 Vide,
