3017 4942
464 388 596 462 518

465 572 592 609 num
633 552 1029 622 pecorumque.'
1093 552 1283 605 Amico
1324 551 1536 605 cuidam

466 635 522 685 iu
549 628 777 685 mentem
799 632 963 695 venit,
983 644 1051 682 an
1085 629 1223 681 forte
1257 644 1353 695 pro
1374 629 1537 681 verbo

466 715 729 775 exerceret,
760 723 947 761 nomen
980 707 1219 759 exercitus
1249 709 1322 759 sit
1354 707 1537 757 rescri-

468 786 716 846 bendum,
747 793 809 838 nt
844 784 1131 850 generatim
1167 799 1264 849 pro
1298 785 1536 834 multitu·

467 862 594 914 dine
625 864 822 928 ingenti
860 864 1185 928 accipiunt-3
1228 868 1383 928 prout
1417 862 1536 911 Vir·

470 942 599 1007 gilio
620 941 820 1002 Georg.
853 955 894 992 ι.
922 946 1039 992 382.
1075 941 1273 993 dicitur
1303 939 1540 991 ‘exerci-

470 1025 556 1069 tus
599 1016 940 1068 corvorum?’
1008 1017 1162 1068 Unde
1198 1031 1305 1067 vox
1341 1017 1539 1067 abactas

468 1093 724 1146 evaderet
772 1095 1131 1159 participium,
1169 1108 1289 1146 cum
1333 1094 1537 1144 Plinius

469 1172 546 1222 sic
578 1172 850 1235 scripsisse
884 1173 1051 1222 videri
1095 1180 1289 1236 posset,
1317 1186 1424 1221 aas
1453 1168 1538 1222 ab·

465 1253 604 1299 actas
624 1247 864 1314 hospitum
885 1250 1143 1307 exereitus,
1163 1249 1431 1313 omniaque,
1451 1251 1537 1314 ξι.

469 1326 792 1391 Coujectura
820 1342 923 1378 non
960 1328 1189 1391 indigua,
1211 1342 1328 1392 qnae
1350 1341 1539 1378 memo·

466 1410 633 1451 retur.
710 1404 901 1469 Neque
944 1405 1121 1456 Plinio
1177 1405 1402 1455 insolens
1456 1408 1540 1454 est

469 1478 686 1543 ἔλλειψις
708 1481 853 1531 verbi
876 1481 1214 1545 substantivi,
1234 1482 1392 1533 etiam
1417 1487 1540 1546 post

470 1555 776 1608 adverbium
818 1575 942 1609 cuns.
1018 1560 1124 1618 Ita,
1169 1573 1217 1609 v.
1260 1574 1314 1624 g.
1355 1559 1541 1609 scribit

470 1634 644 1699 Epist.
668 1646 796 1686 vm.
820 1640 899 1687 14.
926 1640 979 1686 7.
1007 1635 1026 1663 ‘
1050 1636 1165 1687 Nos
1189 1637 1411 1700 ,iuvenes
1441 1633 1542 1684 fui-

467 1725 582 1761 mns
604 1711 816 1778 quidem
841 1712 894 1762 in
926 1714 1146 1774 castris3
1180 1713 1289 1773 sed,
1313 1726 1429 1763 cnm
1454 1728 1540 1764 su-

467 1794 648 1851 spects
676 1789 862 1850 virtus,
885 1789 1074 1839 inertia
1106 1790 1162 1838 in
1185 1790 1388 1853 pretio;
1422 1802 1539 1839 cnm

468 1864 689 1914 ducibus
712 1866 993 1915 auctoritas
1015 1866 1176 1928 nulla,
1198 1866 1340 1915 nulla
1363 1867 1541 1916 militi-

468 1939 568 1990 bus
592 1940 928 2006 verecundia,
958 1955 1210 2009 nusquam
1247 1943 1541 2008 imperium,

470 2028 720 2082 nusquam
774 2018 1096 2084 obsequium,
1136 2019 1312 2070 omnia
1348 2021 1542 2083 soluta,

469 2093 699 2150 turbata.
736 2101 894 2159 atque
929 2096 1086 2146 etiam
1123 2096 1175 2145 in
1218 2099 1540 2148 eontrarium

467 2170 658 2221 versa.'
723 2171 817 2234 At,
839 2186 956 2222 cum
983 2173 1182 2231 Cortio,
1215 2175 1268 2224 in
1304 2177 1440 2225 notis
1473 2176 1541 2227 ad

470 2247 643 2311 Epist.
665 2262 794 2299 vui.
815 2252 896 2300 24.
960 2249 1142 2307 Plinii,
1170 2259 1386 2316 propter
1420 2268 1542 2304 anc-

469 2327 736 2377 toritatem
774 2328 969 2379 eodicis
1002 2329 1327 2394 Guelplterb.
1363 2333 1540 2394 placu-

469 2405 594 2468 erit,
617 2405 712 2456 boc
745 2405 861 2457 loco
889 2407 1244 2472 reponendum
1267 2410 1543 2473 hospitium,

469 2491 625 2547 prout
648 2484 920 2549 aliquando
938 2487 954 2514 ⁸
972 2485 1266 2539 civitatium
1281 2486 1296 2508 ’
1318 2503 1411 2552 pro
1432 2492 1448 2519 ⁸
1468 2489 1541 2539 ei·

472 2559 694 2610 vitatum
711 2560 726 2582 ’
747 2560 969 2624 dicitur3
1002 2569 1131 2613 tunc
1154 2578 1252 2627 ego
1275 2564 1400 2614 mibi
1426 2563 1542 2615 fere

469 2635 707 2699 religioni
738 2635 1325 2702 ducerem,buJusmodi
1360 2641 1541 2691 archa·

468 2713 678 2774 ismum,
708 2714 790 2762 vel
826 2715 998 2778 potius
1031 2715 1272 2767 mendum
1303 2717 1541 2769 librario·

467 2803 605 2849 rum,
627 2787 910 2839 obtrudere
933 2791 1069 2839 velle
1091 2790 1287 2843 Plinio.
1323 2793 1476 2844 Idem.

533 2863 773 2929 Abactus]
808 2868 955 2916 Dura
978 2881 1094 2932 vox,
1120 2868 1187 2918 ab
1214 2875 1230 2898 ‘
1248 2867 1511 2933 abigendo
1528 2866 1542 2892 ⁹

471 2941 733 3006 derivata,
770 2948 826 2993 et
868 2942 1049 2993 durior
1088 2945 1271 2995 modus
1315 2944 1545 2998 dicendi.

469 3020 668 3070 Sensus
710 3025 809 3081 est,
844 3021 976 3071 Cum
1018 3023 1274 3086 abigeret,
1306 3024 1404 3075 hoc
1444 3033 1547 3092 est,

469 3098 783 3161 expelleret,
816 3112 848 3147 a
881 3099 1107 3164 propriis
1138 3100 1340 3151 laribus
1369 3101 1546 3168 hospi-

473 3178 575 3223 tes.
613 3173 833 3222 Palm-ol.

535 3248 752 3300 Aboctus
782 3250 1047 3315 hospitum]
1081 3253 1392 3306 Quomodo?
1428 3256 1543 3307 bos-

471 3325 610 3391 pites
636 3327 831 3391 abegit,
850 3342 916 3377 an
944 3342 1029 3378 res
1061 3337 1218 3395 atque
1253 3335 1546 3387 animantes

471 3404 686 3455 eorum?
725 3403 949 3457 fortasse
983 3415 1038 3457 et
1078 3422 1256 3460 servos
1293 3419 1384 3462 aut
1417 3413 1542 3463 libe·

470 3496 578 3542 ros,
595 3482 832 3532 hostilem
851 3482 904 3533 in
929 3496 1145 3536 morem.
1182 3487 1322 3551 Lips.

544 3560 631 3615 Vi·
664 3561 852 3627 aliqua]
890 3563 1135 3627 Hostilia,
1169 3580 1236 3616 an
1270 3571 1328 3618 et
1360 3567 1543 3618 coeles·

473 3638 581 3689 tis?
613 3638 763 3689 Idem.

544 3716 633 3767 Vis
651 3717 839 3783 aliquo]
874 3717 1081 3771 Quaerit
1105 3716 1330 3785 Lipsius,
1357 3721 1542 3772 ‘bosti-

469 3794 622 3852 lisne,
645 3808 711 3843 an
745 3796 976 3845 coelestis
998 3796 1077 3846 vis
1096 3796 1111 3819 ⁹
1139 3797 1206 3848 sit
1242 3797 1541 3862 intelligen-

452 3864 586 3919 'da?
647 3869 751 3921 Sed
805 3872 1149 3923 hostilitatem
1205 3874 1541 3926 barbarorum

471 3943 673 3997 Plinius
697 3945 971 4010 distinguit
993 3947 1058 3998 ab
1077 3949 1174 4000 hac
1191 3950 1241 4000 vi
1264 3949 1538 4001 devastan-

474 4027 549 4072 te.
616 4021 808 4078 Credo,
846 4024 1129 4088 significari
1173 4029 1393 4094 aliquam
1436 4029 1540 4079 vim

473 4096 724 4155 divinam,
756 4099 960 4162 qualem
997 4100 1240 4156 Annibali
1274 4106 1326 4155 in
1362 4107 1540 4170 quiete

472 4174 640 4225 visam
673 4179 853 4224 narrat
883 4174 994 4225 Liv.
1016 4178 1243 4230 xx1.‘22.
1275 4181 1364 4232 nbi
1398 4183 1543 4245 dicit,

476 4264 596 4304 eum
615 4251 633 4281 ⁸
648 4249 857 4309 vidisse,
878 4259 996 4314 post
1014 4267 1069 4302 se
1087 4264 1385 4321 serpentem
1408 4259 1543 4308 mira

474 4324 856 4394 magnitudine,
893 4341 1014 4379 cum
1053 4329 1258 4396 ingenti
1300 4333 1546 4385 arborum

1168 404 1387 463 801·AE
1434 404 1848 458 vammum
1897 404 1979 457 m

1612 566 1674 604 ac
1699 553 2039 617 virgultorum
2077 558 2277 619 strage,
2299 551 2449 617 ferri,
2468 551 2532 606 ac
2555 558 2680 619 post

1611 629 1812 695 insequi
1850 644 1972 681 cum
2010 628 2222 697 fragore
2247 632 2381 689 ‚coeli
2412 632 2677 696 nimbum3

1612 713 1744 771 tum,
1768 721 1884 771 qum
1919 706 2098 766 moles,
2121 708 2310 774 quidve
2336 710 2558 775 prodigii
2595 726 2677 761 es-

1607 791 1712 843 set,
1740 793 2083 847 quaerentem,
2113 784 2335 848 audisse,
2360 787 2677 838 vastitatem

1610 861 1781 912 Italiae
1819 861 1985 912 essa-⁹
2048 863 2163 913 Cic.
2201 863 2267 914 da
2300 863 2479 914 Divin.
2513 878 2555 916 ι.
2591 866 2678 916 24.

1611 937 1750 988 idem
1783 945 1983 996 narrat,
2019 940 2304 1006 traditque,
2339 947 2449 993 tum
2477 940 2679 992 ‘Anni-

1609 1015 1716 1066 bali
1742 1017 1904 1067 visam
1938 1016 2146 1066 beluam
2169 1026 2389 1081 vastam,
2407 1025 2465 1068 et
2495 1018 2677 1069 imma·

1609 1107 1749 1151 nem,
1811 1093 2256 1156 circumplicatam
2331 1094 2683 1160 serpentibus,

1612 1182 1915 1237 quacunque
1941 1169 2229 1235 incederet,
2249 1171 2420 1223 omnia
2442 1170 2680 1234 arbusta,

1610 1246 1860 1312 virgulta,
1893 1253 2056 1308 tecta,
2090 1256 2417 1311 pervertere,
2449 1254 2504 1298 et
2538 1262 2678 1315 quae⁶

1610 1325 1748 1375 renti
1779 1324 1948 1374 Deum
1977 1323 2333 1388 respondisse,
2354 1323 2680 1375 vastitatem

1613 1414 1728 1452 esse
1751 1399 1966 1452 Italiae!
2031 1401 2163 1450 Tala
2194 1401 2294 1450 iter
2316 1409 2527 1466 tamque
2550 1410 2683 1452 nox·

1612 1474 1719 1529 ium
1753 1476 2024 1531 transitum
2060 1475 2242 1526 Verris
2276 1475 2529 1527 describit
2566 1477 2681 1528 Cic.

1613 1555 1667 1605 in
1688 1555 1844 1605 Verr.
1862 1568 1900 1603 ι.
1917 1557 1997 1605 17.
2012 1552 2109 1603 ‘Ut
2130 1554 2228 1603 iste
2250 1554 2447 1607 Verres
2470 1552 2680 1620 profec-

1615 1639 1701 1683 tus
1740 1642 1839 1690 est,
1874 1646 2182 1698 quacunque
2223 1633 2325 1682 iter
2364 1632 2512 1697 feeit,
2547 1633 2683 1698 ejus«L

1614 1710 1750 1760 modi
1770 1708 1891 1772 fuit,
1913 1724 2013 1760 uon
2036 1718 2096 1760 ut
2127 1711 2335 1773 legatus
2372 1710 2552 1774 populi
2575 1710 2683 1761 Re·

1613 1787 1774 1851 mani,
1797 1787 1889 1837 sed
1913 1793 1969 1837 ut
1991 1786 2232 1852 quaedam
2256 1787 2540 1846 calamitas,
2560 1801 2684 1853 per·

1614 1864 1806 1916 vadere
1830 1863 2137 1916 videretur?
2199 1864 2377 1931 Atque
2409 1863 2538 1914 ibid.
2562 1878 2684 1931 caps

1614 1946 1697 1993 ³8.
1718 1950 1734 1973 ⁸
1751 1944 1859 1994 Per
1883 1942 2093 2006 omnes,’
2114 1943 2307 2009 inquit,
2328 1945 2344 1970 ‘
2361 1949 2537 2008 partes
2562 1956 2684 2007 pro-

1616 2022 1822 2085 vineiae,
1845 2028 1919 2083 te,
1943 2030 2188 2087 tanquam
2217 2022 2441 2087 aliquam
2475 2021 2684 2072 calami-

1614 2103 1778 2149 tosam
1813 2105 2198 2162 tempestatem,
2219 2106 2542 2164 pestemque,
2565 2111 2686 2163 per-v

1617 2176 1829 2239 vasisse,
1866 2165 2205 2227 demonstro!
2270 2177 2410 2239 dam,
2441 2176 2505 2232 si,
2542 2181 2683 2226 teste

1616 2252 1727 2302 Cic.
1749 2253 1878 2304 Nat.
1914 2255 2073 2303 Deor.
2093 2266 2180 2302 m.
2201 2256 2284 2303 25.
2318 2253 2476 2303 etiam
2509 2252 2685 2318 perui·³

1616 2329 1766 2379 ciosis
1803 2329 1979 2392 rebus,
2003 2337 2059 2381 ut
2094 2329 2272 2387 Febri,
2291 2340 2347 2379 et
2371 2330 2531 2380 Malae
2556 2330 2683 2380 For-

1618 2413 1778 2471 tunoe,
1814 2420 2002 2458 nomen
2035 2408 2285 2463 Deorum,
2315 2411 2371 2456 et
2391 2406 2470 2457 vis
2503 2405 2685 2458 divina

1616 2484 1971 2546 tribueretur;
2005 2485 2127 2550 quid
2154 2486 2204 2533 ni
2238 2485 2337 2534 bue
2368 2484 2525 2534 etiam
2549 2483 2685 2534 refe-¹

1616 2570 1817 2623 rantur,
1855 2562 2106 2620 vastitas,
2147 2561 2450 2624 calamitas,
2485 2562 2684 2619 Pestis,

1616 2638 1959 2704 Tempestas?
1995 2640 2080 2688 De
2113 2639 2455 2702 Tempestate
2488 2637 2686 2690 diserte

1620 2714 1779 2764 Ovid.
1822 2715 1962 2765 Fast.
2001 2729 2082 2766 vt.
2131 2719 2244 2767 193.
2289 2722 2305 2745 ‘
2330 2715 2407 2765 Te
2459 2727 2685 2780 quoqne,

1614 2791 1940 2856 Tempestas,
1987 2792 2223 2842 meritam
2281 2791 2498 2842 delubra
2550 2791 2688 2843 fate-

1617 2867 1770 2918 mur.’
1806 2869 2051 2919 Schmun-z.
2677 2878 2690 2913 l

1627 2988 1634 2995 ,
1686 2944 1819 3001 Quos
1845 2945 2103 3011 fugiebat]
2144 2946 2315 3002 Adde.
2351 2960 2471 3011 quae
2508 2958 2689 3008 supra,

1619 3020 1687 3071 de
1712 3022 1854 3072 falsis
1874 3024 1985 3087 ejus
2009 3024 2263 3074 victoriis.
2314 3021 2526 3073 Acerba
2547 3021 2689 3072 enim

1618 3106 1675 3150 et
1693 3101 1807 3150 haec
1833 3101 1884 3150 in
1908 3101 2285 3164 Domitianum,
2310 3108 2421 3151 tota
2452 3099 2552 3149 hac
2573 3113 2689 3150 ora*

1621 3176 1764 3226 tione
1799 3178 2069 3230 materiem
2103 3178 2297 3227 ictibus
2329 3176 2689 3239 Plinianis,et

1621 3254 1828 3319 sagittis
1852 3270 2086 3318 scopum.
2120 3254 2258 3318 Lips.

1684 3329 1982 3393 Iuciderenl]
2029 3331 2359 3382 Philomusus
2400 3328 2569 3380 edidit
2606 3330 2688 3380 in-

1617 3410 1854 3458 cederent.
1921 3409 2039 3457 Non
2061 3407 2194 3457 male
2217 3406 2284 3457 de
2306 3406 2427 3457 Diis
2450 3412 2507 3457 et
2529 3406 2690 3457 rebus

1619 3485 1824 3535 divinis.
1851 3476 1864 3481 ’
1893 3486 2025 3536 Nam
2062 3485 2138 3535 sic
2172 3485 2356 3549 Virgil.
2379 3485 2495 3535 AEn.
2529 3498 2572 3534 1.
2599 3488 2688 3534 46.

1617 3559 1752 3611 ‘Ast
1787 3576 1906 3625 ego,
1943 3576 2062 3626 qna».
2094 3562 2290 3611 Divum
2326 3558 2516 3610 incedo
2552 3562 2691 3623 regi·

1619 3652 1708 3699 na,
1745 3638 1995 3702 Jovisque
2039 3638 2108 3686 Et
2153 3651 2299 3687 soror
2335 3644 2391 3688 et
2436 3635 2690 3702 conjux.'

1616 3718 1707 3768 Ita
1740 3717 1898 3765 etiam
1929 3714 2042 3765 Cic.
2066 3715 2102 3764 1.
2126 3728 2173 3764 c.
2206 3714 2362 3779 dixit,
2386 3712 2591 3763 beluam
2627 3715 2691 3765 il-

1619 3793 1737 3855 lam,
1770 3790 2015 3843 Annibali
2051 3793 2103 3840 in
2138 3790 2340 3840 somnio
2375 3791 2555 3854 visam,
2593 3805 2690 3841 seu

1623 3870 1936 3921 vastitatem
1962 3870 2157 3932 Italiae,
2176 3871 2192 3899 ‘
2210 3884 2517 3935 quacunque
2544 3872 2689 3921 ince⁶

1619 3946 1821 4005 deret,’
1862 3946 2038 3997 omnia
2085 3947 2424 4010 pervertisse.
2503 3947 2592 3997 Sic
2634 3950 2694 3996 et

1616 4025 1784 4074 Tacit.
1825 4021 2013 4072 Annal.
2050 4035 2139 4071 ιιι.
2176 4025 2261 4072 26.
2305 4022 2321 4050 ‘
2347 4020 2694 4086 Postquam,'

1616 4101 1807 4166 inquit,
1828 4100 1981 4150 ‘exui
2018 4099 2305 4163 aequalitas,
2340 4105 2411 4163 et,
2442 4115 2539 4164 pro
2577 4115 2690 4150 mo·

1617 4180 1788 4229 destia
1806 4193 1868 4228 ac
1892 4178 2112 4242 pudore,
2140 4177 2354 4228 ambitio
2375 4183 2431 4227 et
2451 4179 2526 4227 vis
2546 4177 2693 4227 ince-

1617 4254 1811 4317 debat,'
1841 4258 1942 4305 &c.
2009 4254 2207 4303 Verum
2243 4259 2434 4312 tamen,
2468 4261 2692 4318 propter

1616 4345 1923 4385 eonsensum
1965 4336 2049 4382 tot
2079 4329 2349 4396 librorum,
2378 4330 2551 4382 locum
2591 4329 2698 4383 ade
