3017 4942
794 376 862 438 e.
906 384 1154 439 rainu
1202 378 1537 438 saeui-tm
1590 386 1872 439 ranae.
1946 368 2138 438 1.73.

357 547 482 585 cum
501 547 655 584 nemo
678 540 803 586 tnnc
826 541 1019 587 metum
1048 535 1203 587 dorne
1223 535 1427 588 catule·

356 612 433 661 rit
446 626 463 674 ς
476 625 701 675 canique
718 627 899 664 omnes
914 613 1099 678 reliqui
1115 612 1252 670 libri,
1265 613 1427 676 scrip·

356 689 403 738 ti
449 690 651 753 pariter
694 699 855 757 atque
900 692 1158 755 impressi,
1201 693 1428 743 habeant

354 767 582 830 amictu,
621 783 685 818 ac
722 783 842 819 cum
878 776 1136 832 preterea
1169 768 1451 833 exemplis,

356 851 585 901 constet,
627 845 889 895 Romanos
931 845 998 896 sd
1042 842 1262 896 affectus
1303 859 1424 894 suos

356 919 710 971 ostendendos
741 921 900 972 variis
927 920 1287 975 occasionibus
1312 934 1424 971 ves·

353 995 579 1046 timeuta
607 1011 702 1046 sua
725 997 930 1061 jactare
952 1006 1011 1048 et
1032 1000 1319 1048 concutere
1341 1011 1423 1047 so-

352 1071 481 1123 litos
503 1087 640 1125 ease.
706 1075 826 1126 Non
851 1080 933 1142 est
953 1088 1103 1139 ergo,
1125 1088 1219 1125 eur
1239 1074 1424 1126 lectio·

351 1163 475 1200 nem
501 1151 760 1213 vulgatam
783 1150 1100 1201 deseramus.
1149 1151 1239 1202 Sic
1262 1149 1422 1203 Ovid-

354 1224 539 1275 Amor.
594 1239 686 1276 ιιι.
734 1230 815 1277 ll.
872 1230 956 1277 ⁷³.
1016 1240 1164 1292 seqq.
1206 1227 1424 1286 indicat,

352 1300 636 1365 aliquando
682 1303 1027 1367 jactationem
1084 1310 1318 1368 togarum
1368 1303 1424 1355 ia

351 1379 669 1441 spectaculis
688 1381 817 1431 circi
835 1383 1002 1432 locum
1021 1379 1279 1440 habuisse,
1298 1381 1423 1431 dum

250 1502 255 1505 .
351 1471 404 1508 e.
440 1472 493 1522 g.
536 1467 866 1522 spectatores
907 1458 1207 1524 significare
1246 1460 1423 1509 velue·

350 1535 482 1598 rint,
519 1535 743 1586 inertem
794 1536 1106 1600 agitatorem
1149 1533 1422 1601 quadriga·

351 1625 473 1661 rum
502 1615 848 1664 revocandum
871 1626 989 1664 esse
1012 1627 1043 1662 a
1063 1625 1250 1665 cursu:
1283 1612 1300 1641 ⁸
1325 1612 1422 1662 Fa·

348 1688 520 1748 vimus
563 1690 782 1755 ignav03
836 1691 928 1741 sed
980 1704 1097 1739 eum
1154 1696 1421 1746 revocate,

353 1765 613 1830 Quirites,
653 1768 724 1818 Et
763 1767 889 1817 date
925 1765 1148 1830 jactatis
1189 1764 1421 1830 undique

351 1842 505 1907 signa
544 1843 699 1908 togis.
776 1844 856 1893 Eu
899 1840 1181 1893 revocanti
1235 1851 1311 1904 at,
1352 1855 1419 1892 nc

351 1918 536 1969 turbet
565 1927 688 1984 toga
709 1928 850 1969 mota
873 1919 1109 1984 capillos,
1127 1917 1195 1969 Iu
1216 1925 1420 1969 nostros

349 1995 513 2046 abdas
537 2003 593 2046 te
617 1997 741 2046 licet
763 2011 926 2061 nsque
953 1993 1136 2046 sinus.’
1197 1996 1287 2047 Sic
1301 1997 1420 2060 jaim

351 2072 481 2122 tatio
513 2078 751 2137 togarum
786 2073 992 2137 signum
1026 2072 1339 2137 expiationis
1362 2080 1421 2125 et

350 2148 698 2215 displicentiae
723 2149 884 2200 fuisse
909 2149 1134 2200 videtur.
1197 2149 1420 2201 Martia·

348 2226 415 2275 lis
433 2242 660 2293 quoqne,
694 2241 823 2278 xm.
850 2231 932 2279 99.
969 2227 1187 2291 respicit
1220 2242 1419 2278 morem

346 2310 587 2368 togarum
606 2305 658 2355 in
677 2306 882 2357 theatro
891 2305 1210 2368 jactatarmn
1224 2319 1241 2354 2
1275 2308 1291 2335 ‘
1308 2306 1418 2356 De-

345 2382 563 2440 licium‚'
594 2384 779 2448 inquit,
812 2388 1009 2446 ‘parvo
1043 2382 1262 2433 donabis
1297 2382 1417 2432 dor·

349 2460 483 2509 cada
511 2460 664 2522 nato;
697 2460 928 2511 Jsctatis
959 2461 1095 2509 solet
1130 2460 1265 2509 lianc
1300 2459 1417 2509 mit·

350 2542 469 2585 tere
492 2535 644 2585 turba
667 2535 842 2599 togis.’
907 2535 1011 2586 Qui
1037 2548 1217 2584 versus
1247 2535 1418 2598 paullo

347 2612 690 2674 obscuriores,
708 2612 1003 2674 interprete
1014 2613 1142 2663 Oct.
1161 2613 1423 2678 Fer-ratio,

347 2687 418 2737 de
441 2690 520 2738 Re
541 2690 690 2739 Vest.
716 2702 780 2739 ιι.
802 2693 886 2739 34.
920 2689 1216 2753 significare
1241 2689 1417 2740 viden·

345 2759 781 2821 tui-(dorcadum,
816 2765 926 2814 sive
961 2765 1186 2824 damam,
1224 2766 1416 2816 animal

276 2878 292 2885 -
344 2843 607 2905 timidum,
630 2844 683 2893 iu
705 2858 875 2894 aream
913 2843 1147 2908 missum,
1165 2844 1307 2895 nullo
1329 2859 1416 2895 ca-

343 2932 470 2970 num
498 2926 719 2983 terrore,
741 2919 831 2969 sed
855 2920 965 2970 sola
987 2917 1223 2984 togarum
1240 2921 1416 2984 jacta·

345 2998 510 3054 tione,
531 2997 785 3058 agitatum
807 3011 922 3045 esse
943 3010 976 3045 a
996 2996 1416 3060 spectatoribns3

345 3074 434 3123 vel
488 3073 673 3123 ludicri
716 3086 901 3123 caussa
945 3071 1250 3136 dorcadem,
1296 3073 1415 3123 sub-

336 3149 493 3212 jecta
538 3155 681 3212 toga,
722 3154 778 3198 et
812 3149 1040 3212 jactata,
1085 3147 1136 3196 in
1193 3147 1415 3200 sublime

342 3225 554 3275 missam
593 3239 728 3274 esse.
793 3224 916 3274 Sed·
939 3223 1220 3288 aliquando
1257 3226 1412 3276 etiam

343 3300 503 3349 moris
540 3299 660 3365 fuit,
697 3307 774 3356 nt,
811 3313 911 3362 pro
948 3299 1153 3349 diversa
1188 3298 1412 3351 vestium

342 3377 575 3427 motione
612 3386 669 3427 et
705 3377 1007 3439 agitatione,
1039 3376 1415 3440 compellaren-

344 3461 434 3503 tur
452 3447 510 3504 et
532 3453 914 3503 advocarentur
945 3452 1002 3514 ii,
1031 3453 1121 3517 qui
1157 3454 1414 3505 accedere

341 3539 401 3581 et
421 3532 605 3582 adesse
619 3529 956 3594 jubebantur.
990 3530 1082 3579 Sic
1099 3529 1282 3593 Virgil.
1302 3531 1417 3580 AEn.

345 3618 472 3658 vm.
496 3612 528 3658 7
536 3612 614 3657 11.
638 3620 788 3671 seqq.
837 3607 1015 3656 Nilum
1041 3606 1259 3670 inducit,
1279 3605 1416 3671 fugi.

342 3693 494 3736 entes
518 3692 575 3734 et
598 3683 763 3733 victos
793 3683 1015 3732 vestium
1049 3682 1335 3745 agitatione
1358 3689 1416 3735 et

342 3768 488 3810 motu
524 3758 590 3809 ad
623 3773 679 3807 se
715 3766 1027 3808 vocantem:
1060 3757 1295 3808 ‘Contra
1324 3773 1413 3809 au·

344 3837 493 3902 tem,'
514 3835 706 3898 inquit,
728 3835 744 3862 ‘
764 3848 950 3897 magno
973 3840 1274 3883 moerentern
1298 3846 1414 3884 cor-

342 3913 473 3978 po‘re
492 3913 696 3968 Nilum,
720 3910 1151 3973 Pandentemque
1173 3910 1334 3974 sinus,
1358 3917 1415 3962 et

342 3995 462 4038 tota
502 3993 649 4036 veste
702 3994 976 4035 vocantem
1025 3984 1314 4034 Coerulenm
1361 3985 1414 4035 iu

338 4062 598 4127 'gremium
643 4060 1010 4125 latebrosaque
1050 4057 1262 4108 flumina
1305 4061 1414 4110 vic-

342 4139 466 4191 tos!
496 4142 503 4159 ⁷
532 4137 734 4190 Aduaec
776 4136 1066 4200 agitatione
1104 4141 1162 4186 et
1202 4150 1414 4187 concus-

340 4219 484 4266 sione
510 4214 730 4264 vestium
755 4213 981 4262 dabatur
1015 4212 1292 4275 aliquando
1315 4213 1413 4263 eti·

342 4307 427 4342 am
467 4284 669 4357 signum
707 4287 1066 4340 admirationis
1101 4295 1159 4337 et
1195 4290 1413 4353 applau-

2434 369 2567 441 937

1499 544 1607 587 aaa·
1648 532 2027 598 Sic-Eunaplas
2049 533 2100 583 in
2118 531 2330 586 Juliano
2353 532 2566 598 Sophis-

1502 615 1578 665 ta,
1598 623 1719 674 pag.
1736 614 1848 661 129.
1870 608 2054 673 refert,
2072 610 2431 673 proconsulem
2456 608 2566 662 Ro·

1497 699 1727 748 manum,
1750 700 1960 750 gravem
1985 686 2236 750 judicem,
2256 685 2565 739 admiratum

1499 762 1848 828 eloquentiam
1914 762 2216 829 Proui-esu,
2279 763 2565 822 exsiluisse,

1498 837 1747 902 plausisse
1763 838 2025 902 manibus,
2038 846 2094 888 et
2112 844 2424 902 praetextam
2440 853 2566 891 cou-

1497 915 1742 976 cussisse,
1765 915 1979 979 juvenis
2007 915 2072 966 sd
2107 930 2321 971 morem.
2386 918 2563 969 Etiam

1497 993 1602 1044 Dis
1626 994 1838 1045 Cassius
1870 993 1961 1043 lib.
1991 1006 2110 1043 ικι.
2145 1007 2264 1058 pag.
2294 996 2411 1043 699.
2443 1007 2562 1043 nar·

1497 1076 1602 1133 rat,
1634 1069 1849 1121 Nerone
1886 1069 1940 1118 in
1975 1070 2232 1119 theatrum
2269 1083 2568 1134 progresso,

1494 1145 1675 1197 babitu
1698 1144 1997 1210 citharoedi,
2030 1160 2094 1196 ac
2129 1145 2337 1209 publice
2372 1159 2565 1197 cauen-

1496 1229 1572 1279 te‚
1602 1229 1772 1273 totum
1805 1222 2056 1286 populum
2091 1227 2438 1287 spectantem,
2472 1222 2562 1273 ad·

1496 1306 1787 1358 mirationis
1820 1306 2116 1374 favorisque
2154 1304 2388 1358 testandi
2418 1320 2566 1357 caus·

1496 1399 1575 1447 ss,
1611 1385 1862 1449 plausisse
1903 1385 2163 1442 manibus,
2196 1390 2251 1434 et
2288 1382 2567 1434 vestimen·

1496 1460 1583 1510 tis.
1650 1461 1929 1524 Pracipue
1965 1466 2141 1511 autem
2174 1459 2398 1524 ingentis
2430 1461 2564 1510 loeti·

1496 1536 1586 1588 tio
1621 1537 1867 1588 indicium
1897 1535 2001 1587 fuit
2027 1537 2256 1601 jactatio
2292 1543 2563 1601 togarum·;

1496 1613 1634 1678 quod
1659 1627 1725 1664 ex
1757 1612 1858 1664 hoc
1891 1614 2007 1664 loco
2031 1613 2192 1663 Plinii
2217 1619 2386 1676 patet,
2405 1626 2563 1677 quem

1495 1689 1730 1740 imitatus
1763 1704 1879 1740 ease
1911 1689 2120 1740 videtur
2142 1689 2488 1740 Mamertinus
2509 1689 2565 1739 in

1495 1765 1650 1817 Grat.
1681 1765 1807 1817 Act.
1835 1765 2052 1818 Juliano
2085 1766 2224 1829 Aug.
2247 1779 2295 1817 c.
2314 1769 2398 1818 ⁸9.
2436 1765 2567 1816 ‘v-i·

1492 1842 1702 1905 dimus,'
1743 1842 1927 1907 inquit,
1968 1850 1984 1874 ⁶
2010 1843 2262 1911 attonitos
2289 1843 2565 1893 'admiran-

1494 1920 1624 1971 tium
1660 1921 1859 1985 vnltus,
1892 1919 2234 1971 miultiformes
2271 1922 2562 1971 latentium

1492 2003 1680 2060 status,
1700 1998 1875 2048 varios
1897 2011 2174 2062 corporum
2198 2002 2388 2048 motus.
2442 1997 2563 2049 cla·

1492 2088 1663 2126 moses
1707 2075 2003 2125 inconditos
2052 2072 2409 2139 profundebat
2450 2075 2563 2126 lau·

1492 2149 1653 2202 dandi
1710 2147 1878 2201 effusa
1930 2150 2177 2200 libertast
2235 2149 2565 2215 tripudiabat

1493 2227 1692 2278 crebris
1740 2228 1960 2279 saltibus
2005 2227 2304 2278 multitudo.
2368 2228 2563 2279 Nimio

1492 2305 1696 2355 latitia
1716 2303 1925 2355 decoris
1948 2309 2072 2355 sunt
2091 2313 2149 2355 et
2173 2304 2446 2367 gravitatis
2469 2303 2566 2355 im·

1493 2394 1770 2431 memores.
1822 2380 1921 2430 Illa
1939 2380 2170 2445 jactatio
2194 2389 2453 2445 togarum,
2476 2380 2564 2431 illa

1492 2457 1754 2507 exultatio
1771 2470 2068 2520 corporum,
2084 2457 2431 2524 nescientibus
2453 2469 2559 2521 pae-

1493 2546 1562 2581 ne
1582 2532 1896 2596 hominibus,
1922 2531 2272 2583 excitabatur.
2338 2533 2565 2585 omnem

1493 2608 1801 2659 modestiam
1842 2607 2042 2671 populi,
2077 2620 2279 2657 emnem
2312 2619 2565 2657 verecun-

1491 2684 1631 2734 diam
1673 2685 1774 2745 tui,
1813 2684 2004 2748 gaudia
2045 2680 2242 2733 effrena
2280 2695 2563 2748 superave-

1493 2760 1649 2813 rant.'
1713 2762 1805 2811 Sic
1848 2760 2002 2810 hodie
2044 2759 2321 2824 aliquando
2363 2759 2563 2823 rideas,

1491 2838 1546 2888 in
1571 2837 1782 2902 publiea
1805 2837 2104 2905 soleuuique
2136 2835 2345 2893 loetitia,
2370 2835 2562 2886 multos

1491 2928 1524 2963 e
1559 2915 1715 2979 plebe
1749 2915 1914 2977 pileos
1948 2927 2069 2963 suos
2103 2913 2157 2962 in
2195 2910 2415 2962 sublime
2441 2912 2563 2976 jac·

1488 2997 1626 3042 tare.
1690 2990 1829 3044 Quin
1865 2990 2025 3041 etiam
2063 2989 2202 3054 apud
2226 2995 2432 3040 veteres
2456 3001 2562 3040 non

1489 3082 1750 3133 nunquam
1767 3066 1989 3118 vestium
2008 3066 2231 3131 jactatio
2248 3079 2278 3116 e
2296 3065 2561 3117 contrario

1489 3153 1663 3196 metus
1698 3151 1755 3195 et
1794 3144 2165 3216 indignationis
2202 3143 2406 3207 siguum
2440 3141 2561 3193 fuit.

1493 3221 1616 3271 Huc
1652 3218 1902 3282 refertur,
1942 3221 2076 3284 qnod
2115 3221 2167 3270 in
2209 3219 2329 3272 Act.
2367 3221 2561 3285 Apost.

1493 3309 1643 3346 xxti.
1680 3300 1764 3346 28.
1805 3296 2040 3360 legimus,
2077 3296 2285 3360 piebem
2324 3296 2560 3361 impiam,

1489 3386 1612 3424 cum
1626 3372 1876 3441 audiisset
1897 3371 2073 3421 divum
2090 3372 2332 3422 Paullum
2352 3372 2563 3423 Hebra-

1490 3449 1573 3502 ice
1608 3450 2023 3511 concionantem,
2058 3447 2469 3512 indignationem
2504 3457 2563 3502 et

1491 3527 1811 3579 iracundiam
1835 3541 1979 3575 snam
2012 3527 2338 3577 vestimentis
2372 3526 2471 3577 hac
2496 3527 2561 3578 il·

1489 3601 1575 3652 lac
1596 3603 1817 3666 jactatis
1849 3601 2157 3665 prodidisse.
2219 3601 2394 3651 Taceo
2414 3616 2562 3656 [nnnc

1489 3678 1595 3728 alia
1635 3680 1896 3742 exempla.
1963 3679 2171 3742 Itaque,
2212 3691 2309 3743 pro
2355 3677 2562 3729 diverso

1479 3754 1849 3816 Jactandarum
1876 3755 2095 3804 vestium
2132 3754 2305 3817 modo,
2328 3754 2561 3806 diversa·

1490 3845 1592 3896 que
1613 3845 1813 3886 caussa,
1846 3831 2005 3880 etiam
2039 3829 2359 3880 diversorum
2398 3829 2560 3883 affec·

1490 3913 1637 3957 tuum
1661 3905 1910 3956 indicium
1933 3904 2034 3955 fuit
2055 3906 2312 3970 ejusmodi
2339 3909 2560 3960 vestium

1481 3984 1725 4049 jactatio.
1790 3983 1926 4033 Vide
1960 3983 2152 4034 Franc.
2178 3985 2558 4038 Bet-nardinum

1492 4060 1786 4111 Ferrarium
1807 4058 1872 4109 de
1889 4060 2140 4109 Veterum
2156 4060 2559 4114 Acclamationi·

1488 4138 1585 4188 bus
1608 4144 1665 4188 et
1688 4137 1903 4199 Plausu,
1926 4151 1989 4188 tt.
2012 4141 2061 4185 6.
2099 4137 2253 4187 Idem.

1557 4214 1673 4263 Non
1711 4211 1937 4275 amictas]
1972 4213 2319 4264 Mamertinus
2352 4214 2556 4267 Juliaui

1488 4288 1829 4343 laudatione:
1871 4292 1886 4321 ⁴
1912 4289 2103 4342 Nimia
2127 4290 2326 4343 laetitiae
2350 4291 2556 4345 decoris
