3017 4942
471 367 605 437 668

478 543 552 579 ιω
581 534 642 579 et
673 526 963 589 distracta,
990 541 1054 577 ac
1085 528 1235 594 quasi
1271 528 1548 581 mutilstte.

476 606 645 655 Patre
678 605 817 654 enim
851 603 1069 654 civitate
1104 605 1319 664 donato,
1355 619 1452 656 nec
1475 605 1544 655 si-

476 681 585 731 mul
594 681 717 744 jura
734 678 1097 744 cognationum
1116 687 1418 742 consecuto,
1433 678 1547 742 tilii,

478 772 542 811 ac
574 757 736 808 multo
769 758 933 821 magis
968 757 1054 806 alii
1091 757 1319 820 cognati,
1349 763 1405 806 et
1428 756 1544 806 vice

476 850 649 893 versa,
670 850 765 898 pro
788 834 1048 884 extraneis
1083 841 1140 884 et
1174 834 1356 884 alienis
1388 832 1544 883 habe-

481 913 691 978 bantur,
710 912 944 978 adeoque
977 913 1055 962 sic
1088 910 1300 962 familiae
1331 918 1388 962 et
1417 925 1543 974 gen·

478 989 700 1040 tilitates
736 989 898 1039 veluti
934 988 1316 1039 mutilabantur
1346 994 1400 1037 et
1436 986 1544 1037 dis-

476 1064 840 1116 trahebantur.
922 1064 986 1115 In
1023 1064 1235 1115 vocibus
1272 1066 1288 1094 ‘
1315 1062 1545 1128 sparsae’

476 1147 536 1191 et
558 1149 573 1171 ‘
591 1139 816 1204 laceroe,’
830 1142 1041 1204 elegans
1064 1142 1196 1190 latet
1215 1141 1542 1208 metaphora.

472 1215 711 1266 Verbum
751 1217 767 1244 ‘
793 1231 1040 1281 spargere
1065 1215 1082 1241 '
1120 1217 1329 1281 proprie
1373 1216 1542 1267 locum

474 1293 639 1344 habet
659 1293 712 1342 iu
731 1292 1031 1350 seminibus,
1047 1300 1105 1342 et
1130 1294 1273 1358 aquis
1294 1306 1545 1356 spargen-

476 1369 592 1432 dis;
628 1370 818 1420 deinde
852 1369 917 1419 sd
954 1370 1115 1419 multa
1151 1371 1256 1421 alia
1291 1368 1544 1422 transfer·

474 1453 580 1498 tur.
632 1447 832 1498 Auctor
855 1445 918 1497 ad
945 1446 1183 1496 Herenn.
1205 1461 1286 1497 tv.
1310 1450 1361 1495 2.
1387 1446 1403 1475 ‘
1423 1446 1544 1497 Hoc

472 1521 643 1588 ipsum
685 1538 937 1574 summum
993 1531 1075 1574 est
1115 1522 1412 1579 artificium,
1457 1537 1543 1573 res

472 1601 642 1650 varias
663 1607 719 1650 et
739 1600 995 1664 dispares,
1019 1601 1071 1648 iu
1105 1604 1183 1649 tot
1217 1598 1543 1663 poematibus

471 1683 532 1726 et
560 1676 882 1730 orationibus
918 1690 1144 1741 sparsas,
1180 1684 1237 1726 et
1273 1690 1404 1739 vage
1440 1674 1543 1724 dis·

463 1753 657 1816 jectas,
691 1753 971 1817 diligenter
1003 1751 1238 1816 eligere!
1304 1754 1416 1803 Liv.
1450 1752 1543 1803 lib.

473 1841 705 1879 xxxvu.
736 1844 854 1893 cap.
884 1833 964 1879 13.
998 1831 1014 1858 ⁴
1033 1830 1279 1893 Sparsam
1314 1837 1541 1894 tempes-

473 1912 587 1956 tate
611 1907 827 1956 classem
854 1904 1020 1957 vidit.’
1077 1907 1220 1957 Fest.
1244 1908 1260 1935 ‘
1282 1906 1541 1957 lacerum'

438 2007 442 2014 ·
472 1980 683 2044 dicitnr,
713 1982 729 2009 ‘
749 1982 1095 2048 quodcunque
1130 1983 1181 2032 iu
1215 1997 1436 2048 corpore
1458 1990 1544 2036 est

470 2056 848 2109 imminutum.’
914 2059 1071 2109 Hanc
1113 2074 1316 2121 vocem,
1362 2062 1439 2111 uti
1484 2069 1541 2113 et

470 2132 686 2182 verbum
715 2131 731 2160 ‘
751 2133 1033 2196 dispersit,’
1058 2135 1154 2184 Sil.
1176 2135 1302 2186 Ital.
1321 2150 1400 2187 tv.
1420 2140 1538 2187 646.

471 2209 745 2273 eleganter
770 2210 1038 2260 transtulit
1058 2210 1124 2260 ad
1151 2225 1370 2271 amnem,
1390 2213 1539 2276 euj'us

473 2285 551 2336 vis
573 2300 826 2351 aquarum
853 2286 1174 2346 diminuitur,
1198 2297 1255 2338 et
1277 2291 1541 2354 spargitur

471 2362 528 2412 iu
552 2364 724 2413 varios
750 2364 905 2419 rivos,
929 2362 1051 2412 inde
1080 2365 1364 2417 deductos:
1401 2369 1416 2396 ‘
1444 2368 1539 2418 La·

471 2453 651 2489 cerum
692 2455 784 2503 per
820 2440 1021 2490 Gallica
1062 2441 1186 2490 rivis
1220 2443 1536 2508 Dispergam

471 2530 611 2581 rurs,
659 2525 819 2579 atque
859 2518 1024 2567 amuis
1065 2518 1163 2568 tibi
1203 2521 1409 2570 nomina
1446 2520 1535 2571 de·

470 2591 646 2648 mam?
704 2594 857 2646 Idem.

529 2669 763 2735 Spmas]
796 2671 1122 2723 Transitione
1144 2672 1242 2724 hac
1264 2672 1318 2723 in
1351 2673 1534 2726 eivita-

470 2753 597 2799 tem.
645 2748 786 2813 Lips.

470 2867 477 2870 .
534 2824 926 2891 Impueandique]
976 2827 1052 2877 Ut
1087 2841 1248 2894 supra
1282 2840 1450 2880 xxm.
1481 2832 1533 2879 3.

467 2898 788 2951 inscribendi
870 2901 1133 2966 beneficii,
1182 2903 1534 2968 ⁸demerendi.

469 2974 626 3026 Idem.

472 3099 479 3104 .
535 3053 903 3118 Impueanaiqu
923 3055 1197 3119 mater-iam]
1229 3055 1279 3106 1.
1299 3072 1347 3108 e.
1366 3065 1534 3109 mate-

466 3127 597 3178 riam
633 3129 766 3178 bene
799 3130 1056 3191 merendi,
1078 3139 1133 3181 et
1157 3133 1272 3183 loco
1294 3133 1533 3186 beneficii

465 3204 816 3258 adscribendi.
885 3207 968 3256 De
1007 3209 1168 3259 verbo
1206 3210 1535 3274 ‘imputare,’

468 3280 592 3331 vide
623 3296 780 3346 supra
809 3282 875 3332 ad
906 3296 1006 3334 xx.
1027 3289 1078 3335 2.
1147 3285 1293 3336 Alias
1326 3288 1533 3339 axioma

464 3358 735 3422 politicum
754 3366 854 3420 est,
867 3359 1092 3424 principi
1109 3361 1349 3412 crebram
1375 3364 1530 3413 bene-

460 3432 686 3485 faciendi
707 3437 1035 3488 occasionem
1068 3452 1182 3489 esse
1212 3441 1531 3505 amplecten-

464 3509 602 3568 dam.
634 3511 882 3563 Schmun.

526 3586 622 3639 Dii
641 3586 906 3652 dedissent]
943 3588 1156 3646 Nescio,
1178 3605 1280 3655 quo
1298 3590 1451 3644 modo
1471 3592 1530 3643 in

457 3661 536 3713 lais
559 3663 729 3714 verbis
750 3673 1022 3714 commune
1054 3664 1293 3716 mendum
1330 3663 1531 3730 aliquot

458 3741 731 3804 occuparit
754 3740 962 3790 codices
996 3741 1130 3791 Mss.
1165 3757 1352 3805 nempe
1375 3745 1530 3795 Vati·

460 3826 645 3863 canum
671 3819 818 3865 14⁷6.
882 3815 1252 3880 Parisiensem,
1275 3818 1530 3869 Salisbur·

460 3906 693 3957 gensem,
738 3899 793 3942 et
840 3891 1029 3942 librum
1073 3894 1416 3959 Vossiauum3
1469 3896 1527 3947 in

456 3968 645 4033 quibus
669 3968 907 4018 omnibus
927 3968 1238 4019 vocabulum
1261 3971 1356 4021 Dii
1386 3986 1526 4038 prae·

455 4046 774 4096 termissnmz
791 4046 1171 4111 Salisburgensi
1191 4057 1365 4101 tamen
1386 4059 1528 4117 post·

454 4121 654 4173 liminio
699 4121 1018 4187 adscriptum
1062 4130 1160 4176 est.
1237 4128 1327 4178 Sic
1371 4138 1429 4181 et
1471 4131 1526 4180 in

459 4196 645 4250 codice
685 4191 893 4249 Veneto
935 4199 1127 4265 legitur
1163 4206 1287 4269 qaod
1316 4220 1410 4268 nou
1441 4209 1526 4260 de-

457 4272 625 4326 diuet.
670 4272 839 4326 Idem.

1171 384 1392 437 NOTAE
1436 382 1851 436 vammum
1901 386 1982 466 {N

1684 528 1887 580 Sorores
1905 528 2034 580 estis
2045 533 2095 580 et
2104 526 2317 592 fratres]
2351 523 2440 579 Ita
2457 526 2596 580 huuc
2610 527 2690 579 lo·

1620 618 1736 654 cum
1763 603 2141 656 restituendum
2165 604 2364 660 censui,
2385 605 2534 654 nixus
2564 618 2691 655 auc·

1621 680 1838 731 toritste
1859 681 2099 732 codicum
2121 681 2510 737 vaticanorum,
2529 680 2694 732 Guel-

1620 756 1951 821 pherbytani,
1992 757 2115 807 libri
2145 757 2405 821 Vossiani‚
2436 764 2495 806 et
2531 753 2690 819 primi

1617 831 1866 883 Gudiani.
1936 832 2037 895 Ac,
2075 847 2385 899 quamquam
2424 832 2591 883 ceteri
2627 831 2691 880 li·

1616 909 1700 960 bri
1741 925 1917 961 omnes
1955 911 2188 962 habeant
2226 911 2424 962 Sorores
2465 910 2601 973 estis,
2638 913 2690 959 et

1607 985 1793 1051 freter,
1812 1003 1931 1039 aeus
1952 994 1999 1039 et
2020 994 2246 1052 nepeta,-
2282 988 2457 1038 nescio
2488 995 2690 1047 tamen,

1617 1076 1713 1114 cur
1730 1079 1973 1116 numerus
1991 1066 2269 1129 singularis
2289 1064 2691 1134 commisceatur

1617 1153 1734 1189 cum
1767 1153 1984 1191 numero
2018 1140 2385 1191 multitudinis.
2470 1138 2690 1189 Nullum

1615 1216 1703 1268 hic
1759 1231 1988 1281 agnosco
2043 1216 2394 1268 necessarium
2450 1215 2690 1266 ordinem

1615 1298 1835 1357 nature,
1855 1301 1913 1345 ut
1937 1308 2071 1344 unus
2103 1291 2271 1344 frater
2298 1300 2354 1343 et
2389 1293 2571 1357 plnres
2607 1306 2693 1344 so·

1616 1383 1780 1433 rores,
1814 1384 1946 1421 unus
1971 1385 2113 1421 -avus
2149 1377 2206 1421 et
2237 1371 2412 1433 plures
2445 1375 2690 1433 nepotes,

1615 1460 1826 1512 semper
1859 1447 1914 1497 iu
1947 1446 2160 1498 familia.
2177 1447 2407 1497 existant
2425 1462 2441 1505 ;
2474 1460 2597 1496 cum
2619 1460 2691 1495 a·

1614 1538 1720 1588 que
1758 1524 1919 1575 facile
1951 1524 2067 1575 fieri
2103 1524 2289 1590 possit,
2312 1530 2371 1573 ut
2402 1537 2506 1574 una
2539 1536 2693 1573 soror

1615 1605 1672 1650 et
1694 1598 1870 1663 plures
1891 1598 2105 1663 fratres,
2138 1614 2267 1649 unus
2304 1613 2466 1663 nepos
2496 1605 2556 1649 et
2585 1598 2692 1648 duo

1615 1675 1717 1732 avi,
1743 1683 1994 1739 paternus
2018 1690 2206 1737 nempe
2229 1681 2285 1726 et
2306 1683 2590 1735 maternus,
2610 1688 2691 1724 re·

1615 1751 1903 1816 pariantur.
1935 1751 2382 1808 Quemadmodum
2398 1751 2562 1813 igitur
2578 1750 2690 1800 Pli-

1612 1828 1700 1878 nio
1724 1828 1937 1891 placnit,
1963 1828 2060 1879 sub
2082 1829 2285 1884 initium
2301 1827 2456 1891 hujus
2480 1826 2693 1890 capitis,

1614 1905 1727 1955 haic
1743 1907 1917 1957 omnia
1940 1907 2149 1964 nomina
2165 1905 2493 1971 cognationis
2515 1917 2696 1962 11an

1615 1994 1673 2031 ro
1697 1983 1947 2046 singulari
1977 1983 2294 2047 exprimere,
2314 1997 2431 2033 cnm
2467 1980 2693 2043 diceret,

1616 2064 1632 2104 .‘
1652 2059 1810 2110 Cavit
1840 2060 2141 2123 imperator,
2164 2066 2222 2110 ut
2244 2060 2296 2109 in
2319 2057 2510 2109 sororis
2539 2057 2690 2108 bonis

1612 2132 1804 2199 frater,
1824 2143 1882 2186 et
1900 2145 2104 2194 contra,
2126 2137 2181 2188 in
2202 2136 2381 2187 fratris
2413 2149 2582 2199 soror,
2604 2142 2688 2186 ut·

1614 2226 1715 2277 que
1747 2226 1875 2263 avus
1913 2222 1970 2265 et
2005 2215 2124 2266 avia
2156 2215 2212 2266 in
2241 2215 2415 2278 neptis
2447 2212 2687 2277 nepotis·

1611 2304 1734 2355 que,
1754 2301 2088 2342 servarentur
2110 2293 2361 2342 immunes
2377 2289 2412 2350 3'
2445 2290 2523 2340 ita
2546 2303 2688 2341 nune

1615 2366 1662 2414 ei
1695 2366 1861 2417 visum
1883 2367 2005 2430 fuit,
2028 2367 2167 2426 forte
2190 2366 2454 2418 variandoe
2490 2367 2690 2418 oratio·

1611 2440 1691 2492 nis
1725 2457 1923 2504 caussa,
1954 2444 2136 2494 eadem
2161 2445 2372 2496 nomina
2394 2443 2687 2507 generatim

1610 2519 1818 2568 nomine
1839 2519 2180 2570 multitudinis
2201 2519 2515 2583 exprimere.
2567 2518 2687 2569 Nec

1613 2604 1873 2657 preterea
1916 2595 2098 2645 babuit
2140 2594 2480 2656 Arntsenius‚
2521 2599 2585 2644 ut
2627 2595 2685 2645 in

1610 2670 1707 2722 hac
1749 2672 2114 2724 emendatione
2162 2672 2373 2723 dubiam
2419 2671 2683 2722 Latinita-

1611 2755 1717 2798 tem
1743 2750 1917 2799 nescio
1937 2765 2091 2813 quam
2115 2756 2405 2799 vereretur.
2440 2749 2598 2797 Idem.

1680 2825 1811 2883 Quid
1831 2831 1903 2876 est
1925 2840 2058 2890 ergo,
2084 2840 2170 2875 eur
2202 2823 2405 2889 rogetis]
2443 2824 2578 2882 Quid
2609 2829 2685 2876 est

1607 2916 1741 2966 ergo,
1761 2918 1849 2953 car
1879 2903 2052 2966 egetis.
2120 2902 2329 2952 Vitiosa
2365 2916 2468 2965 qua
2502 2902 2684 2960 lectio,

1610 2994 1711 3043 qua
1732 2980 2018 3031 distinctio.
2084 2977 2148 3028 In
2170 2979 2241 3027 V.
2264 2977 2401 3041 lego,
2432 2992 2521 3026 ear
2546 2978 2683 3040 rega·-

1607 3056 1690 3121 ts's,
1710 3058 1794 3120 &a
1861 3055 2063 3119 Aperte
2086 3067 2268 3104 verum
2290 3061 2392 3115 est,
2418 3069 2508 3103 car
2539 3069 2681 3119 roge·

1607 3134 1690 3190 tis,
1710 3139 1765 3183 at
1781 3132 1921 3183 sitis?
1967 3131 2110 3181 Vobis
2129 3130 2262 3181 estis.
2320 3130 2512 3180 Paullo
2533 3139 2680 3194 ante,

1607 3208 1697 3259 ubi
1742 3218 1829 3259 est
1874 3209 2078 3259 Sorores
2119 3207 2253 3272 estis,
2293 3207 2519 3258 emenda
2560 3222 2679 3260 meo

1603 3285 1857 3349 periculo,
1882 3284 2034 3334 Soror
2052 3285 2188 3335 estis.
2234 3284 2405 3335 Lirin.

1675 3362 1778 3412 Gur
1816 3359 2021 3425 rogetis]
2073 3360 2301 3412 Omnino
2347 3376 2549 3426 verum,
2593 3378 2680 3414 cur

1602 3438 1806 3501 rogetis,
1829 3439 2066 3489 Livineio
2087 3453 2294 3505 quoque
2320 3439 2501 3489 visum.
2558 3441 2678 3491 Dis·

1606 3515 1788 3579 tingue
1832 3523 2028 3580 antem,
2068 3531 2155 3566 cnr
2190 3517 2391 3579 rogetis,
2427 3522 2484 3566 sat
2521 3515 2678 3570 sitis?

1602 3591 1735 3641 vobis
1768 3591 1909 3641 estis.-
1941 3591 2087 3657 quasi
2121 3591 2287 3653 dicat,
2316 3600 2374 3642 et
2407 3591 2534 3641 estis
2570 3590 2677 3643 fra·

1604 3675 1730 3724 tres,
1752 3675 1809 3717 et
1843 3666 1987 3716 vobis
2020 3668 2149 3717 estis
2188 3674 2426 3729 tantum;
2459 3682 2563 3719 non
2588 3668 2675 3720 fis-

1603 3759 1687 3807 co,
1707 3744 1797 3809 qui
1822 3744 1895 3793 nil
1910 3744 2024 3807 jam
2048 3743 2306 3808 decerpit.
2339 3745 2475 3809 Lips.

1673 3821 1778 3870 Cur
1795 3818 2001 3883 rogetis]
2037 3818 2336 3883 Legebatur
2358 3823 2407 3869 in
2433 3821 2672 3873 omnibus

1602 3895 1717 3946 fere
1744 3910 1829 3947 cur
1846 3892 2038 3959 egetis?
2069 3901 2124 3946 ut
2144 3896 2269 3945 sitis.
2331 3895 2419 3947 Sic
2460 3899 2671 3961 reposui

1602 3972 1770 4024 fretus
1805 3972 2119 4023 auctoritate
2162 3971 2450 4023 editionum
2493 3975 2669 4028 Gene-

1603 4052 1856 4113 veusium,
1901 4059 1959 4103 et
1998 4054 2308 4118 conjectura
2341 4054 2569 4106 Livineii
2607 4071 2668 4108 ac

1602 4129 1782 4192 Lipsii.
1828 4129 2050 4182 Patarol.

1675 4203 1815 4254 Vobis
1837 4205 1975 4269 estis]
2012 4205 2319 4271 Cogitabam
2337 4205 2581 4275 primum,
2598 4224 2665 4261 an

1600 4279 1741 4336 forte
1764 4280 2024 4333 exciderit
2053 4284 2357 4351 propositio
2387 4301 2439 4351 a,
2474 4291 2532 4337 ut
2564 4288 2665 4353 legi
