3017 4942
481 384 613 454 658

480 559 600 613 quas
622 557 726 595 non
758 539 901 605 nulli,
923 537 1089 603 Epist.
1112 551 1167 591 x.
1187 540 1271 588 46.
1290 540 1377 586 65.
1394 538 1450 585 et
1470 536 1556 586 85.

481 624 787 675 observasse
810 617 909 668 sibi
932 616 1023 668 visi
1044 619 1182 665 sunt.
1215 614 1370 664 Idem.

552 701 617 751 Ia
650 693 915 757 civitatem]
949 695 1014 743 Iu
1038 694 1235 743 civitate
1263 690 1391 741 edit.
1415 687 1554 739 Rbe-

481 791 606 830 nan.
630 776 723 827 sed
747 775 799 823 ia
819 772 1079 822 civitatem.
1113 768 1301 819 Faber.

548 851 794 917 Beneficio
826 845 1080 912 principis]
1119 846 1253 895 Nam
1283 843 1394 907 jam
1428 839 1554 891 olim

480 930 650 983 libera
673 944 784 992 rep.
808 928 1148 990 imperatores
1167 922 1439 972 civitatem
1465 920 1554 970 da·

483 1007 635 1065 bant,
669 1004 762 1056 sed
799 1012 857 1053 ut
895 1001 1118 1065 populus
1159 997 1426 1050 firmaret:
1465 995 1553 1061 qui

484 1100 592 1137 non
617 1083 781 1147 magis
808 1095 943 1130 nunc
971 1077 1244 1144 princeps?
1300 1076 1552 1127 Crebrum

488 1169 623 1218 erat,
645 1169 701 1210 ct
735 1157 897 1208 Plinii
932 1156 1131 1220 aliquot
1163 1152 1396 1217 epistolae
1430 1157 1554 1204 sunt

483 1238 578 1289 lib.
618 1250 675 1288 x.
715 1234 900 1301 quibus
940 1233 1206 1283 civitatem
1240 1228 1422 1280 amicis
1461 1234 1554 1278 aut

424 1331 429 1336 ·
486 1315 767 1367 clientibus
797 1313 904 1364 suis
945 1311 1147 1376 petit-a
1177 1308 1425 1380 Trojano,
1460 1305 1553 1356 im·

485 1399 790 1459 petratque.
821 1390 961 1453 Lips.
1498 1435 1503 1439 ,

551 1468 795 1535 Βεκςίίσίο
829 1466 1083 1532 principis]
1138 1463 1279 1514 Olim
1324 1462 1557 1514 Romana

487 1547 674 1602 civitas
728 1544 988 1609 suffragiis
1051 1542 1230 1608 populi
1284 1540 1504 1590 dabatur
1538 1554 1553 1589 ε

482 1634 672 1690 postea
706 1624 1050 1687 imperatores
1078 1635 1145 1671 ex
1177 1618 1372 1683 placito
1396 1623 1557 1681 atque

487 1703 808 1753 auctoritate
830 1714 943 1749 eam
966 1697 1252 1752 contulere.
1291 1695 1511 1758 Potarol.

557 1778 796 1844 Beneficio
815 1774 1069 1842 principis]
1099 1773 1352 1836 Exempla
1374 1771 1558 1820 civita-

486 1857 559 1909 tis
582 1857 850 1918 Romauae,
872 1852 1131 1904 beneficio
1162 1848 1414 1914 principis
1436 1862 1559 1898 cone

487 1948 670 1992 cessae,
705 1931 938 1996 suggerit
974 1931 1090 1993 ipse
1128 1927 1268 1980 Plin.
1303 1926 1472 1990 Epist.
1503 1937 1562 1974 x·

486 2016 539 2063 4.
560 2017 612 2061 5.
633 2016 685 2060 6.
705 2013 791 2060 22.
812 2012 897 2058 23.
923 2011 1035 2057 105.
1050 2012 1106 2055 et
1130 2008 1244 2054 107.
1279 2004 1528 2054 Solimus.

558 2085 876 2152 Cogitationis
885 2083 1027 2147 juro]
1061 2083 1100 2132 i.
1120 2097 1170 2131 e.
1178 2083 1304 2147 jura
1320 2076 1560 2137 familiai,

489 2166 665 2231 qualia
696 2170 867 2224 eraut,
889 2168 950 2211 ut
983 2158 1136 2209 liberi
1168 2162 1345 2207 essent
1377 2157 1431 2205 in
1468 2171 1560 2220 po·

486 2248 684 2295 testate
710 2240 902 2304 patria,
923 2243 985 2287 ut
1004 2241 1180 2286 essent
1213 2235 1267 2284 in
1290 2234 1452 2285 sacris
1476 2234 1561 2282 iis-

384 2373 397 2385 ,
488 2317 633 2379 dem,
665 2325 726 2368 ut
763 2322 978 2381 possent
1011 2313 1150 2378 patri
1187 2312 1346 2361 etiam
1382 2311 1449 2360 ab
1484 2311 1563 2360 in·

487 2402 688 2447 testato
730 2391 1033 2449 succedere,
1073 2393 1176 2440 διο.
1249 2388 1367 2438 Nisi
1423 2388 1560 2437 enim

488 2473 583 2523 illa
598 2473 723 2537 ,iura
743 2469 895 2520 simul
919 2483 1037 2519 cum
1061 2467 1277 2518 civitate
1308 2467 1562 2523 Romana,

490 2557 583 2601 aut
623 2562 873 2610 seorsum,
918 2551 1040 2610 post
1083 2544 1241 2600 illam.
1277 2542 1564 2608 impetrata

489 2631 668 2677 essent
698 2640 729 2675 a
761 2623 1020 2688 principe,
1049 2627 1193 2684 tunc,
1214 2627 1337 2670 ante
1360 2620 1561 2670 Nervoe

492 2709 548 2754 et
567 2702 780 2766 ‘trajani
811 2699 1234 2754 constitutiones,
1256 2697 1376 2747 novi
1401 2697 1566 2757 cives,

490 2786 743 2845 tanquam
798 2776 1122 2838 alienissimi,
1177 2774 1291 2825 istis
1352 2771 1564 2836 juribus

491 2857 634 2907 baud
691 2855 1018 2917 fruebantur,
1071 2851 1275 2903 etiamsi
1326 2848 1566 2915 proximo

495 2933 662 2999 gradu
686 2938 863 2983 essent
885 2930 1170 2994 conjuncti.
1238 2928 1406 2978 Erant
1428 2928 1567 2976 enim

497 3026 564 3063 ea
606 3011 731 3076 jura
786 3010 998 3074 propria
1049 3007 1333 3058 veteribus.
1412 3005 1569 3055 Unde

497 3089 627 3141 mibi
664 3100 966 3152 persuasum
1002 3084 1188 3146 babeo,
1220 3083 1422 3148 quoties
1460 3082 1571 3133 Pli-

498 3165 621 3217 nius
643 3180 674 3215 a
692 3164 916 3228 Trajano
938 3162 1153 3226 petierit
1188 3174 1289 3211 non
1319 3160 1494 3222 nullis,
1521 3174 1569 3210 v.

501 3257 556 3307 g.
583 3241 866 3305 iatraliptae
888 3255 1001 3297 suo,
1023 3240 1149 3288 item
1175 3237 1375 3287 libertis
1405 3236 1571 3286 Anto·

498 3319 607 3369 niae
651 3316 975 3373 Maximillae‚
1009 3316 1180 3379 Epist.
1215 3328 1274 3364 x.
1311 3317 1360 3364 4.
1395 3320 1452 3363 et
1486 3316 1571 3363 22.

501 3395 623 3460 ‘jus
662 3393 1009 3455 Quiritium;’
1053 3407 1170 3443 eum
1211 3391 1377 3441 videri
1420 3391 1574 3440 simul

500 3473 608 3525 ista
638 3473 963 3537 cognationis
997 3470 1123 3534 jura
1160 3469 1406 3534 petiisse,
1446 3483 1573 3534 quo-

501 3553 606 3603 ties
628 3567 753 3603 vero
786 3551 1094 3616 simpliciter
1118 3550 1334 3615 petierit
1355 3556 1372 3580 ⁸
1391 3548 1578 3598 civita·

501 3636 613 3680 tem
633 3629 955 3686 Romanam:
978 3635 1103 3678 tunc
1132 3640 1250 3676 cum
1284 3626 1338 3675 in
1375 3623 1578 3687 vulgari

502 3708 758 3773 principis
778 3706 1103 3771 indulgentia
1123 3701 1479 3755 concedenda
1502 3702 1577 3751 ci·

506 3787 684 3837 vitatis
703 3786 1048 3852 acquievisse.
1094 3780 1322 3834 Quando
1340 3793 1465 3842 ergo
1483 3779 1578 3829 Ul-

505 3863 650 3926 pian.
683 3864 893 3927 Fragm.
929 3875 1019 3912 ιιι.
1046 3865 1097 3911 2.
1132 3859 1334 3922 scribit,
1372 3858 1578 3907 ‘Bene-

507 3937 630 3989 ficio
652 3939 927 4004 principali
945 3938 1162 3990 Latinus
1181 3935 1450 3986 civitatem
1469 3932 1579 3983 Ro·

508 4023 715 4064 manam
740 4014 951 4077 accipit,
970 4013 1016 4064 si
1055 4013 1121 4063 ab
1155 4013 1469 4074 imperatore
1492 4009 1581 4072 jus

513 4092 797 4143 Quiritium
853 4089 1221 4155 impetravit3’
1274 4097 1400 4140 tunc
1444 4087 1581 4137 arbi-

511 4175 646 4229 tror,
681 4182 796 4215 eum
839 4161 1130 4231 intelligere
1169 4166 1435 4216 civitatem
1476 4164 1586 4213 Ro·

513 4257 718 4292 manain
742 4243 941 4307 optimo
966 4244 1106 4306 jure,
1129 4250 1183 4291 et
1207 4242 1350 4307 loqui
1372 4241 1439 4292 de
1461 4239 1584 4291 sub·

515 4321 705 4369 secutis
729 4317 1072 4383 temporibus.
1107 4317 1258 4367 Idem.

1175 389 1398 442 1101·AE
1443 383 1797 438 vamum]
1809 383 1861 433 M
1912 381 1994 432 tu

1701 525 2015 592 Cogitationis
2034 519 2181 586 juro]
2209 518 2351 573 Quia
2384 516 2477 570 illa
2509 514 2699 567 transi-

1630 606 1772 657 tione
1795 606 1847 656 in
1870 604 2136 655 civitatem
2159 596 2348 650 divulsi
2370 611 2401 646 a
2421 595 2526 646 suis
2551 594 2697 642 vide-

1627 682 1838 737 bantur,
1861 679 1948 746 qui
1972 676 2195 729 nondum
2218 674 2391 733 cives;
2425 680 2586 737 atque
2621 672 2701 720 ita

1626 758 1781 808 alieni
1820 755 2165 819 extraneique
2208 749 2556 811 habebantur,
2598 746 2700 798 nisi

1628 833 1871 899 princeps
1893 829 2107 881 seorsim
2132 825 2418 877 tribuisset.
2449 824 2586 887 Lips.

1692 910 1862 960 Instar
1880 913 1983 959 erat
2003 905 2127 969 odii]
2165 903 2294 954 Cod.
2318 902 2629 963 Vaticanus,
2648 905 2706 951 et

1627 985 2005 1051 Guelpberbyt.
2027 994 2279 1034 converso
2303 978 2484 1028 ordine
2508 975 2705 1026 babent

1626 1062 1785 1112 instar
1818 1062 1921 1111 odii
1956 1065 2081 1111 erat.
2146 1055 2370 1107 Behrius
2413 1068 2510 1120 pro
2545 1052 2705 1101 instar

1627 1139 1947 1189 substituere
1993 1135 2157 1188 voluit
2207 1148 2377 1185 caussa
2390 1148 2412 1192 ‚·
2466 1130 2560 1180 sed
2606 1142 2705 1180 nec

1627 1215 1747 1266 buic
1772 1213 2048 1266 mutationi
2072 1211 2270 1262 addicit
2282 1209 2412 1259 alius
2435 1208 2589 1270 liber,
2607 1218 2707 1254 nec

1627 1308 1740 1345 eam
1766 1293 1934 1357 exigit
1954 1288 2258 1341 necessitas.
2304 1286 2490 1347 Immo,
2511 1298 2579 1333 ne
2600 1281 2709 1331 Pli-

1627 1370 1745 1420 nius
1766 1368 1976 1434 quidem
2004 1367 2193 1416 'dicere
2231 1362 2410 1418 voluit,
2433 1360 2706 1418 civitatem

1630 1444 1936 1502 Romanam,
1958 1457 2075 1509 quae
2107 1455 2211 1492 nou
2232 1438 2481 1503 adjuncta
2512 1436 2711 1484 habeat

1616 1523 1741 1588 jura
1776 1520 2122 1587 cognationis,
2157 1529 2391 1568 caussam
2428 1527 2543 1563 esse
2578 1509 2711 1566 odii,

1629 1599 1925 1656 discordiae,
1964 1605 2019 1647 et
2050 1594 2323 1656 orbitatis3
2369 1587 2709 1657 quamobrem

1630 1690 1729 1726 nec
1753 1684 1896 1726 recte
1919 1672 2079 1724 verba
2100 1673 2473 1735 interpretatus
2490 1671 2568 1715 est
2591 1664 2713 1715 Cel-

1631 1752 1812 1816 larius,
1833 1753 1956 1803 dum
1979 1749 2210 1815 scripsit,
2230 1747 2498 1797 civitatem
2525 1743 2712 1792 Roma-

1632 1844 1750 1879 nam
1773 1828 1939 1880 fuisse
1975 1825 2245 1877 materiam
2273 1822 2380 1872 odii
2424 1835 2485 1870 ac
2516 1818 2714 1867 discor·
2751 1841 2766 1856 r

1633 1905 1734 1956 diae
1752 1921 1767 1955 ε
1792 1904 1906 1969 sed,
1922 1918 2034 1953 eam
2050 1902 2237 1954 saltem
2253 1898 2446 1948 habere
2457 1895 2609 1961 quasi
2624 1894 2714 1942 ho·

1634 1997 1747 2032 rum
1765 1979 2177 2041 similitudinem,
2194 1991 2312 2027 cum
2331 1976 2565 2024 homines
2589 1984 2713 2021 con·

1634 2061 2231 2125 sanguineos,et‚natura
2242 2047 2720 2116 conjunctissimos,

1636 2152 1685 2188 v.
1703 2152 1755 2200 g.
1783 2144 1984 2201 patrem
2009 2149 2038 2183 a
2062 2132 2255 2194 liberis,
2278 2130 2473 2180 liberos
2490 2142 2522 2175 a
2543 2132 2717 2190 patre,

1636 2216 1842 2265 ratione
1860 2211 2183 2277 quorundam
2200 2206 2399 2272 jurium
2419 2211 2475 2253 et
2499 2201 2715 2256 eflbcto·

1635 2308 1749 2345 rum
1769 2292 2013 2347 civilium.
2029 2289 2102 2338 ita
2118 2287 2390 2350 abjungat,
2406 2290 2460 2334 et
2475 2279 2716 2345 quasise·

1637 2378 1807 2436 paret,
1822 2377 1900 2429 ut,
1916 2367 2072 2416 nibilo
2092 2364 2258 2415 minus
2282 2364 2298 2390 ‘
2312 2360 2458 2409 salva
2480 2358 2717 2421 ipsorum

1637 2445 1873 2513 pietate:
1898 2454 1954 2495 et
1982 2442 2210 2494 naturali
2244 2452 2441 2500 amore,
2471 2435 2719 2508 adeoque

1636 2526 1797 2576 etiam
1820 2524 2018 2588 absque
2041 2519 2162 2570 o'dio
2180 2525 2237 2567 et
2253 2513 2538 2575 discordia,
2557 2520 2721 2575 atque

1640 2602 1889 2659 orbitate,
1913 2598 2187 2649 videantur
2210 2589 2514 2643 alienissimi
2537 2596 2594 2638 et
2619 2587 2721 2636 dis·

1627 2678 1965 2745 junctissimi.
2001 2674 2168 2724 Instar
2190 2685 2333 2724 vero,
2364 2674 2423 2717 ut
2446 2682 2514 2717 ex
2535 2664 2722 2715 lexicis

1641 2762 1872 2813 constat,
1896 2760 1980 2804 est
2012 2764 2199 2802 nomeu
2231 2744 2560 2811 μονόπωτον,
2583 2738 2723 2807 quod

1644 2833 2061 2893 similitudinem,
2093 2828 2443 2886 simulacrum,
2479 2820 2565 2870 vel
2605 2832 2721 2884 spe-

1644 2912 1779 2962 ciem
1824 2907 2104 2974 significat,
2149 2904 2251 2961 vel,
2293 2909 2354 2951 ut
2397 2898 2613 2950 Servius
2657 2894 2723 2946 ad

1650 2988 1838 3052 virgil.
1864 2987 1979 3037 AEn.
2014 2997 2078 3034 n.
2100 2985 2183 3033 15.
2217 2984 2411 3039 monet,
2445 2974 2611 3025 instar
2639 2980 2725 3022 est

1645 3068 1661 3097 ‘
1690 3068 1755 3116 ad
1779 3057 2207 3114 similitudinem.'
2241 3057 2489 3109 Schwarz.

1720 3140 1985 3205 Orbitatis]
2020 3140 2159 3192 Quia
2180 3145 2329 3202 pater
2355 3149 2387 3183 a
2407 3131 2551 3192 filiis,
2576 3127 2671 3179 filii
2697 3142 2727 3177 a

1648 3227 1820 3286 patre,
1864 3217 2311 3283 abjungebantur,
2362 3223 2464 3260 nec
2510 3205 2728 3272 cognati

1648 3298 2017 3350 censebantur.
2048 3292 2186 3354 Lips.

1717 3374 1987 3424 Carissimo
2025 3366 2258 3434 pignora]
2304 3364 2415 3417 Sub
2442 3362 2600 3414 finem
2637 3364 2730 3413 liu.

1641 3453 1731 3518 jus
1753 3451 1941 3515 capitis
1965 3450 2171 3499 Plinius
2202 3447 2315 3496 baec
2340 3444 2550 3507 pignora
2581 3447 2734 3491 vocat

1647 3535 1662 3559 ‘
1688 3531 2041 3583 sanctissimas
2063 3518 2516 3577 necessitudines.'
2569 3519 2587 3548 ‘
2609 3518 2734 3581 Pig-

1651 3625 1747 3665 nus
1765 3608 1779 3632 '
1814 3607 2029 3674 proprie
2063 3605 2275 3658 dicitur,
2312 3599 2449 3665 quod
2474 3597 2656 3653 datur,
2679 3602 2736 3644 ut

1652 3688 1888 3739 creditor
1901 3686 1976 3734 sit
1985 3695 2199 3733 securus
2214 3678 2291 3729 rei
2306 3675 2546 3728 creditne.
2566 3669 2734 3718 Dein-

1654 3767 1720 3818 de
1740 3762 2031 3829 generatim
2046 3758 2307 3819 accipitur
2329 3763 2423 3815 pro
2446 3745 2733 3798 documen·

1655 3851 1729 3907 to,
1758 3851 1812 3892 et
1850 3841 2158 3904 argumento
2196 3830 2410 3889 idoneo,
2446 3838 2540 3875 seu
2585 3829 2734 3873 certo

1655 3923 1842 3985 sigu03
1876 3917 1954 3969 uti
1988 3926 2174 3965 munus
2213 3903 2474 3973 quoddam
2511 3901 2735 3952 dicimus

1656 4013 1775 4052 esse
1797 4007 1812 4029 ⁸
1827 3998 2018 4062 ‚pignus
2040 3984 2263 4041 amoris.’
2321 3983 2511 4043 Porro,
2526 3980 2737 4043 pignora

1657 4076 1816 4127 etiarn
1837 4073 2144 4137 frequenter
2177 4062 2513 4131 appellantur
2547 4056 2735 4116 liberi3

1658 4153 1899 4219 quoniam
1922 4150 1974 4200 hi
2004 4146 2248 4197 videntur
2286 4152 2397 4189 esse
2432 4134 2599 4186 veluti
2625 4133 2735 4197 pig.

1659 4245 1788 4282 nora
1812 4226 2001 4280 vinculi
2018 4231 2074 4276 et
2088 4220 2319 4274 caritatis
2334 4218 2475 4268 inter
2488 4212 2735 4263 maritum

1659 4317 1715 4361 et
1737 4319 1971 4359 uxorem.
2037 4299 2146 4353 Sed
2169 4304 2225 4350 et
2248 4294 2418 4352 latius,
2440 4291 2519 4343 uti
2538 4291 2640 4340 lioc
2664 4287 2735 4336 lo·
