3017 4942
470 415 605 482 76⁰

541 578 678 628 Hinc
697 578 839 644 auro]
875 577 1093 628 Sueton.
1113 576 1308 627 Domit.
1324 590 1444 640 cap.
1463 580 1542 626 ts.

474 656 719 706 ‘Statuas
758 653 857 705 sibi
896 655 946 703 in
991 654 1259 717 capitolio,
1296 668 1399 703 non
1441 653 1541 702 nisi

477 746 660 781 aureas
694 738 749 781 et
788 737 1082 794 argenteas,
1118 730 1240 793 poni
1282 729 1541 793 permisit,

476 823 672 871 easque
695 806 941 873 ponderis
967 807 1101 856 certi
1118 804 1152 865 ς’
1185 814 1243 855 ut
1263 812 1542 870 ne‘parvas

473 887 705 946 scilicet,
729 892 833 934 tam
858 898 1044 947 magno
1066 884 1205 933 Deo.
1256 883 1541 947 Eutropius

474 961 633 1012 idem.
668 961 808 1026 Lips.

541 1036 702 1100 Auro]
769 1035 1125 1086 Domitianum
1188 1035 1378 1099 innuit,
1432 1036 1542 1100 qui,

474 1123 614 1166 teste
635 1116 850 1166 Suetou.
873 1129 993 1176 cap.
1017 1118 1097 1164 ls.
1133 1114 1461 1164 statuas·sibi
1488 1115 1540 1164 in

476 1193 725 1258 capitolio
747 1207 846 1242 non
870 1191 966 1241 nisi
987 1205 1170 1241 aureas
1193 1197 1248 1241 et
1269 1199 1540 1255 argenteas

478 1270 600 1335 poni
625 1269 875 1331 permisit,
891 1283 950 1317 ac
972 1268 1215 1331 ponderis
1238 1268 1387 1317 certi.
1422 1267 1542 1317 Sta·

475 1347 579 1396 tius
613 1346 742 1396 Silv.
769 1360 826 1396 v.
847 1349 894 1394 1.
920 1348 1032 1394 189.
1075 1352 1090 1373 ‘
1118 1347 1203 1395 Da
1240 1345 1539 1410 capitolinis

479 1431 734 1474 eternum
755 1422 963 1473 sedibus
979 1436 1180 1479 aurum,
1197 1422 1318 1474 Quo
1339 1418 1540 1471 niteant

475 1500 612 1551 sacr-i
666 1507 887 1549 centeno
932 1499 1163 1563 pondere
1205 1498 1380 1548 vultus
1422 1498 1539 1549 Cae·

478 1575 642 1626 saris-⁹
674 1575 893 1624 Putat-ol.

543 1652 723 1702 Incesti
771 1648 1029 1714 principis]
1083 1649 1395 1713 Domitiani,
1447 1650 1538 1716 qui

473 1729 669 1783 Juliam
691 1728 818 1785 Titi,
838 1726 1016 1778 fratris
1036 1727 1135 1788 sni,
1167 1725 1326 1777 filiam
1362 1741 1538 1776 corru-

475 1808 574 1870 pit.
612 1806 774 1857 ·vide
811 1806 1030 1856 sueton.
1055 1804 1257 1854 Domit.
1288 1819 1336 1855 c.
1364 1806 1450 1854 22.
1482 1810 1541 1855 et

474 1885 616 1934 Plin.
640 1884 810 1946 Epist.
832 1896 911 1932 ιν.
934 1885 1016 1930 ll.
1037 1887 1088 1932 6.
1120 1881 1137 1909 ‘
1161 1881 1429 1933 absentem
1462 1883 1537 1931 iu-

477 1959 810 2023 auditsmque
864 1956 1130 2007 damnavit
1176 1956 1381 2019 incesti,
1421 1972 1537 2009 cum

472 2038 591 2103 ipse
629 2034 1009 2100 [Domitianus]
1050 2032 1228 2083 fratris
1267 2033 1423 2083 filiam
1461 2035 1541 2084 in·

469 2121 622 2168 cesto
638 2129 740 2164 non
761 2112 1030 2177 polluisset
1048 2111 1231 2173 solum,
1248 2124 1425 2161 verum
1442 2113 1541 2161 eti·

476 2187 896 2239 ani'occidisset.'
948 2189 1101 2238 Iden.

479 2258 487 2268 ‘
541 2266 722 2316 Incesti
751 2265 1006 2331 principis]
1036 2264 1198 2326 Julie,
1216 2262 1326 2313 Titi
1357 2262 1541 2315 fratris

476 2343 605 2404 filia,
629 2357 950 2408 compressa.
985 2343 1133 2393 Suet.
1151 2343 1354 2392 Domit.
1375 2358 1423 2392 c.
1440 2347 1527 2393 22.

473 2420 764 2482 Juvenalis,
795 2422 810 2446 ‘
831 2420 961 2469 Cum
983 2428 1060 2469 tot
1085 2419 1336 2469 abortivis
1358 2413 1538 2470 fecun-

474 2497 594 2546 dam
611 2497 755 2548 Julia
780 2497 983 2545 vulvam
1003 2496 1265 2558 Solveret,
1283 2504 1334 2545 et
1352 2504 1541 2560 patruo

474 2574 669 2624 similes
692 2572 989 2624 effunderet
1008 2572 1171 2625 offas.’
1199 2574 1367 2624 Liviu-

541 2651 798 2701 Permixto
834 2651 1046 2701 Deorum
1086 2650 1338 2701 sinuum
1376 2653 1539 2701 sorde·

471 2729 607 2792 rent]
643 2729 706 2778 ln
730 2728 912 2778 codice
930 2727 1230 2784 Parmensi,
1254 2735 1309 2778 et
1328 2729 1539 2777 Veneto

476 2810 523 2855 1.
558 2807 683 2856 item
720 2807 771 2854 in
806 2805 1040 2855 editione
1076 2803 1218 2862 Aldi,
1248 2804 1448 2861 Juntoe.
1472 2806 1538 2857 R.

471 2883 745 2945 Stephani,
765 2888 821 2931 et
845 2882 1015 2942 Navii,
1043 2881 1258 2945 legimus
1288 2881 1537 2945 permisto.

472 2959 538 3008 Iu
565 2958 953 3021 orthographia
980 2955 1388 3008 Sciturzlleiscliii
1421 2957 1538 3008 baec

474 3034 789 3084 traduntur:
832 3039 886 3064 “
906 3033 1139 3083 Mixtus’
1176 3048 1243 3082 ex
1278 3033 1443 3084 veteri
1481 3047 1537 3083 e·

471 3111 819 3174 mendataque
849 3109 1111 3172 scriptura
1132 3109 1184 3158 in
1201 3110 1355 3160 Tullii
1383 3109 1539 3159 Livii-

473 3202 576 3251 que
599 3186 864 3236 codicibus
881 3187 1092 3249 legitur.
1143 3186 1231 3236 Sic
1253 3187 1269 3214 ‘
1288 3187 1538 3237 commix-

473 3264 596 3322 tus‚'
630 3265 647 3292 ‘
671 3262 1016 3328 permixtus3'
1062 3277 1322 3328 nunquam
1362 3271 1539 3314 ‘com-

471 3343 657 3392 mistus
678 3339 693 3362 ⁹
728 3348 784 3391 et
816 3342 833 3370 ‘
855 3339 1169 3404 permistus,’
1202 3342 1452 3404 legamus.
1480 3376 1494 3392 .
1519 3377 1537 3394 .

470 3418 587 3469 Nec
629 3424 830 3469 tantum
867 3431 988 3467 usus
1029 3418 1370 3481 posteriorum
1409 3426 1534 3469 tem-

469 3510 677 3561 porum,
705 3495 795 3544 sed
827 3493 1112 3545 auctoritas
1136 3502 1371 3544 veterum
1393 3496 1538 3546 codi-

471 3586 591 3622 cum
612 3569 937 3636 inspicienda
958 3580 1059 3628 est,
1087 3585 1205 3634 quae
1239 3571 1539 3635 lectionem,

471 3650 489 3680 ⁸
516 3648 747 3713 mixtus:
787 3646 1002 3698 tuetur.’
1080 3647 1366 3705 Manutius,
1413 3648 1537 3697 Aldi

471 3741 654 3793 nepos,
694 3725 882 3792 probat
926 3723 1133 3789 quidem
1179 3723 1434 3785 ‘mistus,’
1469 3740 1536 3775 ex

377 3822 384 3829 ·
473 3804 743 3866 analogian
778 3801 981 3851 fatetur
1019 3806 1213 3856 tamen,
1254 3800 1306 3848 in
1348 3800 1536 3850 veteri·

470 3881 570 3930 bns
592 3880 759 3941 libris,
782 3876 1002 3942 Virgilio
1023 3876 1296 3939 Carpensi,
1317 3882 1371 3926 et
1404 3877 1537 3926 anti·

475 3959 591 4020 quis
616 3955 897 4021 lapidibus,
925 3957 940 3982 ⁸
961 3952 1184 4003 mixtus’
1212 3966 1330 4003 cum
1355 3968 1393 4002 x
1413 3954 1538 4019 legi.

472 4033 715 4083 &swan-2.

540 4110 823 4174 Son-cierent]
881 4109 925 4158 1.
966 4123 1015 4159 e.
1062 4107 1432 4172 evilescerent‚
1474 4123 1539 4160 ac

475 4187 763 4240 contemtui
787 4192 980 4236 essent.
1029 4184 1215 4247 Virgil.
1237 4184 1349 4233 Ecl.
1371 4198 1435 4233 ιι.
1454 4188 1539 4236 44.

473 4272 489 4296 ⁸
507 4263 731 4313 Sordent
750 4261 842 4310 tibi
862 4274 1075 4309 munera
1092 4259 1307 4309 nostra!
1341 4262 1537 4312 Quinc·

476 4334 557 4391 til.
588 4338 766 4389 Instit.
797 4335 951 4387 Orat.
981 4347 1106 4384 vm.
1140 4348 1353 4399 protem.
1386 4345 1400 4368 ⁸
1423 4338 1539 4389 Nos

1175 428 1393 480 ⁸0¹1·AE
1441 427 1856 480 vamonmu
1906 429 1989 479 ΙΝ

1617 574 1817 639 melius,
1862 574 2048 639 quibus
2091 572 2305 624 sordent
2342 573 2535 636 omnia,
2573 587 2692 638 quie

1616 660 1805 702 natura
1837 651 2091 713 dictavit3
2123 651 2211 715 qui
2244 664 2345 700 non
2378 657 2695 699 ornamenta

1616 729 1915 793 quoerirnus,
1954 726 2047 778 sed
2085 726 2376 778 lenocinia!
2446 728 2508 777 ln
2548 727 2694 777 Dial-

1615 804 1684 854 de
1708 805 1922 855 Orator.
1939 809 2083 856 ολδ.
2118 805 2133 834 ‘
2155 805 2359 858 Quibus
2384 804 2694 869 eloquentia

1615 883 1690 931 tui
1714 881 1908 932 Aufidii
1939 883 2113 944 Bassi,
2149 912 2164 930 .
2186 914 2202 930 .
2225 913 2240 929 .
2272 898 2337 932 ex
2373 872 2693 946 comparati·

1615 971 1714 1007 one
1750 958 2009 1022 Sisennae,
2043 966 2131 1008 aut
2173 958 2447 1019 Varronis,
2474 956 2690 1007 sordet:

1615 1035 1703 1100 qni
1760 1037 2021 1085 rhetorum
2079 1042 2373 1085 nostrornm
2424 1048 2691 1084 commen·

1618 1111 1777 1160 tarios
1802 1109 2097 1174 fastidiunt,
2129 1112 2388 1174 oderunt3
2423 1111 2577 1161 Calvi
2601 1111 2692 1160 mi-

1618 1187 1836 1238 rantur.’
1872 1189 2026 1239 Idem.

1680 1262 1966 1327 Sorderent]
1997 1263 2214 1329 Aliquid
2249 1260 2411 1313 faciat
2451 1277 2549 1328 pro
2586 1264 2691 1314 lec·

1617 1339 1759 1391 tione
1796 1343 2012 1405 vulgata
2041 1355 2218 1404 supra,
2252 1347 2268 1370 ⁴
2289 1342 2388 1393 Dei
2430 1354 2688 1391 summum

1615 1416 1754 1468 inter
1771 1417 2004 1467 homines
2023 1417 2287 1481 fastigium
2305 1424 2518 1467 servent
2535 1417 2574 1480 ς’
2593 1418 2688 1469 sed

1612 1495 1804 1544 leviter
1828 1505 1883 1545 et
1908 1495 2123 1560 aliquid.
2156 1496 2295 1558 Lips.

1679 1573 1858 1624 Anreoe
1873 1581 1922 1625 et
1938 1575 2328 1640 innumerabiles]
2358 1574 2688 1626 Vocabulum

1613 1665 1773 1701 aurea·
1806 1650 2137 1701 desideratur
2168 1651 2221 1701 in
2245 1651 2529 1704 codicibus
2558 1652 2689 1703 Mss.

1615 1728 1862 1779 vatican.
1896 1729 2204 1790 Parisiensi,
2224 1735 2448 1793 utroque
2462 1729 2694 1793 Veneto,

1615 1804 2013 1868 salisburgensi,
2029 1804 2350 1869 Guelpberb.
2371 1811 2426 1853 et
2450 1819 2585 1861 meo,
2610 1810 2690 1854 at·

1614 1894 1716 1945 que
1756 1880 1807 1929 in
1848 1880 2125 1930 Puteolani
2167 1889 2222 1929 et
2259 1880 2505 1929 Beroaldi
2543 1880 2690 1930 libris

1614 1957 1898 2021 impressis.
1976 1956 2038 2006 Id
2093 1954 2288 2005 fact'um
2345 1953 2584 2018 fortasse,
2630 1961 2689 2005 ut

1615 2041 1763 2083 recte
1786 2033 2159 2084 animadvertit
2184 2033 2519 2097 Arntzenius,
2548 2033 2686 2099 quod

1615 2111 1850 2176 proxime
1883 2126 2023 2161 «ει-ιω
2053 2118 2415 2174 praecesserat,
2445 2127 2544 2176 pro
2581 2109 2685 2176 qno

1612 2203 1771 2239 σηοω
1824 2197 2166 2251 reposuerant
2216 2189 2410 2238 inertes
2468 2188 2687 2240 librarii.

1615 2264 1992 2316 Innumerabiles
2028 2272 2200 2315 autern
2236 2265 2507 2325 dicuntur,
2545 2266 2688 2331 quia,

1615 2344 1790 2407 Lipsio
1807 2359 1873 2392 ex
1898 2344 2067 2394 Dione
2091 2344 2369 2407 probante,
2392 2358 2492 2393 non
2520 2344 2688 2393 Roma

1614 2427 1835 2481 tantum,
1869 2421 1959 2470 sed
1998 2429 2135 2470 totus
2173 2419 2287 2471 fere
2323 2420 2463 2469 orbis
2499 2420 2689 2470 statuis

1613 2497 1903 2546 Domitiani
1928 2497 2172 2561 impletus
2195 2505 2329 2548 erat.
2371 2497 2624 2548 Schwarz.
2664 2520 2667 2523 ·

1681 2573 1792 2622 111oe
1820 2578 1980 2624 auteur
2013 2576 2196 2640 aurea]
2232 2575 2505 2626 Gravioris
2542 2575 2687 2627 dam·

1615 2649 1724 2698 nati
1760 2651 2010 2712 criminis,
2045 2660 2099 2701 et
2140 2652 2240 2715 ipsi
2278 2650 2478 2716 afflicti,
2505 2661 2561 2703 et
2597 2668 2688 2703 no·

1614 2738 1755 2788 men,
1777 2736 1832 2775 et
1857 2730 2100 2776 memoria
2124 2742 2319 2778 eorum.
2365 2729 2521 2779 Unde
2544 2729 2686 2779 dice-

1615 2800 1764 2866 bant,
1799 2803 1816 2831 ‘
1855 2803 2057 2853 Nomen
2094 2803 2280 2868 deleri,
2302 2804 2427 2854 *tolli
2467 2803 2688 2869 effigies,

1614 2877 1776 2943 dejici
1799 2887 1996 2929 statuas
2019 2894 2082 2930 ac
2106 2881 2322 2944 proteri,
2345 2880 2573 2932 ludibrio
2595 2896 2686 2932 ex·

1615 2955 1777 3017 poni.'
1840 2955 1904 3005 Id
1949 2970 2076 3006 vero
2119 2957 2281 3008 tiebat
2319 2959 2403 3007 vel
2447 2957 2687 3008 modeste

1614 3046 1713 3096 per
1758 3031 2028 3083 decretum
2073 3049 2104 3083 a
2144 3035 2489 3098 questoribus
2538 3048 2685 3085 xxx.

1613 3110 1958 3172 praesentibus
1997 3111 2321 3161 senatoribus
2358 3127 2476 3162 cum
2513 3113 2689 3176 scalis,

1614 3186 1832 3235 Sueton.
1855 3187 2053 3237 Domit.
2080 3202 2129 3237 c.
2154 3192 2238 3240 23.
2273 3189 2354 3237 vel
2390 3190 2685 3251 impetuose

1614 3278 1710 3328 per
1730 3263 1959 3314 furorem
1983 3267 2240 3330 quendam
2262 3266 2547 3331 plebeium,
2565 3282 2683 3317 cnm

1612 3340 1827 3404 injectis
1857 3342 2054 3405 laqueis
2086 3347 2284 3391 statuas
2321 3342 2683 3400 detraherent,

1610 3426 1670 3466 ut
1704 3417 1805 3466 boe
1841 3419 1974 3475 loco,
2011 3433 2113 3482 quo
2138 3419 2204 3467 de
2225 3418 2518 3481 Juvenalis,
2553 3425 2569 3448 ⁸
2593 3418 2686 3468 de·'

1609 3494 1867 3544 scendunt
1904 3502 2116 3558 statuae,
2140 3501 2436 3560 restemque
2457 3510 2685 3561 sequnn-

1613 3569 1738 3621 tur-⁹
1794 3570 1930 3620 Hoec
1962 3570 2105 3635 Lips.
2143 3572 2196 3619 in
2233 3571 2453 3621 Excurs.
2478 3570 2545 3620 ad
2572 3568 2684 3622 An·

1610 3649 1714 3697 nal.
1736 3661 1819 3698 vt.
1874 3647 2028 3697 Bern-

1676 3726 2077 3791 quumerabiles]
2133 3726 2251 3777 Nec
2289 3726 2423 3776 enim
2459 3726 2513 3776 in
2551 3727 2682 3777 urbe

1566 3860 1569 3863 ,
1612 3809 1833 3867 tantum,
1871 3804 1960 3854 sed
2006 3807 2022 3835 ⁸
2052 3811 2191 3855 totus
2233 3803 2413 3862 orbis,’
2450 3807 2525 3856 ait
2566 3806 2684 3863 Dio,

1612 3876 1629 3906 ‘
1652 3880 1839 3930 statuis
1871 3880 1985 3945 ejus
2024 3888 2144 3944 post
2175 3881 2360 3943 victos,
2393 3889 2452 3931 ut
2487 3881 2684 3940 aiebat,

1612 3956 1785 4006 Dacos
1811 3955 2056 4019 impletus
2080 3954 2195 4005 est-⁸
2247 3956 2388 4020 Lips-

1677 4031 1860 4095 Stroge
1899 4039 1948 4083 ee
1988 4032 2154 4096 ruina]
2216 4033 2377 4083 Initio
2420 4049 2453 4083 a
2495 4040 2683 4085 senatu

1612 4108 1726 4172 ipso
1765 4107 1941 4171 facto;
1980 4110 2067 4174 qni
2111 4112 2127 4139 ‘
2154 4110 2329 4159 audita
2369 4119 2536 4162 morte
2573 4112 2681 4177 ejus

1614 4184 1746 4235 adeo
1782 4186 1992 4235 laetatus
2024 4193 2123 4242 est,
2144 4193 2201 4236 nt
2224 4188 2388 4236 scalas
2421 4188 2581 4237 etiam
2605 4189 2679 4237 in·

1613 4260 1756 4320 ferri,
1800 4263 2117 4327 clypeosque
2162 4270 2218 4313 et
2263 4262 2514 4328 imagines
2564 4265 2674 4327 ejus

1613 4353 1786 4390 coram
1806 4339 2032 4404 detrahi,
2057 4348 2113 4391 et
2145 4338 2336 4391 ibidem
2373 4344 2485 4391 solo
2521 4340 2676 4406 affligi
