3017 4942
751 422 820 471 o.
870 420 1117 470 ΡιιΝιι
1168 417 1501 470 saeuum
1553 418 1830 467 pauno.
1908 419 1958 466 1.
2003 402 2113 467 36.

333 568 554 622 Excurs.
599 579 850 618 xxxvnr.
898 566 986 617 ubi
1029 572 1084 615 et
1134 566 1283 629 plura
1320 570 1397 612 at·

334 647 434 704 tuli
480 645 725 708 exempla
761 644 1157 700 sententiarum,
1196 644 1246 690 in
1285 640 1399 705 qni·

330 723 430 772 bus
455 723 728 786 particula}
749 722 1080 784 copulativae,
1117 720 1133 747 ‘
1155 718 1242 780 et‚'
1273 720 1400 774 ‘ac‚’

327 798 506 864 ‘qne,’
540 797 775 862 ‘atque‚'
808 813 876 848 ex
921 796 1270 847 antecedente
1306 811 1396 844 ex-

330 892 514 941 pressa
535 876 790 942 particula
818 875 1063 939 negativa
1095 876 1398 937 suspensam

329 954 434 1003 vlm
460 954 686 1016 negandi
719 952 869 1003 simul
906 952 1225 1002 adsciscant.
1291 950 1399 1002 Sed

328 1036 388 1079 et
428 1031 779 1080 recentiorum
816 1028 1282 1093 interpretationes
1307 1028 1401 1076 hn-

320 1106 414 1170 jus
439 1107 544 1156 loci
566 1106 631 1155 ad
655 1103 878 1156 cundem
905 1106 1194 1155 Excursum
1221 1104 1399 1168 rejeci.

327 1182 572 1232 &linem

392 1259 556 1308 Locus
575 1259 721 1323 anus]
745 1258 974 1309 Mirifica
990 1258 1226 1308 laudatio
1248 1265 1299 1307 et
1318 1272 1397 1308 ar·

325 1343 476 1401 gnta.
547 1336 613 1386 In
649 1343 762 1386 toto
797 1337 922 1387 orbe
958 1350 1117 1385 unum
1144 1337 1244 1385 hoc
1270 1350 1400 1385 aera-

324 1415 465 1463 rium
503 1420 602 1471 est,
642 1414 736 1464 snb
770 1413 906 1464 bono
947 1412 1200 1477 principe,
1222 1415 1272 1462 in
1298 1429 1401 1479 quo

324 1493 455 1543 boni
500 1508 532 1542 a
574 1492 720 1542 malis
757 1493 1052 1542 vincuntur.
1121 1492 1261 1544 Quid
1302 1493 1401 1543 hoc

324 1572 453 1634 esti
487 1569 662 1620 istud:
699 1569 787 1633 qui
832 1569 954 1619 boni
993 1578 1047 1619 et
1082 1569 1213 1633 justi
1261 1575 1401 1633 sunt,

327 1648 620 1710 voluntque
647 1645 962 1708 patrocinari
994 1647 1201 1709 aerario,
1235 1646 1400 1709 impa-

325 1737 416 1773 res
440 1731 565 1773 sunt
600 1722 748 1772 malis
785 1730 842 1772 et
874 1720 1275 1785 fraudatoribus,
1311 1729 1407 1790 aut

324 1803 493 1853 etiam
533 1793 850 1852 triconibus':
890 1800 1030 1864 quia,
1061 1806 1123 1850 ut
1160 1814 1278 1849 mox
1311 1801 1402 1850 ad-

328 1869 431 1936 dit,
468 1882 484 1909 ‘
507 1879 699 1943 saepius
742 1876 969 1927 vincitur
1006 1875 1197 1928 fiscus.’
1262 1878 1399 1927 Sane

329 1946 562 2006 salubris
583 1954 786 2019 imperii
808 1954 1027 2016 signnm,
1051 1954 1239 2003 lienem
1263 1954 1403 2004 hunc

326 2033 380 2082 in
421 2046 645 2095 corpore
684 2044 786 2078 non
819 2042 1072 2079 crescere.
1143 2028 1257 2078 Nisi
1287 2029 1402 2079 baec

328 2098 603 2158 sententia
627 2107 746 2164 loci,
783 2106 910 2156 alius
944 2119 1029 2156 me
1052 2106 1286 2172 aliosque
1310 2108 1402 2156 do·

327 2194 472 2237 eeat.
504 2185 642 2249 Lips-
668 2181 697 2224 s

334 2299 339 2306 .
393 2262 587 2313 Addita
607 2259 705 2323 est]
741 2261 905 2311 Poena
927 2267 1120 2317 manet,
1143 2259 1186 2310 si
1209 2260 1324 2325 quis
1348 2260 1410 2326 in=

326 2340 482 2412 {eges
526 2340 729 2389 fiscales
774 2345 996 2403 peccat;
1029 2337 1120 2387 sed
1164 2337 1401 2389 additum

325 2416 431 2470 hoo
455 2416 550 2483 (ne
588 2425 787 2466 temere
820 2411 1086 2478 exigatur)
1123 2421 1181 2464 nt
1218 2415 1401 2464 ulcisci

322 2495 492 2545 liceat
515 2494 796 2544 delatores.
843 2491 1151 2543 Quomodo?
1187 2492 1402 2557 talione,

327 2561 389 2621 ut
413 2573 622 2635 opinor.
676 2571 691 2606 ⁴
714 2571 967 2632 Ereptum
987 2583 1128 2619 meas
1153 2569 1401 2632 pecunias

325 2651 497 2701 eunt?
532 2649 779 2714 perdent,
808 2663 936 2713 quas
955 2646 1188 2709 habent,'
1222 2663 1399 2712 supra.

328 2728 526 2792 Itaque
553 2726 681 2775 ultio
717 2726 895 2775 addita
920 2725 972 2773 in
1004 2721 1404 2790 calumniantes,

329 2819 493 2870 poena
516 2810 691 2854 tamen
712 2808 956 2852 manente
984 2801 1037 2851 in
1057 2809 1251 2850 sontes.
1288 2802 1369 2852 111.

398 2881 593 2932 Addita
634 2884 708 2930 est
747 2876 897 2940 ultio]
933 2877 980 2928 1.
1016 2892 1064 2927 e.
1103 2891 1201 2927 nec
1248 2894 1403 2942 poena

331 2959 582 3026 cuiquam
606 2955 818 3007 nocenti
841 2963 897 3005 et
921 2947 1184 3018 donvicto,
1203 2958 1291 3020 qni
1318 2957 1403 3005 vel

330 3034 620 3099 defraudat
642 3033 897 3087 serarium,
923 3032 1006 3082 vel
1033 3031 1225 3096 injuste
1250 3021 1405 3082 accu-'

332 3121 421 3164 sat
445 3114 593 3175 alios,
617 3119 700 3160 est
724 3109 966 3159 remissa:
1003 3109 1091 3157 sed
1116 3108 1294 3158 addita
1318 3114 1405 3157 est:

333 3190 485 3260 ultio,
507 3196 564 3239 et
585 3188 759 3251 major
780 3200 950 3251 poena,
978 3200 1131 3249 quam
1164 3185 1401 3242 antehac,

333 3283 455 3334 cum
479 3266 920 3320 defi-sudantium,
943 3265 983 3313 si
1007 3265 1401 3327 convincantur,

334 3352 447 3395 tum
479 3341 613 3392 falso
640 3341 1058 3391 calumniantium
1082 3358 1098 3402 ς
1134 3355 1261 3405 quos
1288 3354 1402 3405 pos·

335 3424 584 3480 teriones,
611 3422 680 3485 ei,
712 3423 797 3484 qni
829 3419 963 3470 falso
991 3427 1077 3470 est
1113 3426 1404 3481 accusatus,

335 3502 466 3551 licet
498 3514 748 3550 accusare
781 3505 838 3547 et
877 3497 1076 3559 ulcisci,
1106 3510 1225 3544 cum
1248 3503 1404 3545 antea

335 3578 508 3641 potius
534 3575 748 3641 praemia
766 3573 1041 3624 referrent.
1096 3572 1239 3622 Alias
1261 3575 1277 3601 ‘
1297 3588 1403 3635 po»,-

340 3654 440 3704 na’
476 3662 535 3703 et
576 3650 770 3701 ‘ultio'
802 3657 924 3701 sunt
966 3664 1279 3715 synonyina3
1320 3650 1407 3698 liic

341 3746 440 3796 per
470 3731 488 3759 ⁴
508 3743 715 3794 poenam
731 3727 746 3751 ’
779 3727 987 3777 videtur
1008 3726 1273 3776 ordinaria
1296 3742 1405 3789 poe-2

339 3822 424 3871 na,
464 3817 522 3858 et
560 3819 659 3869 per
691 3802 1006 3853 ‘ultionem'
1042 3802 1406 3853 extraordina-

343 3886 415 3935 ria
439 3900 503 3938 ac
526 3883 711 3947 maJor,
740 3879 1041 3946 significari.
1106 3880 1195 3929 Ita
1230 3895 1405 3945 supra,

346 3977 529 4014 xxxv,
550 3966 603 4012 4.
669 3960 869 4010 Plinius
893 3959 1116 4016 dixerat,
1152 3962 1168 3988 ‘
1190 3959 1406 4024 Ingenti

345 4040 554 4104 quidem
573 4038 744 4087 animo
764 4037 913 4087 Titus
928 4036 1196 4085 securitati
1215 4025 1410 4085 nostrae*

345 4117 635 4182 altionique
660 4121 1005 4179 prospexerat
1020 4113 1054 4177 ς’
1087 4114 1176 4163 ubi
1201 4114 1403 4163 Breuc-

346 4209 564 4245 mannus
585 4208 634 4244 c.
663 4192 698 4242 1.
730 4206 835 4242 non
863 4191 1053 4241 inscite
1077 4190 1403 4241 animadver-

345 4273 429 4329 tit,
448 4270 700 4328 Plinium,
733 4282 831 4332 per
863 4267 1155 4330 formulam,
1181 4274 1196 4300 ‘
1221 4267 1406 4319 ultioni

348 4346 683 4415 prospiceaess
715 4345 988 4411 designare
1013 4345 1325 4397 severiorem
1348 4351 1406 4396 et
1449 4400 1454 4405 ,

2412 398 2543 465 645

1473 561 1937 613 extraordinariam
1981 577 2185 626 poenam
2227 560 2548 627 delatornm3

1472 646 1527 689 et
1552 653 1649 702 per
1672 637 1853 700 verba,
1876 642 1893 667 ⁸
1911 639 2182 689 securitati
2201 635 2550 700 prospicere,'

1473 729 1677 778 poenam
1721 728 1902 765 eorum
1947 714 2284 763 ordinariam.
2352 712 2442 762 Sic
2485 719 2544 762 et

1470 790 1645 841 Tacit.
1660 787 1848 839 Annal.
1866 803 1997 840 ιιιιι.
2012 793 2185 840 8132·
2203 797 2218 819 ·
2231 790 2448 844 Factum
2462 802 2545 838 se·

1470 868 1924 920 natusconsultum
1958 866 2143 917 ultioni
2162 867 2339 932 juxta,
2374 874 2430 918 et
2458 879 2541 916 sc·

1473 945 1718 995 curitati:
1758 951 1836 1005 ut,
1868 945 1911 993 si
1944 944 2057 1009 quis
2078 959 2107 992 a
2131 947 2235 993 suis
2270 944 2437 994 servis
2465 944 2549 993 in·

1475 1018 1732 1071 terfectus
1767 1027 1927 1077 esset,
1953 1020 1987 1069 ii
2012 1033 2240 1084 quoque,
2269 1020 2356 1085 qni
2386 1026 2546 1070 testa·

1474 1104 1653 1148 mento
1692 1098 1990 1148 manumissi
2035 1098 2132 1146 sub
2171 1095 2352 1146 eodem
2399 1103 2546 1146 tecto

1474 1175 1809 1237 mansissent,
1871 1175 2009 1224 inter
2064 1187 2240 1223 servos
2287 1172 2548 1237 supplicia

1473 1252 1810 1318 penderent!
1844 1252 2088 1302 Schmun-2.

1540 1329 1614 1379 At
1641 1328 1883 1393 fortasse]
1916 1327 1992 1379 Ac
2022 1327 2236 1388 fortasse
2277 1326 2448 1377 Lirin.
2488 1327 2543 1377 in

1475 1411 1627 1456 textu
1646 1422 1663 1467 3
1698 1406 1790 1456 sed
1811 1407 1863 1455 in
1883 1407 2136 1469 margine,
2157 1404 2452 1464 Aison-tasse
2473 1403 2543 1454 V.

1547 1559 1761 1623 Fiscum]
1795 1560 2010 1610 ‘Caesar
2043 1558 2217 1607 omnia
2253 1557 2431 1614 habet.
2457 1556 2545 1607 fis-

1474 1651 1568 1687 cus
1590 1637 1702 1701 ejus
1727 1637 1929 1699 privata
1953 1642 2155 1684 tantum
2177 1648 2239 1683 ac
2263 1632 2391 1683 sus.’
2431 1633 2544 1683 Pis-

1476 1726 1596 1766 cum
1620 1714 1756 1762 enim
1782 1710 2044 1776 principis.
2068 1709 2202 1760 bona
2235 1709 2442 1773 propria
2466 1709 2546 1759 di·

1475 1788 1690 1850 cebant,
1743 1797 1799 1839 et
1850 1788 1917 1838 ab
1961 1787 2144 1837 aersrio
2184 1785 2547 1837 secernebant.

1474 1866 1601 1917 Sen.
1623 1866 1757 1915 Ben.
1777 1879 1881 1916 vu.
1911 1868 1961 1915 6.
1996 1864 2154 1914 Bern.

1546 1940 1771 2005 Cohibes]
1806 1941 1854 1992 Ι.
1875 1955 1926 1991 e.
1962 1941 2021 1990 Si
2048 1948 2151 1990 tam
2174 1952 2353 1989 severe
2372 1937 2549 2004 prohi-

1475 2018 1592 2082 bes,
1614 2034 1681 2069 ne
1706 2019 1944 2069 aerarium
1969 2017 2235 2082 publicum
2267 2030 2362 2080 per
2390 2014 2546 2068 falsas

1477 2095 1769 2145 delationes
1810 2095 2186 2158 locupletetur,
2227 2091 2456 2142 fortasse
2491 2090 2549 2162 id

1476 2170 1685 2223 facilins
1712 2171 1953 2234 indulges
1975 2169 2101 2220 fisco
2126 2169 2254 2220 tuo?
2275 2168 2517 2218 Schwen-

1531 2250 1717 2302 -Aetori
1753 2255 1896 2313 atque
1927 2247 2074 2299 etiam
2098 2246 2424 2311 procuratori]
2456 2247 2547 2296 De

1476 2328 1711 2393 utrisque
1726 2326 1952 2388 erudite,
1969 2333 2024 2374 et
2042 2339 2159 2375 cum
2178 2338 2302 2373 cura
2318 2323 2551 2387 Lipsius,

1476 2406 1673 2460 amicus
1697 2414 1897 2461 noster,
1920 2403 1984 2453 ad
2002 2402 2171 2452 Taciti
2193 2403 2382 2451 Annal.
2403 2404 2466 2450 ιι.
2490 2406 2547 2451 et

1477 2497 1585 2534 xn.
1609 2498 1725 2548 quae
1760 2496 1862 2533 non
1900 2482 2138 2543 sublege.
2207 2478 2361 2533 Quod
2396 2469 2547 2538 addit

1476 2560 1545 2611 de
1589 2560 1856 2616 tribunali,
1898 2559 2073 2606 nescio
2119 2570 2181 2606 an
2219 2555 2297 2604 ita
2334 2555 2548 2618 capien-

1477 2638 1618 2694 dum,
1665 2645 1722 2686 ut
1767 2637 1810 2686 si
1851 2635 2112 2699 privatum
2151 2632 2224 2693 id,
2253 2639 2310 2681 et
2347 2632 2544 2695 primus

1474 2716 1730 2780 Trajsnus
1773 2710 2027 2776 agitandis
2082 2707 2195 2758 fisci
2240 2707 2545 2770 principalis

1476 2791 1677 2841 caussis
1700 2786 2006 2842 instituerit,
2030 2784 2083 2833 in
2113 2796 2214 2848 quo
2251 2781 2464 2832 libertas
2486 2788 2544 2838 et

1478 2868 1803 2933 principatus
1828 2877 1975 2928 aequo
1990 2861 2113 2925 jure
2145 2858 2348 2923 legibus
2370 2865 2544 2909 certa-

1479 2954 1616 3006 rent.
1648 2944 1813 2995 Licin.

1495 3011 1499 3018 ⁴
1545 3022 1739 3086 Actori]
1775 3019 1937 3070 Actor
1983 3016 2037 3066 in
2073 3012 2305 3073 familiis,
2334 3011 2422 3076 qui
2458 3024 2555 3084 res⁴

1478 3102 1812 3162 rationesque
1854 3094 1967 3144 heri
2002 3092 2368 3142 administrat:
2405 3087 2544 3144 idem

1474 3176 1529 3226 in
1556 3174 1844 3240 republica,
1866 3172 1953 3237 qui
1977 3176 2032 3219 et
2066 3175 2088 3231 ἦ
2104 3176 2248 3218 actor
2276 3165 2514 3230 publicus
2531 3160 2546 3182 '

1476 3254 1661 3304 Tacito
1708 3252 1905 3302 dicitur
1944 3247 2133 3296 Annal.
2172 3259 2237 3295 ιι.
2271 3249 2355 3294 30.
2388 3250 2546 3308 atque

1479 3332 1551 3380 ibi
1575 3328 1834 3393 explicavi
1861 3342 1910 3375 n.
1934 3329 2016 3375 ⁷9.
2047 3321 2063 3350 ⁴
2084 3322 2251 3373 Actor
2278 3316 2546 3378 Caesaris,'

1478 3409 1546 3458 de
1570 3421 1672 3470 quo
1693 3406 1799 3466 hic,
1823 3400 2000 3460 differt
2024 3400 2091 3451 ab
2125 3401 2233 3456 illo,
2259 3407 2312 3447 et
2337 3398 2388 3447 in
2413 3397 2545 3460 lapi·

1478 3479 1629 3536 dibus
1675 3484 1836 3536 etiam
1876 3481 2198 3538 nominatur,
2238 3476 2324 3540 qui
2371 3489 2455 3524 res
2490 3484 2548 3526 et

1479 3560 1850 3626 patrimonium
1869 3554 2092 3607 Caesaris
2115 3561 2285 3603 curat.
2319 3552 2464 3624 HP-'r
2541 3545 2548 3552 ’

1547 3638 1743 3702 Actori]
1780 3635 1948 3686 Actor
1966 3630 2221 3692 διοικητὴς,
2244 3623 2546 3693 arpayacum-sua

1477 3717 1567 3778 τὴς
1587 3719 1915 3781 dispensator
1941 3711 2088 3759 bona!
2121 3706 2280 3770 frugi,
2302 3704 2552 3772 atriensis*

1480 3794 1855 3854 cubicularius,
1881 3786 2171 3838 ordinarius
2190 3797 2400 3833 servos}
2437 3795 2543 3829 ma-

1466 3876 1633 3940 'joris-
1666 3872 1934 3934 aliquanto
1983 3860 2397 3922 existimationis,
2454 3864 2546 3910 aut

1481 3951 1654 4016 potins
1689 3947 1872 3997 minori
1908 3940 2110 3990 macula
2140 3947 2195 3986 et
2218 3934 2431 3985 infamia
2452 3949 2546 3985 no-

1481 4033 1641 4088 tatus,
1673 4024 1754 4074 cui
1790 4016 2074 4084 opponitur
2105 4013 2346 4077 inscripti
2372 4014 2550 4080 vultus

1479 4118 1680 4158 servus.
1735 4100 1847 4150 Cic.
1877 4097 1927 4146 in
1963 4092 2229 4143 Paradox.
2261 4092 2330 4139 V.
2365 4091 2548 4144 Plaut-

1479 4183 1571 4233 Ps.
1595 4195 1661 4230 ιι.
1680 4183 1731 4230 2.
1787 4176 1957 4226 Actor
1975 4184 2168 4233 rerum,
2185 4161 2271 4234 qui
2294 4166 2348 4217 in
2371 4181 2548 4216 servo·

1482 4274 1596 4310 rum
1630 4266 1866 4315 numero,
1899 4247 2185 4298 dominicas
2228 4251 2425 4295 tractat
2464 4259 2549 4307 ra-¹

1481 4336 1670 4398 tiones,
1708 4330 1801 4382 scd
1849 4325 1946 4380 sub
1993 4327 2350 4391 procuratore,
2392 4321 2548 4386 cnjus
