3017 4942
477 398 612 468 664

481 559 850 610 calamitatem.
916 557 1054 611 Vide
1087 572 1264 624 supra,
1299 560 1367 612 ad
1400 573 1545 612 xxx.

479 641 530 687 2.
565 637 714 687 Idem.

478 731 483 736 ·
549 712 636 762 Sic
673 711 876 777 quoque]
920 714 1228 779 Elegantem
1267 729 1414 765 usum
1452 713 1547 764 ba·

480 802 596 838 rum
618 789 992 853 particularum
1018 805 1116 840 non
1151 805 1417 855 possumus
1438 804 1545 839 nou

480 864 786 924 observare,
807 880 921 915 cum
942 867 1266 917 reconditum
1284 865 1542 931 quendam

482 955 688 991 sensnm
725 939 966 1005 afferant,
998 957 1061 993 ac
1094 943 1407 1007 significent,
1431 941 1543 1005 jam

482 1018 641 1068 etiam
666 1032 762 1082 per
783 1033 841 1069 se
865 1019 1056 1083 aliquid
1079 1019 1215 1081 fieri,
1249 1020 1326 1070 vei
1350 1018 1543 1068 facien·

484 1091 606 1141 dum
631 1106 769 1156 esse,
797 1108 913 1144 cnm
938 1094 1057 1159 quid
1081 1094 1298 1158 factum,
1326 1101 1418 1145 aut
1441 1107 1543 1145 non

480 1167 680 1221 factum
704 1186 720 1232 ;
790 1171 933 1229 item,
979 1172 1092 1237 jam
1139 1186 1407 1236 personam
1461 1173 1546 1222 vel

480 1261 612 1308 rem,
649 1247 717 1298 de
749 1263 852 1313 qua
886 1261 1056 1298 sermo
1087 1255 1188 1313 est,
1227 1264 1320 1298 sua
1355 1254 1545 1298 natura

480 1336 596 1373 esse
632 1324 809 1382 talem,
849 1325 1014 1388 qualis
1055 1332 1155 1375 est.
1223 1324 1311 1375 Sic
1345 1339 1543 1388 qaoque.

480 1401 517 1449 i.
543 1414 589 1449 e.
606 1400 716 1464 jam
750 1414 845 1465 per
873 1415 947 1463 se,
978 1401 1144 1465 [sehon
1165 1416 1230 1450 on
1249 1401 1352 1450 sich
1371 1400 1542 1464 solbat]

479 1477 639 1527 etiam
673 1491 790 1526 cum
818 1492 947 1527 onus
976 1478 1226 1528 vicesimo
1249 1492 1352 1527 non
1377 1477 1545 1540 impo-

477 1555 654 1616 situm,
683 1555 867 1605 abunde
895 1555 1072 1605 misera
1099 1569 1180 1604 res
1198 1559 1270 1604 est
1286 1554 1545 1618 pater-filio

476 1633 604 1681 solas
636 1633 790 1682 heres.
859 1631 981 1682 Pari
1027 1631 1187 1681 modo·
1219 1632 1427 1681 locutus
1461 1638 1545 1681 est

476 1707 714 1765 Tacitus,
759 1708 915 1758 Plinii
950 1709 1186 1773 aequalis,
1227 1707 1421 1757 Annal.
1462 1721 1544 1756 w.

478 1788 561 1835 40.
582 1791 632 1836 4.
665 1789 680 1815 ⁸
701 1786 791 1835 Sic
827 1799 1033 1851 quoque
1072 1799 1344 1849 erumpere
1385 1797 1543 1833 aemn-

475 1862 721 1912 latiouem
746 1861 1070 1923 feminarum,
1090 1857 1256 1924 eaque
1278 1859 1547 1910 discordia

477 1945 700 2001 nepotes
743 1937 966 1987 convelli
995 1953 1010 1987 z
1044 1936 1187 2000 quid,
1217 1936 1261 1985 si
1304 1934 1544 1985 intenda-

478 2018 567 2062 tur
611 2021 877 2064 certarnen
914 2013 1007 2063 tali
1046 2012 1293 2077 conjugio
1311 2011 1347 2062 ?’
1412 2014 1428 2039 ‘
1453 2013 1543 2062 Sic

480 2089 723 2156 qnoque,’
761 2091 796 2140 i.
818 2104 867 2139 e.
889 2090 1003 2154 ,iam
1027 2103 1122 2153 per
1143 2104 1200 2139 se
1221 2090 1401 2150 etiam,
1423 2104 1542 2139 cum

452 2164 678 2217 'nullum
733 2167 837 2217 tale
903 2167 971 2217 sit
1033 2167 1431 2224 matrimonium,
1486 2171 1544 2217 et

454 2256 664 2294 ‚caussa
700 2242 996 2306 discordioe,
1028 2251 1044 2273 ⁸
1073 2257 1351 2307 erumpere
1385 2257 1543 2291 aemu-

477 2320 726 2371 lationem
750 2320 1208 2384 feminarum,'etc.
1258 2320 1409 2370 Idem
1433 2319 1544 2369 An·

478 2397 586 2446 nal.
607 2410 707 2447 xv.
730 2401 808 2447 17.
833 2402 884 2448 2.
919 2399 936 2427 ‘
955 2398 1045 2447 Sic
1069 2410 1271 2462 quoqne
1292 2397 1545 2460 optimam

482 2471 745 2524 fortunam
789 2474 1058 2536 orandam,
1112 2483 1172 2524 ut
1214 2474 1376 2539 pedes
1419 2488 1545 2524 con-

479 2547 653 2601 fectus
700 2552 883 2615 spatiis
924 2552 1190 2615 itinerum,
1230 2552 1452 2600 alacrem
1488 2557 1546 2599 et

477 2624 735 2679 facilitate
786 2643 1087 2694 camporum
1136 2629 1544 2694 pmvenieutem

477 2705 708 2770 equitem
745 2705 1146 2771 assequeretur?
1194 2706 1405 2757 Curtius
1440 2718 1547 2754 vu.

477 2783 527 2829 8.
552 2785 633 2830 13.
662 2781 681 2809 ‘
702 2781 791 2832 Sic
815 2796 1021 2846 quoque
1049 2781 1394 2844 concupiscis,
1424 2794 1545 2844 quae

477 2869 583 2906 non
617 2856 800 2923 capis‚'
832 2858 867 2908 i.
892 2872 941 2907 e.
962 2858 1074 2922 jam
1111 2858 1293 2922 etiam,
1313 2872 1433 2907 eum
1456 2856 1545 2906 Dii

477 2931 709 2983 habitum
745 2934 982 2999 corporis
1014 2933 1267 2984 aviditati·
1286 2933 1444 2984 animi
1467 2932 1545 2983 tui

477 3022 658 3072 parem
708 3023 823 3059 esse
879 3011 1159 3071 noluerint,
1210 3018 1304 3060 tua
1357 3018 1547 3060 natura

479 3092 496 3116 ⁸
516 3087 857 3150 concupiscis,
875 3102 992 3152 quae
1007 3102 1110 3138 non
1130 3089 1308 3153 capis-³
1359 3089 1445 3139 Ad
1462 3104 1546 3139 se·

479 3161 694 3227 quentia
708 3163 886 3228 verba,
897 3164 914 3192 ⁴
925 3169 1074 3228 pater
1086 3163 1194 3214 filio
1207 3164 1346 3215 solus
1360 3164 1547 3224 lieres,’

466 3239 534 3289 ‘in
560 3241 815 3305 nni-gine
874 3247 1219 3293 annotaverat
1260 3243 1547 3310 Livineius,

475 3317 590 3367 scii.
626 3319 643 3347 ‘
664 3317 778 3367 sine
808 3317 1132 3383 nepotibus3'
1166 3321 1311 3384 qnasi
1343 3321 1545 3372 Plinius

476 3393 656 3444 dicere
679 3394 921 3452 voluerit,
943 3402 1050 3444 tum
1074 3395 1282 3446 demum
1305 3398 1544 3448 miseram

478 3482 589 3519 rem
604 3469 736 3527 fore,
754 3471 798 3520 si
811 3470 946 3521 filius
964 3471 1271 3523 decessisset
1294 3474 1449 3524 nullis
1469 3489 1545 3525 re·

477 3547 617 3599 lictis
640 3549 837 3611 liberis,
857 3554 915 3600 et
931 3550 1006 3599 sic
1029 3551 1140 3601 sine
1159 3551 1223 3601 iis
1235 3552 1372 3602 solus
1394 3551 1543 3603 bere·

479 3623 701 3675 ditatem
718 3634 960 3676 cerneret
981 3635 1153 3691 pater.
1190 3629 1366 3692 Negat
1382 3628 1542 3680 Arnt·

480 3701 679 3758 zenius‚
712 3702 850 3752 bunc
888 3715 1069 3752 verum
1106 3703 1255 3768 hujus
1289 3704 1387 3754 loci
1425 3720 1543 3757 esse

477 3789 686 3829 sensnm
705 3794 721 3839 ς
755 3786 1032 3845 putatque,
1044 3779 1062 3808 ‘
1076 3781 1239 3831 solum
1264 3782 1509 3833 heredem
1526 3782 1543 3809 '

474 3853 562 3904 hic
584 3869 717 3919 esse,
749 3855 793 3904 si
823 3856 1020 3906 nullum
1047 3858 1199 3907 alium
1223 3857 1465 3909 heredem
1489 3862 1542 3911 in

474 3936 792 3981 testamento
833 3932 1198 3996 adscripsisset
1234 3935 1348 3998 ipse
1387 3935 1544 3985 filius.

476 4008 583 4060 Sed
605 4011 786 4074 ntique
810 4024 1019 4072 censeo,
1052 4012 1204 4061 istum
1229 4027 1406 4063 verum
1435 4015 1545 4064 Pii·

474 4085 549 4134 nii
583 4100 956 4137 essesensum.
1025 4088 1278 4152 Loquitur
1305 4092 1441 4140 enim
1477 4092 1544 4141 de

476 4163 817 4212 successione
831 4163 896 4213 ab
922 4164 1190 4224 intestato,
1213 4180 1315 4215 nou
1348 4180 1414 4217 ex
1440 4173 1546 4218 tes-

473 4244 746 4288 tamento:
780 4238 858 4288 sic
881 4253 1065 4289 revera
1100 4240 1345 4292 indicium
1367 4245 1547 4293 miser·

474 4313 621 4382 ninam
650 4313 892 4365 orbitatis
925 4318 1043 4366 erat
1063 4316 1079 4344 ‘
1098 4325 1249 4380 pater
1271 4317 1381 4370 filio
1403 4320 1547 4377 solus,

1167 415 1391 470 80¹1*AE
1438 414 1853 468 vAntomm
1903 418 1988 468 nt

1618 560 1809 612 berea!
1876 563 1945 612 Et
1966 558 2105 628 quod
2128 559 2365 613 solatium
2389 560 2454 612 sd
2478 565 2690 626 patrem

1620 636 1979 701 redundasset,
2008 639 2050 688 si
2076 635 2216 688 filius
2240 639 2576 703 peregrinum
2600 655 2689 690 co·

1619 713 1863 766 heredem
1899 715 2265 781 adscripsisset
2294 719 2431 781 patri
2451 719 2482 766 ?-
2506 719 2663 767 Idem.

1684 789 1732 839 A
1756 790 1896 857 filio]
1936 792 2050 842 Nec
2088 797 2400 841 testamento
2446 791 2560 856 ejus
2599 792 2691 842 da·

1617 873 1748 925 tum,
1788 882 1886 918 nec
1921 868 1970 918 ei
1997 869 2260 933 junctum,
2298 869 2468 934 qualis
2493 875 2579 920 est
2601 867 2689 920 fis·

1618 957 1728 1006 cus,
1757 946 2022 1008 qnem·lex
2047 945 2259 1009 ingerit.
2289 946 2427 1010 Lipr.

1683 1021 1830 1078 Illam
1861 1020 2206 1086 exceptionem]
2257 1022 2389 1072 Cod.
2428 1019 2689 1072 salisbur-

1619 1096 1813 1159 gensis,
1851 1110 1947 1161 pro
1986 1111 2113 1147 voce
2147 1097 2484 1162 exceptionem,
2508 1095 2692 1146 liabnit

1616 1175 1968 1236 acceptionem3
2002 1173 2093 1224 sed
2123 1175 2237 1238 jam
2272 1175 2480 1239 antiqua
2508 1188 2690 1223 manns

1619 1250 1853 1313 reposuit
1894 1252 2236 1313 exceptionem.
2319 1251 2536 1301 Scilicet
2586 1250 2693 1301 ista

1618 1324 1778 1375 verba
1796 1324 2005 1376 fuerunt
2021 1329 2070 1375 iu
2090 1327 2267 1378 edicto
2286 1329 2477 1378 Nervae
2496 1342 2513 1389 3
2535 1340 2690 1393 quem

1615 1408 1789 1452 autem
1828 1404 2195 1468 exceptionem
2229 1404 2501 1469 Trajanus,
2542 1411 2604 1453 nt
2634 1418 2693 1453 se

1619 1477 1975 1541 benigniorem
2057 1480 2383 1541 ostenderet,
2461 1479 2693 1530 sustulit.

1619 1555 1774 1607 Quod
1802 1556 1847 1605 si
1877 1570 2000 1605 vero
2033 1557 2285 1621 Trajanus
2308 1556 2420 1621 jam
2449 1556 2540 1606 illo
2563 1560 2692 1605 tem-

1621 1646 1766 1694 pore,
1806 1647 1907 1697 quo
1949 1633 2034 1683 iiic
2081 1634 2431 1699 panegyricus
2475 1630 2691 1681 habitus

1620 1716 1720 1762 est.
1755 1710 1977 1759 removit
2008 1710 2158 1760 istam
2190 1709 2582 1773 exceptionem,
2605 1722 2695 1756 vo·

1619 1784 1842 1849 luitque,
1863 1791 1939 1846 ut,
1963 1786 2171 1836 etiamsi
2194 1785 2331 1836 filius
2350 1799 2453 1835 non
2475 1791 2619 1835 esset
2639 1785 2696 1833 in

1619 1869 1885 1924 potestate
1941 1864 2128 1926 patris,
2185 1870 2454 1926 paternam
2513 1868 2694 1911 tamen

1617 1939 1966 1989 hereditatem
2034 1946 2291 2003 caperet3
2345 1938 2543 1999 neseio,
2596 1951 2695 1987 cur

1620 2023 1803 2079 postea
1853 2015 2059 2065 Plinius
2098 2016 2267 2079 Epist.
2307 2028 2367 2066 x.
2411 2019 2462 2064 6.
2501 2028 2621 2064 cum
2660 2028 2696 2064 ι

1617 2092 1842 2156 Trajano
1862 2099 2091 2155 peteret,
2110 2099 2167 2141 ut
2186 2091 2366 2141 liberis
2386 2089 2694 2154 Chrysippi,

1617 2168 1856 2232 Epigono
1890 2176 1943 2218 et
1965 2167 2284 2225 Mithridati,
2318 2167 2469 2217 daret
2503 2166 2691 2216 civita-

1618 2250 1745 2306 tem,
1780 2252 1952 2295 tamen
1990 2258 2209 2295 necesse
2233 2244 2450 2308 putarit,
2484 2243 2636 2293 simul
2660 2257 2693 2291 a

1617 2320 1846 2385 Trajano
1872 2328 2072 2385 petere,
2103 2329 2161 2371 ut
2184 2320 2237 2370 hi
2260 2320 2410 2370 liberi
2434 2329 2613 2371 essent
2636 2320 2690 2369 in

1617 2398 1780 2461 'patris
1805 2404 2087 2462 potestate.
2130 2397 2375 2447 Selia-urz.

1692 2475 1803 2525 Vim
1843 2476 2085 2539 legemque
2127 2474 2339 2537 natura]
2389 2474 2456 2524 In
2501 2471 2691 2526 codiee

1614 2553 1995 2616 Salisburgensi
2030 2552 2246 2616 legimus
2280 2551 2502 2601 videlicet
2534 2553 2691 2614 legens

1616 2635 1821 2679 murce.
1885 2627 1992 2678 Sed
2019 2627 2198 2685 credo,
2220 2627 2351 2677 hauc
2371 2628 2690 2678 varietatem

1619 2721 1683 2756 ex
1708 2705 2034 2771 compendiis
2067 2704 2330 2756 scribendi
2353 2711 2525 2755 ortam
2559 2719 2696 2756 esse.

1619 2786 1775 2836 Idem.

1682 2861 1902 2926 Semper]
1937 2861 2114 2912 Etiam
2131 2859 2360 2925 grandes
2382 2866 2440 2909 et
2457 2859 2689 2918 adultos,

1618 2938 1780 2989 etiam
1828 2944 1982 3003 patre
2014 2937 2300 3002 digniores,
2346 2937 2693 3001 potentiores.

1618 3014 1740 3065 Huc
1760 3015 1898 3064 enim
1921 3027 2148 3079 sequens
2171 3011 2498 3078 comparatio
2532 3024 2693 3076 spec·

1619 3098 1720 3142 tat.
1750 3090 1890 3155 Lips.

1631 3211 1636 3214 .
1683 3167 1748 3217 In
1768 3167 1949 3217 ditione
1964 3164 2242 3230 pareatum]
2274 3171 2290 3195 ⁴
2309 3162 2543 3230 Στέργω
2577 3165 2693 3215 sive

1616 3246 1820 3307 ailigere
1855 3252 2121 3310 parentes,
2161 3249 2362 3295 natum
2400 3244 2571 3309 prima
2604 3244 2692 3294 lex

1619 3321 1739 3385 est,’
1754 3322 1871 3372 Val.
1895 3321 2043 3372 Max.
2063 3336 2120 3371 v.
2137 3325 2189 3372 4.
2211 3325 2264 3372 7.
2288 3336 2441 3386 quam
2463 3334 2692 3384 sequun-

1620 3406 1706 3448 tur
1721 3398 1894 3449 omnia
1933 3398 2193 3449 animalia.
2259 3397 2337 3447 At
2372 3411 2498 3446 vero
2528 3397 2695 3462 τιμᾷν,

1611 3490 1800 3539 parere,
1832 3481 1917 3524 est
1948 3474 2087 3540 juria
2126 3473 2360 3538 gentium
2395 3480 2453 3524 et
2485 3481 2690 3523 tautum

1616 3554 1899 3604 hominnm.
1962 3552 2138 3601 Homo
2184 3551 2365 3615 igitur,
2398 3565 2502 3616 qua
2536 3550 2688 3600 homo

1617 3638 1719 3691 est,
1757 3628 1965 3679 etiamsi
2006 3627 2077 3677 sit
2112 3626 2315 3691 fortior,
2360 3626 2691 3682 imbecilliori

1617 3712 1794 3756 tamen
1818 3703 2023 3769 parenti
2041 3702 2363 3767 obsequitur.
2382 3707 2578 3756 morem'
2600 3715 2689 3764 ge·

1617 3783 1705 3839 rit,
1735 3782 1958 3846 patriam
1985 3786 2191 3830 tuetur:
2228 3793 2333 3842 qua
2368 3786 2545 3828 autem
2578 3779 2689 3827 ani·

1617 3860 1719 3909 mal
1743 3865 1943 3908 naturae
1969 3857 2132 3906 ductu
2156 3855 2348 3904 nemini
2374 3854 2472 3903 nisi
2496 3854 2689 3906 viribus

1617 3935 1878 3998 superiori
1913 3932 2075 3989 cedit,
2098 3931 2184 3996 jus
2217 3930 2273 3981 in
2309 3929 2501 3981 viribus
2525 3931 2690 3995 ponit.

1615 4012 1772 4062 Beru.

1667 4091 1746 4140 In
1767 4086 1975 4151 ditione]
2008 4086 2057 4137 1.
2078 4101 2129 4137 e.
2165 4087 2217 4136 in
2254 4092 2540 4150 potestate.
2605 4085 2689 4137 Its

1620 4168 1807 4219 Cicero
1827 4165 2119 4226 identidem
2144 4172 2423 4226 utrumque
2458 4163 2687 4215 vocabu·

1618 4246 1724 4295 lum
1746 4241 2010 4308 conjungit
2029 4257 2044 4302 ς
2070 4255 2121 4290 v.
2138 4255 2191 4305 g.
2214 4252 2310 4304 pro
2332 4240 2550 4292 Quinct.
2565 4254 2615 4290 c.
2636 4244 2687 4291 2.

1621 4321 1882 4385 Ὄππιος,
1924 4331 2144 4384 quorum
2184 4316 2239 4367 in
2272 4316 2490 4382 alterius
2531 4331 2685 4369 manu
