3017 4942
484 341 622 410 fios

487 508 652 567 gente,
667 505 824 567 purte.
888 500 1103 551 Dicitur
1126 504 1309 550 autem*
1326 514 1450 564 gens
1475 498 1561 550 ΔΞ·

482 578 1153 646 ςγρίίοωιιιίεοηπάίεείηια,
1167 592 1266 628 non
1286 585 1393 627 tam
1411 591 1561 640 prop-

496 665 582 710 ter
598 661 898 707 consuetam
915 654 1283 704 fecunditatem
1302 668 1563 718 agrorum,

494 748 649 798 quam
670 739 885 798 propter
898 732 1154 782 hominum
1171 730 1562 782 fecunditatem.

490 810 698 864 Colum·
718 824 807 860 111.
827 814 877 860 8.
906 808 923 837 ⁶
943 808 1261 861 Quibusdam
1282 804 1561 872 gentibus,'

492 886 683 951 inquit,
706 890 722 916 ‘
740 894 931 936 natura
953 900 1281 934 numerosam
1305 897 1563 948 progene-

495 962 648 1014 randi
684 962 914 1013 sobolem
950 960 1117 1024 dedit,
1142 967 1200 1010 ut
1225 960 1482 1024 AEgyptiis
1503 964 1563 1009 et

492 1038 660 1102 Afris,
698 1039 884 1104 quibus
922 1039 1113 1101 gemini
1154 1046 1334 1099 partus
1374 1033 1562 1085 famili-

494 1130 636 1178 ares‚
657 1131 719 1166 ac
743 1129 890 1180 poene
913 1115 1149 1165 solennes
1173 1113 1329 1164 sunt.’
1362 1113 1563 1164 Plinius

492 1193 691 1258 Major,
735 1206 841 1243 vu.
884 1197 936 1246 2.
982 1198 997 1221 ‘
1017 1191 1358 1255 Tergeminos
1404 1191 1563 1249 nasci,

494 1268 637 1320 iuter
676 1275 882 1319 ostenta
922 1269 1161 1329 ducitur;
1212 1276 1562 1332 praeterquam

490 1346 551 1396 iu
591 1345 838 1410 AEgypto,
880 1345 969 1396 ubi
1013 1346 1192 1395 fetifer
1237 1353 1364 1409 potu
1407 1346 1562 1395 Nilus

494 1424 665 1476 amnis
687 1455 703 1472 .
721 1455 736 1471 .
752 1453 766 1468 .
791 1423 859 1472 Et
880 1422 930 1471 in
949 1422 1172 1487 AEgypto
1196 1430 1442 1484 septenos
1462 1434 1563 1470 nno

491 1507 646 1551 utero
664 1501 814 1550 simul
839 1500 1000 1563 gigni,
1019 1506 1203 1549 auctor
1225 1507 1306 1548 est
1322 1498 1564 1562 Trogus.'

492 1578 649 1630 Unde
683 1583 737 1627 et
767 1578 974 1627 Solinus
999 1590 1047 1626 c.
1070 1581 1116 1626 3.
1152 1577 1168 1606 ‘
1188 1576 1321 1625 Cum
1347 1571 1563 1624 fetifer-o

493 1661 625 1719 potu
649 1654 798 1703 Nilus
819 1668 921 1702 non
947 1658 1148 1702 tautum
1170 1659 1447 1713 terrarum,
1469 1649 1562 1700 sed

494 1732 652 1784 etiam
698 1730 982 1793 hominnm,
1022 1736 1257 1779 materna
1309 1726 1595 1778 fecundat·

491 1808 653 1858 arva.'
708 1809 781 1857 Et
801 1809 1006 1857 Seneca
1029 1808 1223 1856 Natur.
1246 1806 1447 1857 Qliaest.
1472 1818 1561 1854 ιιι.

491 1888 579 1934 25.
616 1883 991 1935 ‘Quorundam
1027 1897 1213 1933 caussa
1249 1896 1348 1931 non
1389 1887 1564 1945 potest

490 1959 664 2017 reddi,
698 1974 854 2025 quare
892 1974 1027 2025 aqua
1057 1959 1290 2010 Nilotica
1326 1957 1561 2008 fecundi·

493 2052 614 2091 ores
636 2036 857 2086 feminas
878 2035 1060 2101 faciat,
1081 2037 1232 2097 adeo,
1255 2042 1313 2086 ut
1338 2049 1563 2100 quarun-

492 2114 614 2166 dam
659 2114 858 2162 viscera
894 2113 1060 2176 longa
1105 2113 1385 2162 sterilitate
1430 2126 1562 2174 prae-

490 2190 640 2239 clusa
656 2188 721 2238 ad
744 2196 1052 2253 conceptum
1079 2187 1435 2242 relaxaverit.',
1467 2188 1561 2238 Ni·

492 2265 567 2316 hil
601 2266 733 2314 adeo
766 2280 900 2329 ‚opus
937 2257 1068 2327 fuit,
1096 2272 1154 2314 ut
1189 2265 1427 2321 Bebrius,
1465 2279 1563 2329 pro

481 2341 831 2402 fecundissima
861 2348 1022 2404 gente,
1055 2343 1232 2391 mallet
1264 2343 1433 2397 legere
1445 2341 1562 2399 sru-

491 2432 608 2480 gum
622 2424 851 2481 proventu
874 2418 1146 2468 beatissima
1165 2422 1326 2480 gente.
1359 2417 1563 2466 Plinius

496 2509 640 2552 vero,
660 2495 842 2544 mirum
859 2495 911 2545 in
928 2495 1134 2544 modum
1153 2501 1563 2558 exaggeraturns

486 2570 700 2624 laudem
726 2572 1053 2622 liberalitatis
1072 2571 1302 2635 Trajani,
1327 2570 1477 2632 dicit,
1496 2569 1564 2617 is·

493 2656 625 2712 tam,
654 2651 981 2713 quantumvis
1012 2648 1455 2706 fecundissimam,
1477 2647 1562 2698 ΙΕ-

495 2725 795 2789 gyptiornm
819 2733 1029 2789 gentem
1054 2738 1117 2772 ex
1145 2737 1360 2773 annonae
1388 2723 1581 2786 inopia⁴

488 2800 819 2854 ,interituram
839 2800 1020 2863 fuisse,
1033 2802 1076 2848 si
1096 2814 1158 2850 ea
1174 2798 1357 2849 fuisset
1376 2799 1564 2859 libera,

490 2877 594 2934 hoc
627 2887 726 2940 est,
761 2880 805 2928 si
842 2892 946 2927 nou
981 2877 1220 2941 subjecta
1253 2875 1443 2926 fuisset
1472 2877 1563 2924 im-

496 2956 645 3019 perio
663 2956 922 3016 Romano,
944 2954 1092 3019 sique
1115 2954 1367 3006 caruisset
1390 2954 1564 3016 provi-

496 3033 676 3085 dentia
697 3040 855 3097 atque
878 3046 1004 3082 cura
1025 3031 1357 3095 imperatoris
1381 3031 1565 3095 benig-

493 3109 716 3166 nissimi.
759 3108 912 3158 Idem.

566 3185 723 3240 Quam
760 3183 1095 3248 torquebatur]
1143 3184 1406 3234 Labecula
1444 3184 1564 3235 huic

492 3259 614 3316 loco
639 3259 888 3321 adspersa
908 3258 1029 3310 fuit.
1075 3260 1281 3309 Etenim
1306 3274 1408 3308 non
1434 3274 1563 3323 pau·

495 3349 575 3386 cae
602 3332 875 3396 editiones,
907 3349 1002 3384 nec
1033 3336 1203 3385 minus
1243 3336 1451 3400 quidam
1474 3352 1560 3390 co·

495 3412 642 3463 dices
663 3414 868 3478 scripti,
889 3414 1079 3463 babent
1109 3428 1201 3477 qna
1238 3415 1567 3477 torquebatur.

488 3489 572 3544 At
626 3490 791 3541 codex
835 3490 1169 3557 Parisiensis,
1205 3492 1461 3549 Venetus,
1505 3500 1563 3542 et

481 3580 663 3628 meus,
672 3567 876 3618 rectius
901 3582 962 3616 ac
985 3568 1274 3631 signantius
1296 3583 1439 3631 quam
1463 3574 1561 3617 tor·

480 3643 742 3707 quebatur.
811 3644 1043 3702 Scilicet,
1079 3654 1328 3708 qnantum
1363 3643 1562 3709 AEgyp·

494 3727 582 3774 tus
625 3728 748 3771 tnnc
790 3721 1129 3785 torquebatur
1172 3720 1328 3781 fame,
1361 3728 1561 3774 tantum

495 3796 871 3859 erubescebat;
910 3799 1144 3862 utrisque
1180 3798 1327 3846 malis
1363 3798 1565 3861 paritet

496 3874 726 3928 occurrit
742 3875 1016 3938 Trajanus.
1045 3873 1199 3923 Hanc
1223 3874 1562 3936 posteriorem

495 3951 893 4014 lectionemjam
915 3952 1136 4001 antebac
1162 3950 1443 4013 prodidere
1463 3951 1569 4001 Be-

495 4029 728 4087 roaldus,
774 4030 1071 4092 Catanaeus,
1112 4029 1299 4092 Aldus,
1346 4028 1564 4090 Navius,

497 4105 726 4169 Lipsius,
745 4107 1032 4167 Gruterus,
1057 4106 1398 4162 parisienses,
1432 4106 1564 4156 Ber,-

492 4194 715 4243 negger,
736 4181 973 4238 Patarol,
995 4181 1154 4231 Cera.
1206 4180 1358 4229 Idem.

422 4263 431 4273 ’
508 4307 533 4316 ,,
568 4258 841 4323 Quibusque
882 4261 942 4309 de
982 4257 1184 4321 campis]
1238 4258 1565 4310 Particulam

470 4697 475 4706 .

461 4723 605 4889 ι
624 4831 633 4840 ,

1186 354 1408 404 1⁵10?AE
1459 351 1871 405 vammum
1923 354 2006 404 tu

1634 499 1913 560 ἐγκλιτιιὴν
1940 513 2028 564 qus
2064 496 2267 560 admisi,
2288 497 2411 564 qnia
2430 511 2544 548 eam
2570 498 2702 548 Cus-

1636 581 1897 642 piniauus‚
1930 578 2155 643 Lipsius,
2192 578 2471 634 Gruterus,
2506 577 2703 627 Parisi-

1636 655 1990 718 enses,.Ceva,
2012 659 2068 704 et
2097 655 2435 704 recentissimi
2469 654 2703 704 editores

1636 731 1914 782 admisere.
1976 733 2024 782 E
2070 732 2263 782 ceteris
2303 732 2449 782 libris
2493 730 2702 782 excusis

1634 808 1947 873 scriptisque
1970 805 2152 858 eadem
2176 809 2372 857 exulat.
2408 809 2516 857 Pro
2542 808 2704 858 verbo

1636 885 1985 935 antecedente
2027 884 2347 944 reses-sissent,
2383 884 2524 933 Cera
2560 884 2704 933 exhi-

1637 959 1726 1010 bet
1760 959 2089 1023 replevissent,
2112 960 2251 1025 quod
2276 974 2398 1010 vero
2419 975 2485 1009 ex
2507 961 2704 1023 glosse-

1637 1041 1776 1086 mate
1798 1035 2090 1085 dimauasse
2113 1035 2339 1084 videtur.
2385 1036 2538 1085 Idem.

1704 1110 2053 1174 Quibusquede
2069 1110 2270 1173 eampis]
2297 1111 2480 1166 Quibus
2493 1112 2557 1159 de
2577 1125 2704 1160 cans·
2735 1104 2740 1109 ’

1631 1188 1710 1252 pis
1721 1203 1742 1246 ,·
1764 1187 1876 1244 sed,
1898 1188 2156 1251 quibusque
2174 1189 2232 1237 de
2252 1187 2432 1250 campis
2451 1186 2513 1237 C.
2537 1186 2704 1235 Livia.

1701 1264 1846 1314 Alius
1872 1265 2053 1328 amnis]
2084 1264 2230 1315 Alius
2257 1278 2410 1316 uanus
2432 1264 2501 1313 V.
2516 1264 2581 1315 C.
2614 1262 2702 1312 Li-

1631 1356 1741 1392 mn.
1993 1372 1999 1380 .

1702 1417 1844 1467 Alius
1896 1417 2079 1482 amuis]
2139 1417 2314 1479 Nilus,
2363 1414 2706 1465 fecunditatis

1637 1502 1839 1550 auctor.
1917 1493 2023 1545 Sed
2077 1494 2246 1542 verior
2302 1492 2461 1544 lectio
2519 1506 2706 1541 unas.-

1637 1573 1767 1624 alius
1789 1570 1913 1621 alibi
1938 1578 2247 1634 proventus,
2263 1578 2319 1620 et
2337 1569 2533 1619 messis.
2565 1569 2708 1632 Lips.

1702 1649 1846 1699 Alius
1863 1646 2044 1709 amnis]
2079 1648 2273 1697 Verum
2304 1654 2402 1707 est,
2427 1648 2496 1696 al.
2534 1660 2706 1695 eunus.

1637 1725 1911 1775 Claudian.
1930 1724 1995 1773 de
2011 1725 2077 1772 B.
2094 1722 2164 1774 G.
2189 1729 2204 1752 ‘
2224 1723 2487 1788 Memphis
2501 1722 2547 1771 si
2566 1720 2706 1772 for-te

1636 1810 1897 1865 negasset,
1917 1801 2207 1850 Pensabam
2234 1798 2484 1848 Pharium
2509 1798 2707 1848 Gaetu-

1636 1878 1700 1928 lis
1734 1878 1985 1932 messibus
2006 1878 2230 1928 anuum.'
2285 1878 2423 1944 Stat.
2446 1876 2593 1940 Sylv.
2615 1889 2705 1925 lu.

1637 1956 1794 2007 Metii
1822 1956 2026 2007 Celeris
2053 1953 2464 2018 Propemptico=
2499 1959 2517 1981 ⁶
2537 1954 2703 2001 Trans

1637 2047 1846 2097 oequora
1865 2033 2215 2084 terrisPrima
2228 2031 2558 2082 Dicarchaeis
2574 2029 2707 2079 Pha-

1635 2109 1767 2158 rium
1795 2109 1967 2173 gravis
1991 2109 2172 2158 intulit
2192 2104 2418 2156 aunum.’
2470 2104 2638 2156 Licin.

1699 2187 1901 2252 Amnis]
1948 2188 2086 2238 Sane
2123 2188 2304 2237 melior
2342 2186 2522 2249 lectio,
2551 2198 2705 2249 quam

1637 2281 1720 2324 ea,
1743 2283 1913 2320 annus.
1930 2268 2099 2317 Facit
2122 2266 2259 2316 enim
2277 2271 2550 2329 stupentes
2569 2262 2707 2325 ,agri-

1637 2345 1775 2393 colas
1806 2344 1870 2393 ad
1904 2344 2161 2394 insolitum
2186 2356 2421 2398 messem,
2454 2347 2509 2389 et
2538 2340 2707 2403 requi·

1640 2429 1836 2478 rentes,
1856 2420 2036 2485 ecquis
2060 2420 2191 2470 alius
2223 2420 2412 2481 amnis,
2435 2418 2548 2467 scil.
2575 2431 2709 2480 prea-

1639 2504 1724 2547 ter
1769 2498 1968 2559 Nilum,
2013 2497 2155 2548 illam
2201 2495 2423 2547 dederit.
2493 2495 2706 2556 Quippe

1639 2575 1885 2637 agricola!
1909 2573 2138 2637 AEgyptii
2175 2581 2379 2636 putant,
2412 2570 2705 2620 fecundita-

1639 2657 1747 2701 tem
1782 2651 2013 2701 amnibus
2051 2656 2254 2700 tantum
2277 2650 2490 2712 ‘debet-i,
2524 2647 2708 2706 nescii,

1638 2729 1778 2793 quod
1819 2729 1978 2778 etiam
2021 2728 2246 2791 pluviis.v
2299 2719 2435 2775 Haec
2475 2726 2709 2788 Berneg·

1639 2820 1792 2867 gerns
1830 2804 1892 2853 ad
1927 2804 2213 2866 marginem
2247 2802 2325 2851 sui
2360 2801 2522 2852 Plinii
2548 2800 2706 2850 aduo-

1641 2890 1795 2932 tarat.
1850 2883 2088 2932 Fviseltm.

1704 2962 1849 3012 Alius
1868 2961 2045 3024 amnis]
2088 2961 2307 3024 Nempe,
2329 2959 2416 3023 qui
2440 2972 2610 3022 aeque,
2645 2971 2707 3006 ac

1640 3038 1815 3100 Nilus,
1884 3036 2224 3087 fecundasset
2284 3035 2596 3099 AEgyptum,
2647 3041 2706 3082 ut

1639 3113 1826 3161 horrea
1880 3111 2115 3174 frugibus
2174 3110 2376 3174 impleri
2425 3109 2710 3173 potuerim.

1640 3189 1864 3239 Omnem
1889 3190 2025 3239 enim
2047 3202 2266 3238 annonae
2301 3186 2505 3250 copiam
2532 3202 2563 3236 a
2598 3188 2707 3236 solo

1642 3266 1765 3316 Nilo
1812 3280 1903 3314 sno
1942 3265 2070 3316 alias
2114 3264 2472 3328 expectabant
2511 3263 2707 3326 AEgyp·

1640 3341 1720 3391 tii.
1789 3341 1940 3391 Unde
1963 3355 2149 3405 ,supi-a,
2183 3354 2324 3391 xxx.
2356 3344 2407 3389 4.
2432 3340 2563 3389 dixit
2601 3339 2707 3388 Pli-

1638 3418 1771 3479 nius,
1819 3424 1834 3447 ‘
1859 3416 2113 3481 AEgyptus
2163 3416 2239 3466 sic
2285 3431 2438 3479 opem
2486 3416 2707 3466 Caesaris

1639 3493 1922 3556 invocavit,
1978 3500 2037 3543 nt
2089 3494 2229 3543 solet
2261 3507 2472 3542 amnem
2493 3534 2500 3539 .
2523 3490 2709 3542 suum.'

1640 3569 1798 3632 Ergo,
1827 3568 1967 3633 quod
1994 3570 2102 3632 jam
2139 3569 2527 3632 Berneggerus,
2571 3568 2709 3619 Bau-

1615 3647 1777 3711 dius,
1805 3654 1871 3697 «et
1903 3646 2171 3714 Gesnerus
2206 3645 2520 3711 probarunt,
2555 3660 2706 3704 vocs·

1640 3724 1819 3775 bulum
1863 3723 2016 3772 amuis
2051 3722 2188 3773 bene
2220 3730 2472 3786 recteque
2499 3723 2593 3773 liic
2629 3724 2705 3773 lo·

1640 3815 1755 3850 cnm
1805 3800 1995 3849 babere
2040 3805 2247 3863 potest;
2292 3807 2351 3849 ut
2383 3800 2567 3857 mirer,
2613 3813 2707 3850 cut·

1639 3877 1849 3940 Lipsius
1881 3878 2190 3941 praeoptarit
2217 3891 2408 3935 *annau
2444 3876 2583 3941 quod
2619 3891 2707 3926 no·

1640 3968 1755 4002 men
1773 3968 1910 4003 nunc
1929 3968 2137 4018 quoque
2149 3952 2357 4016 recepit
2373 3952 2708 4004 Arotzenius.

1639 4028 1893 4093 Equidem
1909 4029 2022 4092 jam
2056 4036 2179 4080 ante
2203 4028 2252 4077 id
2280 4027 2572 4078 ‚ediderunt
2595 4028 2712 4078 Pus

1644 4108 1899 4163 teolanus,
1943 4106 2309 4169 cuspinianus.
2354 4105 2708 4163 Philomusus,

1639 4191 1698 4233 et
1730 4183 2019 4244 Gruterum
2055 4181 2296 4246 idemque
2330 4181 2584 4244 scriptum
2617 4187 2712 4235 ,est

1641 4263 1693 4311 in
1728 4260 1911 4312 codice
1946 4260 2170 4321 Veneto,
2206 4269 2262 4310 et
2294 4271 2433 4321 meo,
2467 4264 2525 4314 ut
2559 4262 2625 4307 et:
2651 4258 2705 4308 in
