<?xml version="1.0" encoding="UTF-8"?>
<!DOCTYPE html PUBLIC "-//W3C//DTD XHTML 1.0 Transitional//EN"
    "http://www.w3.org/TR/xhtml1/DTD/xhtml1-transitional.dtd">
<html xmlns="http://www.w3.org/1999/xhtml" xml:lang="en" lang="en">
 <head>
  <title>
</title>
<meta http-equiv="Content-Type" content="text/html;charset=utf-8" />
  <meta name='ocr-system' content='tesseract 3.04.00' />
  <meta name='ocr-capabilities' content='ocr_page ocr_carea ocr_par ocr_line ocrx_word'/>
</head>
<body>
  <div class='ocr_page' id='page_1' title='image "./panegyriciveter01unkngoog_0189.png"; bbox 0 0 3017 4942; ppageno 0'>
   <div class='ocr_carea' id='block_1_1' title="bbox 723 397 2068 465">
    <p class='ocr_par' dir='ltr' id='par_1_1' title="bbox 723 397 2068 465">
     <span class='ocr_line' id='line_1_1' title="bbox 723 397 2068 465; baseline 0.013 -18"><span class='ocrx_word' id='word_1_1' title='bbox 723 397 785 449; x_wconf 84' lang='lat' dir='ltr'>c.</span> <span class='ocrx_word' id='word_1_2' title='bbox 836 398 1080 450; x_wconf 62' lang='lat' dir='ltr'>eumn</span> <span class='ocrx_word' id='word_1_3' title='bbox 1130 400 1464 455; x_wconf 69' lang='lat' dir='ltr'>saeuum</span> <span class='ocrx_word' id='word_1_4' title='bbox 1519 408 1794 459; x_wconf 64' lang='lat' dir='ltr'>pause:</span> <span class='ocrx_word' id='word_1_5' title='bbox 1877 414 1925 462; x_wconf 90' lang='lat'>1.</span> <span class='ocrx_word' id='word_1_6' title='bbox 1957 397 2068 465; x_wconf 83' lang='lat'>31.</span> 
     </span>
    </p>
   </div>
   <div class='ocr_carea' id='block_1_2' title="bbox 261 534 1352 4462">
    <p class='ocr_par' dir='ltr' id='par_1_2' title="bbox 276 534 1345 751">
     <span class='ocr_line' id='line_1_2' title="bbox 276 534 1344 606; baseline 0.01 -16"><span class='ocrx_word' id='word_1_7' title='bbox 276 534 417 590; x_wconf 78' lang='lat' dir='ltr'>libro</span> <span class='ocrx_word' id='word_1_8' title='bbox 433 537 735 606; x_wconf 75' lang='lat' dir='ltr'>&#39;Vossian03</span> <span class='ocrx_word' id='word_1_9' title='bbox 768 555 946 596; x_wconf 77' lang='lat' dir='ltr'>verum</span> <span class='ocrx_word' id='word_1_10' title='bbox 978 547 1145 599; x_wconf 85' lang='lat' dir='ltr'>ceteri</span> <span class='ocrx_word' id='word_1_11' title='bbox 1167 561 1344 601; x_wconf 84' lang='lat' dir='ltr'>omnes</span> 
     </span>
     <span class='ocr_line' id='line_1_3' title="bbox 278 613 1345 686; baseline 0.016 -23"><span class='ocrx_word' id='word_1_12' title='bbox 278 613 480 666; x_wconf 80' lang='lat' dir='ltr'>habent</span> <span class='ocrx_word' id='word_1_13' title='bbox 518 619 698 683; x_wconf 75' lang='lat' dir='ltr'>amnis,</span> <span class='ocrx_word' id='word_1_14' title='bbox 733 635 765 670; x_wconf 88' lang='lat' dir='ltr'>a</span> <span class='ocrx_word' id='word_1_15' title='bbox 807 622 995 686; x_wconf 88' lang='lat' dir='ltr'>quibus</span> <span class='ocrx_word' id='word_1_16' title='bbox 1028 626 1163 679; x_wconf 83' lang='lat' dir='ltr'>band</span> <span class='ocrx_word' id='word_1_17' title='bbox 1198 642 1345 680; x_wconf 87' lang='lat' dir='ltr'>rece·</span> 
     </span>
     <span class='ocr_line' id='line_1_4' title="bbox 279 690 1023 751; baseline 0.016 -11"><span class='ocrx_word' id='word_1_18' title='bbox 279 690 513 743; x_wconf 89' lang='lat' dir='ltr'>dendum</span> <span class='ocrx_word' id='word_1_19' title='bbox 536 709 745 748; x_wconf 82' lang='lat' dir='ltr'>censeo.</span> <span class='ocrx_word' id='word_1_20' title='bbox 777 698 1023 751; x_wconf 57' lang='lat' dir='ltr'>Senem.</span> 
     </span>
    </p>

    <p class='ocr_par' dir='ltr' id='par_1_3' title="bbox 261 770 1352 3308">
     <span class='ocr_line' id='line_1_5' title="bbox 344 770 1343 840; baseline 0.014 -21"><span class='ocrx_word' id='word_1_21' title='bbox 344 770 457 820; x_wconf 84' lang='lat' dir='ltr'>Nec</span> <span class='ocrx_word' id='word_1_22' title='bbox 472 772 688 835; x_wconf 49' lang='lat' dir='ltr'>aalma</span> <span class='ocrx_word' id='word_1_23' title='bbox 709 776 873 840; x_wconf 77' lang='lat' dir='ltr'>tellus]</span> <span class='ocrx_word' id='word_1_24' title='bbox 903 777 939 828; x_wconf 91' lang='lat' dir='ltr'>i.</span> <span class='ocrx_word' id='word_1_25' title='bbox 962 794 1011 829; x_wconf 90' lang='lat' dir='ltr'>e.</span> <span class='ocrx_word' id='word_1_26' title='bbox 1036 780 1124 831; x_wconf 91' lang='lat' dir='ltr'>Ita</span> <span class='ocrx_word' id='word_1_27' title='bbox 1147 788 1235 832; x_wconf 89' lang='lat' dir='ltr'>tuo</span> <span class='ocrx_word' id='word_1_28' title='bbox 1256 781 1343 833; x_wconf 87' lang='lat' dir='ltr'>be-</span> 
     </span>
     <span class='ocr_line' id='line_1_6' title="bbox 274 846 1346 926; baseline 0.014 -31"><span class='ocrx_word' id='word_1_29' title='bbox 274 846 465 897; x_wconf 83' lang='lat' dir='ltr'>neficio</span> <span class='ocrx_word' id='word_1_30' title='bbox 489 863 590 900; x_wconf 89' lang='lat' dir='ltr'>nec</span> <span class='ocrx_word' id='word_1_31' title='bbox 613 857 759 903; x_wconf 80' lang='lat' dir='ltr'>terra</span> <span class='ocrx_word' id='word_1_32' title='bbox 779 854 1160 920; x_wconf 73' lang='lat' dir='ltr'>AEgyptiornm,</span> <span class='ocrx_word' id='word_1_33' title='bbox 1181 860 1232 910; x_wconf 90' lang='lat' dir='ltr'>in</span> <span class='ocrx_word' id='word_1_34' title='bbox 1268 860 1346 926; x_wconf 82' lang='lat' dir='ltr'>ip·</span> 
     </span>
     <span class='ocr_line' id='line_1_7' title="bbox 275 927 1346 1001; baseline 0.016 -28"><span class='ocrx_word' id='word_1_35' title='bbox 275 939 335 974; x_wconf 88' lang='lat' dir='ltr'>sa</span> <span class='ocrx_word' id='word_1_36' title='bbox 376 927 662 979; x_wconf 87' lang='lat' dir='ltr'>sterilitate</span> <span class='ocrx_word' id='word_1_37' title='bbox 704 945 819 990; x_wconf 87' lang='lat' dir='ltr'>sua,</span> <span class='ocrx_word' id='word_1_38' title='bbox 852 934 964 985; x_wconf 81' lang='lat' dir='ltr'>visa</span> <span class='ocrx_word' id='word_1_39' title='bbox 1003 943 1087 987; x_wconf 86' lang='lat' dir='ltr'>est</span> <span class='ocrx_word' id='word_1_40' title='bbox 1117 939 1346 1001; x_wconf 82' lang='lat' dir='ltr'>sterilis;</span> 
     </span>
     <span class='ocr_line' id='line_1_8' title="bbox 274 999 1348 1080; baseline 0.017 -31"><span class='ocrx_word' id='word_1_41' title='bbox 274 999 401 1051; x_wconf 87' lang='lat' dir='ltr'>dnm</span> <span class='ocrx_word' id='word_1_42' title='bbox 426 1004 637 1055; x_wconf 79' lang='lat' dir='ltr'>scilicet</span> <span class='ocrx_word' id='word_1_43' title='bbox 663 1013 720 1057; x_wconf 90' lang='lat' dir='ltr'>tu</span> <span class='ocrx_word' id='word_1_44' title='bbox 743 1022 922 1060; x_wconf 87' lang='lat' dir='ltr'>eornm</span> <span class='ocrx_word' id='word_1_45' title='bbox 945 1011 1149 1079; x_wconf 83' lang='lat' dir='ltr'>horrea,</span> <span class='ocrx_word' id='word_1_46' title='bbox 1181 1014 1348 1080; x_wconf 79' lang='lat' dir='ltr'>frugi-</span> 
     </span>
     <span class='ocr_line' id='line_1_9' title="bbox 274 1076 1349 1155; baseline 0.016 -30"><span class='ocrx_word' id='word_1_47' title='bbox 274 1076 372 1127; x_wconf 87' lang='lat' dir='ltr'>bus</span> <span class='ocrx_word' id='word_1_48' title='bbox 395 1093 464 1127; x_wconf 80' lang='lat' dir='ltr'>ex</span> <span class='ocrx_word' id='word_1_49' title='bbox 498 1080 659 1131; x_wconf 81' lang='lat' dir='ltr'>Italia</span> <span class='ocrx_word' id='word_1_50' title='bbox 691 1082 977 1149; x_wconf 72' lang='lat' dir='ltr'>subvectis,</span> <span class='ocrx_word' id='word_1_51' title='bbox 1006 1095 1132 1139; x_wconf 86' lang='lat' dir='ltr'>tunc</span> <span class='ocrx_word' id='word_1_52' title='bbox 1165 1091 1349 1155; x_wconf 86' lang='lat' dir='ltr'>imple·</span> 
     </span>
     <span class='ocr_line' id='line_1_10' title="bbox 273 1155 1350 1229; baseline 0.017 -26"><span class='ocrx_word' id='word_1_53' title='bbox 273 1155 421 1206; x_wconf 77' lang='lat' dir='ltr'>visti.</span> <span class='ocrx_word' id='word_1_54' title='bbox 482 1158 577 1209; x_wconf 86' lang='lat' dir='ltr'>Sic</span> <span class='ocrx_word' id='word_1_55' title='bbox 621 1174 745 1211; x_wconf 81' lang='lat' dir='ltr'>vero</span> <span class='ocrx_word' id='word_1_56' title='bbox 797 1164 1012 1217; x_wconf 78' lang='lat' dir='ltr'>verbnm</span> <span class='ocrx_word' id='word_1_57' title='bbox 1058 1176 1074 1199; x_wconf 77' lang='lat'><em>⁶</em></span> <span class='ocrx_word' id='word_1_58' title='bbox 1107 1167 1350 1229; x_wconf 80' lang='lat' dir='ltr'>videtur‚&#39;</span> 
     </span>
     <span class='ocr_line' id='line_1_11' title="bbox 270 1231 1352 1313; baseline 0.018 -34"><span class='ocrx_word' id='word_1_59' title='bbox 270 1232 289 1260; x_wconf 77' lang='lat'>⁸</span> <span class='ocrx_word' id='word_1_60' title='bbox 315 1231 491 1284; x_wconf 77' lang='lat' dir='ltr'>visum</span> <span class='ocrx_word' id='word_1_61' title='bbox 534 1234 656 1302; x_wconf 89' lang='lat' dir='ltr'>est,&#39;</span> <span class='ocrx_word' id='word_1_62' title='bbox 694 1253 798 1289; x_wconf 88' lang='lat' dir='ltr'>non</span> <span class='ocrx_word' id='word_1_63' title='bbox 838 1254 956 1293; x_wconf 89' lang='lat' dir='ltr'>raro</span> <span class='ocrx_word' id='word_1_64' title='bbox 995 1259 1090 1309; x_wconf 88' lang='lat' dir='ltr'>per</span> <span class='ocrx_word' id='word_1_65' title='bbox 1134 1245 1352 1313; x_wconf 72' lang='grc' dir='ltr'>ἔλλειψιν</span> 
     </span>
     <span class='ocr_line' id='line_1_12' title="bbox 268 1309 1348 1379; baseline 0.019 -22"><span class='ocrx_word' id='word_1_66' title='bbox 268 1309 453 1360; x_wconf 88' lang='lat' dir='ltr'>omitti</span> <span class='ocrx_word' id='word_1_67' title='bbox 476 1310 778 1366; x_wconf 75' lang='lat' dir='ltr'>observavit</span> <span class='ocrx_word' id='word_1_68' title='bbox 800 1316 1010 1370; x_wconf 85' lang='lat' dir='ltr'>Cortius</span> <span class='ocrx_word' id='word_1_69' title='bbox 1044 1322 1109 1373; x_wconf 85' lang='lat' dir='ltr'>ad</span> <span class='ocrx_word' id='word_1_70' title='bbox 1134 1324 1348 1379; x_wconf 84' lang='lat' dir='ltr'>Sallust.</span> 
     </span>
     <span class='ocr_line' id='line_1_13' title="bbox 271 1387 1348 1459; baseline 0.019 -24"><span class='ocrx_word' id='word_1_71' title='bbox 271 1387 439 1438; x_wconf 83' lang='lat' dir='ltr'>Catil.</span> <span class='ocrx_word' id='word_1_72' title='bbox 475 1401 552 1442; x_wconf 78' lang='grc' dir='ltr'>ιν.</span> <span class='ocrx_word' id='word_1_73' title='bbox 575 1395 624 1442; x_wconf 67' lang='grc' dir='ltr'>Β.</span> <span class='ocrx_word' id='word_1_74' title='bbox 655 1398 709 1443; x_wconf 79' lang='lat' dir='ltr'>‘et</span> <span class='ocrx_word' id='word_1_75' title='bbox 731 1394 861 1459; x_wconf 74' lang='lat' dir='ltr'>Jug.</span> <span class='ocrx_word' id='word_1_76' title='bbox 895 1409 1087 1450; x_wconf 64' lang='lat' dir='ltr'>mxxxi.</span> <span class='ocrx_word' id='word_1_77' title='bbox 1110 1404 1159 1452; x_wconf 83' lang='lat' dir='ltr'>l.</span> <span class='ocrx_word' id='word_1_78' title='bbox 1189 1406 1205 1431; x_wconf 82' lang='lat'>⁶</span> <span class='ocrx_word' id='word_1_79' title='bbox 1231 1403 1348 1454; x_wconf 83' lang='lat' dir='ltr'>Ma·</span> 
     </span>
     <span class='ocr_line' id='line_1_14' title="bbox 272 1462 1346 1541; baseline 0.019 -30"><span class='ocrx_word' id='word_1_80' title='bbox 272 1463 450 1528; x_wconf 75' lang='lat' dir='ltr'>lignus</span> <span class='ocrx_word' id='word_1_81' title='bbox 475 1462 490 1487; x_wconf 86' lang='lat'>’</span> <span class='ocrx_word' id='word_1_82' title='bbox 523 1477 607 1517; x_wconf 90' lang='lat' dir='ltr'>est</span> <span class='ocrx_word' id='word_1_83' title='bbox 629 1467 939 1525; x_wconf 79' lang='lat' dir='ltr'>infecundus</span> <span class='ocrx_word' id='word_1_84' title='bbox 971 1485 1027 1527; x_wconf 90' lang='lat' dir='ltr'>et</span> <span class='ocrx_word' id='word_1_85' title='bbox 1049 1478 1265 1541; x_wconf 86' lang='lat' dir='ltr'>sterilis,</span> <span class='ocrx_word' id='word_1_86' title='bbox 1285 1487 1346 1532; x_wconf 91' lang='lat' dir='ltr'>ut</span> 
     </span>
     <span class='ocr_line' id='line_1_15' title="bbox 273 1541 1346 1614; baseline 0.021 -26"><span class='ocrx_word' id='word_1_87' title='bbox 273 1541 424 1605; x_wconf 73' lang='lat' dir='ltr'>apud</span> <span class='ocrx_word' id='word_1_88' title='bbox 462 1543 657 1609; x_wconf 77' lang='lat' dir='ltr'>Virgil·</span> <span class='ocrx_word' id='word_1_89' title='bbox 691 1547 883 1614; x_wconf 76' lang='lat' dir='ltr'>Georg.</span> <span class='ocrx_word' id='word_1_90' title='bbox 916 1565 980 1603; x_wconf 83' lang='grc' dir='ltr'>ιι.</span> <span class='ocrx_word' id='word_1_91' title='bbox 1006 1558 1120 1605; x_wconf 78' lang='grc'><strong>179.</strong></span> <span class='ocrx_word' id='word_1_92' title='bbox 1149 1556 1168 1588; x_wconf 87' lang='lat'>‘</span> <span class='ocrx_word' id='word_1_93' title='bbox 1191 1556 1346 1609; x_wconf 84' lang='lat' dir='ltr'>Diffi·</span> 
     </span>
     <span class='ocr_line' id='line_1_16' title="bbox 269 1617 1347 1701; baseline 0.019 -35"><span class='ocrx_word' id='word_1_94' title='bbox 269 1617 409 1669; x_wconf 84' lang='lat' dir='ltr'>ciles</span> <span class='ocrx_word' id='word_1_95' title='bbox 433 1618 658 1682; x_wconf 87' lang='lat' dir='ltr'>primum</span> <span class='ocrx_word' id='word_1_96' title='bbox 676 1628 853 1689; x_wconf 76' lang='lat' dir='ltr'>terrae,</span> <span class='ocrx_word' id='word_1_97' title='bbox 874 1630 1140 1696; x_wconf 87' lang='lat' dir='ltr'>collesque</span> <span class='ocrx_word' id='word_1_98' title='bbox 1161 1635 1347 1701; x_wconf 76' lang='lat' dir='ltr'>malig-</span> 
     </span>
     <span class='ocr_line' id='line_1_17' title="bbox 267 1693 1347 1779; baseline 0.019 -35"><span class='ocrx_word' id='word_1_99' title='bbox 267 1693 365 1750; x_wconf 82' lang='lat' dir='ltr'>ni.’</span> <span class='ocrx_word' id='word_1_100' title='bbox 434 1697 597 1762; x_wconf 85' lang='lat' dir='ltr'>Cujus</span> <span class='ocrx_word' id='word_1_101' title='bbox 640 1704 959 1756; x_wconf 81' lang='lat' dir='ltr'>contrarium</span> <span class='ocrx_word' id='word_1_102' title='bbox 1004 1716 1083 1759; x_wconf 85' lang='lat' dir='ltr'>est</span> <span class='ocrx_word' id='word_1_103' title='bbox 1122 1717 1139 1742; x_wconf 79' lang='grc'><em>·</em></span> <span class='ocrx_word' id='word_1_104' title='bbox 1162 1710 1347 1779; x_wconf 72' lang='lat' dir='ltr'>benig·</span> 
     </span>
     <span class='ocr_line' id='line_1_18' title="bbox 267 1770 1344 1844; baseline 0.017 -22"><span class='ocrx_word' id='word_1_105' title='bbox 267 1770 408 1835; x_wconf 81' lang='lat' dir='ltr'>nus,’</span> <span class='ocrx_word' id='word_1_106' title='bbox 430 1771 471 1822; x_wconf 80' lang='lat' dir='ltr'>i.</span> <span class='ocrx_word' id='word_1_107' title='bbox 491 1789 542 1825; x_wconf 89' lang='lat' dir='ltr'>e.</span> <span class='ocrx_word' id='word_1_108' title='bbox 573 1773 850 1844; x_wconf 77' lang='lat' dir='ltr'>fecundus,</span> <span class='ocrx_word' id='word_1_109' title='bbox 881 1789 937 1834; x_wconf 89' lang='lat' dir='ltr'>et</span> <span class='ocrx_word' id='word_1_110' title='bbox 959 1780 1166 1837; x_wconf 84' lang='lat' dir='ltr'>fertilis.</span> <span class='ocrx_word' id='word_1_111' title='bbox 1234 1789 1344 1840; x_wconf 85' lang='lat' dir='ltr'>Pli-</span> 
     </span>
     <span class='ocr_line' id='line_1_19' title="bbox 267 1848 1346 1929; baseline 0.019 -32"><span class='ocrx_word' id='word_1_112' title='bbox 267 1848 389 1899; x_wconf 84' lang='lat' dir='ltr'>nius</span> <span class='ocrx_word' id='word_1_113' title='bbox 435 1850 631 1914; x_wconf 80' lang='lat' dir='ltr'>Major,</span> <span class='ocrx_word' id='word_1_114' title='bbox 675 1866 847 1907; x_wconf 76' lang='lat' dir='ltr'>xvm.</span> <span class='ocrx_word' id='word_1_115' title='bbox 890 1863 936 1911; x_wconf 88' lang='lat' dir='ltr'>l.</span> <span class='ocrx_word' id='word_1_116' title='bbox 977 1862 994 1892; x_wconf 78' lang='lat'><em>⁴</em></span> <span class='ocrx_word' id='word_1_117' title='bbox 1031 1864 1247 1929; x_wconf 80' lang='lat' dir='ltr'>Fruges,</span> <span class='ocrx_word' id='word_1_118' title='bbox 1289 1873 1346 1918; x_wconf 85' lang='lat' dir='ltr'>et</span> 
     </span>
     <span class='ocr_line' id='line_1_20' title="bbox 272 1924 1345 2001; baseline 0.019 -26"><span class='ocrx_word' id='word_1_119' title='bbox 272 1924 456 1985; x_wconf 81' lang='lat' dir='ltr'>flores,</span> <span class='ocrx_word' id='word_1_120' title='bbox 482 1943 705 1995; x_wconf 82' lang='lat' dir='ltr'>quaeque</span> <span class='ocrx_word' id='word_1_121' title='bbox 739 1934 861 1999; x_wconf 86' lang='lat' dir='ltr'>alia,</span> <span class='ocrx_word' id='word_1_122' title='bbox 895 1946 1089 2001; x_wconf 72' lang='lat' dir='ltr'>praeter</span> <span class='ocrx_word' id='word_1_123' title='bbox 1112 1942 1345 2001; x_wconf 83' lang='lat' dir='ltr'>arbores,</span> 
     </span>
     <span class='ocr_line' id='line_1_21' title="bbox 273 2003 1344 2084; baseline 0.02 -33"><span class='ocrx_word' id='word_1_124' title='bbox 273 2010 368 2053; x_wconf 84' lang='lat' dir='ltr'>ant</span> <span class='ocrx_word' id='word_1_125' title='bbox 392 2003 630 2065; x_wconf 79' lang='lat' dir='ltr'>frutices,</span> <span class='ocrx_word' id='word_1_126' title='bbox 651 2008 873 2075; x_wconf 81' lang='lat' dir='ltr'>benigna</span> <span class='ocrx_word' id='word_1_127' title='bbox 896 2016 1083 2067; x_wconf 88' lang='lat' dir='ltr'>tellure</span> <span class='ocrx_word' id='word_1_128' title='bbox 1103 2022 1344 2084; x_wconf 76' lang='lat' dir='ltr'>proveni·</span> 
     </span>
     <span class='ocr_line' id='line_1_22' title="bbox 268 2079 1344 2149; baseline 0.015 -18"><span class='ocrx_word' id='word_1_129' title='bbox 268 2079 409 2132; x_wconf 85' lang='lat' dir='ltr'>unt.&#39;</span> <span class='ocrx_word' id='word_1_130' title='bbox 476 2083 610 2136; x_wconf 77' lang='lat' dir='ltr'>Quis</span> <span class='ocrx_word' id='word_1_131' title='bbox 634 2084 945 2141; x_wconf 78' lang='lat' dir='ltr'>Arntzenins</span> <span class='ocrx_word' id='word_1_132' title='bbox 967 2094 1344 2149; x_wconf 82' lang='lat' dir='ltr'>animadverte-</span> 
     </span>
     <span class='ocr_line' id='line_1_23' title="bbox 273 2159 1342 2239; baseline 0.021 -34"><span class='ocrx_word' id='word_1_133' title='bbox 273 2162 378 2220; x_wconf 87' lang='lat' dir='ltr'>rat,</span> <span class='ocrx_word' id='word_1_134' title='bbox 415 2159 470 2209; x_wconf 89' lang='lat' dir='ltr'>in</span> <span class='ocrx_word' id='word_1_135' title='bbox 494 2160 678 2213; x_wconf 88' lang='lat' dir='ltr'>codice</span> <span class='ocrx_word' id='word_1_136' title='bbox 701 2164 1190 2239; x_wconf 73' lang='lat' dir='ltr'>Guelpberbytano,</span> <span class='ocrx_word' id='word_1_137' title='bbox 1212 2181 1268 2227; x_wconf 87' lang='lat' dir='ltr'>et</span> <span class='ocrx_word' id='word_1_138' title='bbox 1290 2177 1342 2227; x_wconf 90' lang='lat' dir='ltr'>in</span> 
     </span>
     <span class='ocr_line' id='line_1_24' title="bbox 267 2237 1344 2313; baseline 0.019 -29"><span class='ocrx_word' id='word_1_139' title='bbox 267 2237 546 2298; x_wconf 83' lang='lat' dir='ltr'>excerptis</span> <span class='ocrx_word' id='word_1_140' title='bbox 587 2239 872 2308; x_wconf 86' lang='lat' dir='ltr'>Vossianis,</span> <span class='ocrx_word' id='word_1_141' title='bbox 926 2250 1176 2313; x_wconf 82' lang='lat' dir='ltr'>scriptum</span> <span class='ocrx_word' id='word_1_142' title='bbox 1228 2266 1344 2303; x_wconf 88' lang='lat' dir='ltr'>esse</span> 
     </span>
     <span class='ocr_line' id='line_1_25' title="bbox 269 2311 1342 2384; baseline 0.02 -24"><span class='ocrx_word' id='word_1_143' title='bbox 269 2311 378 2362; x_wconf 82' lang='lat' dir='ltr'>Nee</span> <span class='ocrx_word' id='word_1_144' title='bbox 414 2313 622 2377; x_wconf 72' lang='lat' dir='ltr'>benigna</span> <span class='ocrx_word' id='word_1_145' title='bbox 650 2320 806 2384; x_wconf 72' lang='lat' dir='ltr'>tellas,</span> <span class='ocrx_word' id='word_1_146' title='bbox 835 2322 1055 2376; x_wconf 81' lang='lat' dir='ltr'>adscivit</span> <span class='ocrx_word' id='word_1_147' title='bbox 1087 2326 1174 2377; x_wconf 88' lang='lat' dir='ltr'>ille</span> <span class='ocrx_word' id='word_1_148' title='bbox 1209 2329 1342 2380; x_wconf 82' lang='lat' dir='ltr'>banc</span> 
     </span>
     <span class='ocr_line' id='line_1_26' title="bbox 268 2388 1342 2464; baseline 0.018 -27"><span class='ocrx_word' id='word_1_149' title='bbox 268 2388 576 2443; x_wconf 84' lang='lat' dir='ltr'>lectionem.</span> <span class='ocrx_word' id='word_1_150' title='bbox 641 2391 735 2456; x_wconf 79' lang='lat' dir='ltr'>At,</span> <span class='ocrx_word' id='word_1_151' title='bbox 770 2409 1084 2464; x_wconf 83' lang='lat' dir='ltr'>quamquam</span> <span class='ocrx_word' id='word_1_152' title='bbox 1122 2405 1342 2456; x_wconf 87' lang='lat' dir='ltr'>eandem</span> 
     </span>
     <span class='ocr_line' id='line_1_27' title="bbox 267 2465 1343 2533; baseline 0.019 -19"><span class='ocrx_word' id='word_1_153' title='bbox 267 2465 436 2516; x_wconf 84' lang='lat' dir='ltr'>etiam</span> <span class='ocrx_word' id='word_1_154' title='bbox 472 2465 672 2519; x_wconf 80' lang='lat' dir='ltr'>referat</span> <span class='ocrx_word' id='word_1_155' title='bbox 693 2472 861 2524; x_wconf 82' lang='lat' dir='ltr'>codex</span> <span class='ocrx_word' id='word_1_156' title='bbox 887 2476 1170 2530; x_wconf 74' lang='lat' dir='ltr'><strong>Vaticanus</strong></span> <span class='ocrx_word' id='word_1_157' title='bbox 1192 2486 1343 2533; x_wconf 69' lang='lat'><strong>8461.</strong></span> 
     </span>
     <span class='ocr_line' id='line_1_28' title="bbox 265 2542 1340 2625; baseline 0.02 -35"><span class='ocrx_word' id='word_1_158' title='bbox 265 2542 396 2593; x_wconf 86' lang='lat' dir='ltr'>item</span> <span class='ocrx_word' id='word_1_159' title='bbox 419 2549 478 2595; x_wconf 90' lang='lat' dir='ltr'>et</span> <span class='ocrx_word' id='word_1_160' title='bbox 498 2545 927 2614; x_wconf 77' lang='lat' dir='ltr'>Salisburgensis,</span> <span class='ocrx_word' id='word_1_161' title='bbox 951 2554 1061 2620; x_wconf 82' lang='lat' dir='ltr'>(cai</span> <span class='ocrx_word' id='word_1_162' title='bbox 1096 2572 1222 2610; x_wconf 80' lang='lat' dir='ltr'>vero</span> <span class='ocrx_word' id='word_1_163' title='bbox 1233 2561 1340 2625; x_wconf 85' lang='lat' dir='ltr'>jam</span> 
     </span>
     <span class='ocr_line' id='line_1_29' title="bbox 266 2626 1339 2699; baseline 0.019 -31"><span class='ocrx_word' id='word_1_164' title='bbox 266 2626 486 2670; x_wconf 78' lang='lat' dir='ltr'>vetusta</span> <span class='ocrx_word' id='word_1_165' title='bbox 522 2636 704 2673; x_wconf 79' lang='lat' dir='ltr'>manus</span> <span class='ocrx_word' id='word_1_166' title='bbox 729 2626 1024 2693; x_wconf 69' lang='lat' dir='ltr'>adscripsit,</span> <span class='ocrx_word' id='word_1_167' title='bbox 1058 2635 1339 2699; x_wconf 76' lang='lat' dir='ltr'>legendum</span> 
     </span>
     <span class='ocr_line' id='line_1_30' title="bbox 262 2699 1340 2780; baseline 0.018 -35"><span class='ocrx_word' id='word_1_168' title='bbox 262 2710 378 2746; x_wconf 87' lang='lat' dir='ltr'>esse</span> <span class='ocrx_word' id='word_1_169' title='bbox 415 2711 506 2747; x_wconf 74' lang='lat' dir='ltr'>nec</span> <span class='ocrx_word' id='word_1_170' title='bbox 539 2699 750 2763; x_wconf 66' lang='lat' dir='ltr'>maligna</span> <span class='ocrx_word' id='word_1_171' title='bbox 781 2705 969 2772; x_wconf 55' lang='lat' dir='ltr'>teum)</span> <span class='ocrx_word' id='word_1_172' title='bbox 1003 2723 1104 2760; x_wconf 90' lang='lat' dir='ltr'>non</span> <span class='ocrx_word' id='word_1_173' title='bbox 1144 2722 1340 2780; x_wconf 86' lang='lat' dir='ltr'>tamen,</span> 
     </span>
     <span class='ocr_line' id='line_1_31' title="bbox 263 2774 1338 2842; baseline 0.019 -19"><span class='ocrx_word' id='word_1_174' title='bbox 263 2774 367 2825; x_wconf 82' lang='lat' dir='ltr'>nisi</span> <span class='ocrx_word' id='word_1_175' title='bbox 432 2788 499 2824; x_wconf 80' lang='lat' dir='ltr'>ex</span> <span class='ocrx_word' id='word_1_176' title='bbox 567 2779 893 2840; x_wconf 73' lang='lat' dir='ltr'>glossemate,</span> <span class='ocrx_word' id='word_1_177' title='bbox 959 2785 1113 2838; x_wconf 85' lang='lat' dir='ltr'>istam</span> <span class='ocrx_word' id='word_1_178' title='bbox 1171 2792 1338 2842; x_wconf 75' lang='lat' dir='ltr'>varie·</span> 
     </span>
     <span class='ocr_line' id='line_1_32' title="bbox 264 2856 1337 2923; baseline 0.02 -23"><span class='ocrx_word' id='word_1_179' title='bbox 264 2858 434 2903; x_wconf 85' lang='lat' dir='ltr'>tatem</span> <span class='ocrx_word' id='word_1_180' title='bbox 455 2861 648 2919; x_wconf 84' lang='lat' dir='ltr'>ortam,</span> <span class='ocrx_word' id='word_1_181' title='bbox 671 2856 723 2905; x_wconf 89' lang='lat' dir='ltr'>in</span> <span class='ocrx_word' id='word_1_182' title='bbox 754 2860 1001 2923; x_wconf 81' lang='lat' dir='ltr'>quosdam</span> <span class='ocrx_word' id='word_1_183' title='bbox 1026 2866 1234 2918; x_wconf 83' lang='lat' dir='ltr'>codices</span> <span class='ocrx_word' id='word_1_184' title='bbox 1257 2870 1337 2921; x_wconf 82' lang='lat' dir='ltr'>di-</span> 
     </span>
     <span class='ocr_line' id='line_1_33' title="bbox 261 2931 1335 3000; baseline 0.023 -24"><span class='ocrx_word' id='word_1_185' title='bbox 261 2943 525 2993; x_wconf 86' lang='lat' dir='ltr'>manasse,</span> <span class='ocrx_word' id='word_1_186' title='bbox 548 2931 786 3000; x_wconf 76' lang='lat' dir='ltr'><strong>adeoque</strong></span> <span class='ocrx_word' id='word_1_187' title='bbox 813 2938 949 2990; x_wconf 82' lang='lat' dir='ltr'>baud</span> <span class='ocrx_word' id='word_1_188' title='bbox 985 2943 1335 3000; x_wconf 84' lang='lat' dir='ltr'>recedendum</span> 
     </span>
     <span class='ocr_line' id='line_1_34' title="bbox 261 3012 1339 3087; baseline 0.02 -34"><span class='ocrx_word' id='word_1_189' title='bbox 261 3020 375 3055; x_wconf 82' lang='lat' dir='ltr'>esse</span> <span class='ocrx_word' id='word_1_190' title='bbox 403 3014 534 3071; x_wconf 87' lang='lat' dir='ltr'>puto</span> <span class='ocrx_word' id='word_1_191' title='bbox 565 3023 596 3058; x_wconf 91' lang='lat' dir='ltr'>a</span> <span class='ocrx_word' id='word_1_192' title='bbox 621 3012 833 3076; x_wconf 79' lang='lat' dir='ltr'>vulgata</span> <span class='ocrx_word' id='word_1_193' title='bbox 868 3017 1115 3082; x_wconf 87' lang='lat' dir='ltr'>lectione,</span> <span class='ocrx_word' id='word_1_194' title='bbox 1139 3036 1256 3087; x_wconf 79' lang='lat' dir='ltr'>quae</span> <span class='ocrx_word' id='word_1_195' title='bbox 1280 3028 1339 3076; x_wconf 85' lang='lat' dir='ltr'>et</span> 
     </span>
     <span class='ocr_line' id='line_1_35' title="bbox 261 3084 1334 3167; baseline 0.02 -34"><span class='ocrx_word' id='word_1_196' title='bbox 261 3097 295 3133; x_wconf 86' lang='lat' dir='ltr'>a</span> <span class='ocrx_word' id='word_1_197' title='bbox 325 3084 528 3134; x_wconf 80' lang='lat' dir='ltr'>ceteris</span> <span class='ocrx_word' id='word_1_198' title='bbox 551 3085 819 3140; x_wconf 81' lang='lat' dir='ltr'>codicibus</span> <span class='ocrx_word' id='word_1_199' title='bbox 841 3092 972 3144; x_wconf 80' lang='lat' dir='ltr'>Mss.</span> <span class='ocrx_word' id='word_1_200' title='bbox 991 3099 1334 3167; x_wconf 84' lang='lat' dir='ltr'>omnibusque</span> 
     </span>
     <span class='ocr_line' id='line_1_36' title="bbox 263 3161 1337 3237; baseline 0.018 -27"><span class='ocrx_word' id='word_1_201' title='bbox 263 3161 377 3210; x_wconf 86' lang='lat' dir='ltr'>aliis</span> <span class='ocrx_word' id='word_1_202' title='bbox 396 3161 719 3215; x_wconf 80' lang='lat' dir='ltr'>editionibus</span> <span class='ocrx_word' id='word_1_203' title='bbox 737 3170 1088 3237; x_wconf 81' lang='lat' dir='ltr'>confirmatur,</span> <span class='ocrx_word' id='word_1_204' title='bbox 1111 3183 1169 3226; x_wconf 90' lang='lat' dir='ltr'>et</span> <span class='ocrx_word' id='word_1_205' title='bbox 1189 3178 1337 3229; x_wconf 89' lang='lat' dir='ltr'>lucu·</span> 
     </span>
     <span class='ocr_line' id='line_1_37' title="bbox 261 3238 1311 3308; baseline 0.021 -22"><span class='ocrx_word' id='word_1_206' title='bbox 261 3238 606 3290; x_wconf 75' lang='lat' dir='ltr'>lentissimum</span> <span class='ocrx_word' id='word_1_207' title='bbox 630 3240 779 3294; x_wconf 82' lang='lat' dir='ltr'>affert</span> <span class='ocrx_word' id='word_1_208' title='bbox 803 3253 1139 3303; x_wconf 85' lang='lat' dir='ltr'>sententiam.</span> <span class='ocrx_word' id='word_1_209' title='bbox 1158 3256 1311 3308; x_wconf 81' lang='lat' dir='ltr'>Idem.</span> 
     </span>
    </p>

    <p class='ocr_par' dir='ltr' id='par_1_4' title="bbox 262 3318 1338 3634">
     <span class='ocr_line' id='line_1_38' title="bbox 272 3318 1338 3389; baseline 0.023 -25"><span class='ocrx_word' id='word_1_210' title='bbox 272 3371 277 3376; x_wconf 45' lang='grc'>,</span> <span class='ocrx_word' id='word_1_211' title='bbox 327 3318 438 3367; x_wconf 85' lang='lat' dir='ltr'>Nec</span> <span class='ocrx_word' id='word_1_212' title='bbox 464 3319 680 3381; x_wconf 71' lang='lat' dir='ltr'>nmtigna</span> <span class='ocrx_word' id='word_1_213' title='bbox 695 3325 858 3389; x_wconf 71' lang='lat' dir='ltr'>tellus]</span> <span class='ocrx_word' id='word_1_214' title='bbox 888 3329 963 3379; x_wconf 88' lang='lat' dir='ltr'>Tu</span> <span class='ocrx_word' id='word_1_215' title='bbox 988 3329 1162 3384; x_wconf 75' lang='lat' dir='ltr'>fecisti</span> <span class='ocrx_word' id='word_1_216' title='bbox 1191 3336 1338 3387; x_wconf 75' lang='lat' dir='ltr'>vide·</span> 
     </span>
     <span class='ocr_line' id='line_1_39' title="bbox 262 3392 1335 3477; baseline 0.025 -38"><span class='ocrx_word' id='word_1_217' title='bbox 262 3392 305 3441; x_wconf 87' lang='lat' dir='ltr'>ri</span> <span class='ocrx_word' id='word_1_218' title='bbox 332 3400 530 3444; x_wconf 83' lang='lat' dir='ltr'>terram</span> <span class='ocrx_word' id='word_1_219' title='bbox 554 3394 806 3464; x_wconf 83' lang='lat' dir='ltr'>fertilem,</span> <span class='ocrx_word' id='word_1_220' title='bbox 825 3412 880 3455; x_wconf 90' lang='lat' dir='ltr'>et</span> <span class='ocrx_word' id='word_1_221' title='bbox 906 3406 1081 3459; x_wconf 87' lang='lat' dir='ltr'>Nilum</span> <span class='ocrx_word' id='word_1_222' title='bbox 1106 3426 1335 3477; x_wconf 83' lang='lat' dir='ltr'>evagan-</span> 
     </span>
     <span class='ocr_line' id='line_1_40' title="bbox 263 3474 1334 3556; baseline 0.021 -39"><span class='ocrx_word' id='word_1_223' title='bbox 263 3477 369 3519; x_wconf 86' lang='lat' dir='ltr'>tem</span> <span class='ocrx_word' id='word_1_224' title='bbox 391 3486 409 3533; x_wconf 71' lang='grc' dir='ltr'><strong>ς</strong></span> <span class='ocrx_word' id='word_1_225' title='bbox 441 3486 564 3523; x_wconf 85' lang='lat' dir='ltr'>nam</span> <span class='ocrx_word' id='word_1_226' title='bbox 579 3474 889 3539; x_wconf 83' lang='lat' dir='ltr'>babuerunt,</span> <span class='ocrx_word' id='word_1_227' title='bbox 905 3498 1020 3548; x_wconf 72' lang='lat' dir='ltr'>quae</span> <span class='ocrx_word' id='word_1_228' title='bbox 1035 3487 1144 3554; x_wconf 88' lang='lat' dir='ltr'>illa,</span> <span class='ocrx_word' id='word_1_229' title='bbox 1161 3499 1212 3539; x_wconf 89' lang='lat' dir='ltr'>et</span> <span class='ocrx_word' id='word_1_230' title='bbox 1229 3491 1334 3556; x_wconf 78' lang='lat' dir='ltr'>ille,</span> 
     </span>
     <span class='ocr_line' id='line_1_41' title="bbox 263 3545 1332 3634; baseline 0.024 -39"><span class='ocrx_word' id='word_1_231' title='bbox 263 3545 388 3598; x_wconf 87' lang='lat' dir='ltr'>dare</span> <span class='ocrx_word' id='word_1_232' title='bbox 409 3550 617 3614; x_wconf 85' lang='lat' dir='ltr'>solent;</span> <span class='ocrx_word' id='word_1_233' title='bbox 649 3554 740 3603; x_wconf 86' lang='lat' dir='ltr'>sed</span> <span class='ocrx_word' id='word_1_234' title='bbox 771 3554 1027 3611; x_wconf 84' lang='lat' dir='ltr'>beneficio</span> <span class='ocrx_word' id='word_1_235' title='bbox 1053 3569 1162 3617; x_wconf 87' lang='lat' dir='ltr'>tuo.</span> <span class='ocrx_word' id='word_1_236' title='bbox 1192 3568 1332 3634; x_wconf 72' lang='lat' dir='ltr'>Lipa.</span> 
     </span>
    </p>

    <p class='ocr_par' dir='ltr' id='par_1_5' title="bbox 263 3626 1338 4394">
     <span class='ocr_line' id='line_1_42' title="bbox 328 3626 1332 3706; baseline 0.024 -32"><span class='ocrx_word' id='word_1_237' title='bbox 328 3626 400 3675; x_wconf 79' lang='lat' dir='ltr'>Et</span> <span class='ocrx_word' id='word_1_238' title='bbox 434 3626 693 3691; x_wconf 80' lang='lat' dir='ltr'>obsequens</span> <span class='ocrx_word' id='word_1_239' title='bbox 725 3632 893 3697; x_wconf 82' lang='lat' dir='ltr'>Nilus]</span> <span class='ocrx_word' id='word_1_240' title='bbox 928 3636 1243 3706; x_wconf 83' lang='lat' dir='ltr'>obsequens</span> <span class='ocrx_word' id='word_1_241' title='bbox 1275 3654 1332 3698; x_wconf 88' lang='lat' dir='ltr'>et</span> 
     </span>
     <span class='ocr_line' id='line_1_43' title="bbox 263 3702 1333 3786; baseline 0.021 -36"><span class='ocrx_word' id='word_1_242' title='bbox 263 3702 946 3774; x_wconf 78' lang='lat' dir='ltr'>obsequiosum,generatim</span> <span class='ocrx_word' id='word_1_243' title='bbox 963 3714 1333 3786; x_wconf 70' lang='lat' dir='ltr'>dieitur-‚quid-</span> 
     </span>
     <span class='ocr_line' id='line_1_44' title="bbox 264 3778 1331 3854; baseline 0.021 -25"><span class='ocrx_word' id='word_1_244' title='bbox 264 3778 386 3841; x_wconf 84' lang='lat' dir='ltr'>quid</span> <span class='ocrx_word' id='word_1_245' title='bbox 423 3788 628 3832; x_wconf 81' lang='lat' dir='ltr'>naturae</span> <span class='ocrx_word' id='word_1_246' title='bbox 654 3784 870 3854; x_wconf 86' lang='lat' dir='ltr'>alicujus</span> <span class='ocrx_word' id='word_1_247' title='bbox 894 3792 988 3854; x_wconf 86' lang='lat' dir='ltr'>rei,</span> <span class='ocrx_word' id='word_1_248' title='bbox 1009 3801 1065 3844; x_wconf 89' lang='lat' dir='ltr'>et</span> <span class='ocrx_word' id='word_1_249' title='bbox 1094 3798 1331 3849; x_wconf 82' lang='lat' dir='ltr'>volunta·</span> 
     </span>
     <span class='ocr_line' id='line_1_45' title="bbox 263 3855 1327 3936; baseline 0.023 -32"><span class='ocrx_word' id='word_1_250' title='bbox 263 3855 323 3917; x_wconf 86' lang='lat' dir='ltr'>ti,</span> <span class='ocrx_word' id='word_1_251' title='bbox 347 3865 512 3922; x_wconf 86' lang='lat' dir='ltr'>atque</span> <span class='ocrx_word' id='word_1_252' title='bbox 536 3868 658 3910; x_wconf 81' lang='lat' dir='ltr'>voto</span> <span class='ocrx_word' id='word_1_253' title='bbox 679 3871 735 3913; x_wconf 90' lang='lat' dir='ltr'>et</span> <span class='ocrx_word' id='word_1_254' title='bbox 759 3867 869 3920; x_wconf 81' lang='lat' dir='ltr'>usui</span> <span class='ocrx_word' id='word_1_255' title='bbox 893 3879 1089 3936; x_wconf 89' lang='lat' dir='ltr'>nostro,</span> <span class='ocrx_word' id='word_1_256' title='bbox 1113 3889 1230 3926; x_wconf 90' lang='lat' dir='ltr'>sese</span> <span class='ocrx_word' id='word_1_257' title='bbox 1254 3877 1327 3929; x_wconf 77' lang='lat' dir='ltr'>fa·</span> 
     </span>
     <span class='ocr_line' id='line_1_46' title="bbox 263 3932 1338 4005; baseline 0.023 -24"><span class='ocrx_word' id='word_1_258' title='bbox 263 3932 360 3983; x_wconf 87' lang='lat' dir='ltr'>cile</span> <span class='ocrx_word' id='word_1_259' title='bbox 412 3939 791 3990; x_wconf 84' lang='lat' dir='ltr'>accommodat.</span> <span class='ocrx_word' id='word_1_260' title='bbox 876 3945 1079 3999; x_wconf 84' lang='lat' dir='ltr'>Seneca</span> <span class='ocrx_word' id='word_1_261' title='bbox 1134 3951 1338 4005; x_wconf 80' lang='lat' dir='ltr'>Natur..</span> 
     </span>
     <span class='ocr_line' id='line_1_47' title="bbox 266 4007 1330 4088; baseline 0.021 -27"><span class='ocrx_word' id='word_1_262' title='bbox 266 4007 475 4063; x_wconf 81' lang='lat' dir='ltr'>Quaest.</span> <span class='ocrx_word' id='word_1_263' title='bbox 506 4027 586 4062; x_wconf 77' lang='lat' dir='ltr'>vr.</span> <span class='ocrx_word' id='word_1_264' title='bbox 613 4019 695 4065; x_wconf 79' lang='lat'>32.</span> <span class='ocrx_word' id='word_1_265' title='bbox 727 4018 744 4043; x_wconf 86' lang='lat'>‘</span> <span class='ocrx_word' id='word_1_266' title='bbox 768 4019 927 4071; x_wconf 82' lang='lat' dir='ltr'>Cibus</span> <span class='ocrx_word' id='word_1_267' title='bbox 961 4039 1144 4088; x_wconf 88' lang='lat' dir='ltr'>parum</span> <span class='ocrx_word' id='word_1_268' title='bbox 1179 4032 1330 4082; x_wconf 87' lang='lat' dir='ltr'>obse·</span> 
     </span>
     <span class='ocr_line' id='line_1_48' title="bbox 264 4092 1330 4161; baseline 0.027 -29"><span class='ocrx_word' id='word_1_269' title='bbox 264 4099 425 4149; x_wconf 81' lang='lat' dir='ltr'>quens</span> <span class='ocrx_word' id='word_1_270' title='bbox 474 4092 781 4145; x_wconf 68' lang='lat' dir='ltr'>stomacho!</span> <span class='ocrx_word' id='word_1_271' title='bbox 860 4099 1067 4153; x_wconf 84' lang='lat' dir='ltr'>Colum.</span> <span class='ocrx_word' id='word_1_272' title='bbox 1126 4119 1218 4157; x_wconf 78' lang='grc' dir='ltr'>ιιι.</span> <span class='ocrx_word' id='word_1_273' title='bbox 1277 4114 1330 4161; x_wconf 81' lang='lat'>⁵.</span> 
     </span>
     <span class='ocr_line' id='line_1_49' title="bbox 263 4161 1330 4244; baseline 0.03 -39"><span class='ocrx_word' id='word_1_274' title='bbox 263 4162 278 4187; x_wconf 88' lang='lat'>‘</span> <span class='ocrx_word' id='word_1_275' title='bbox 305 4161 460 4214; x_wconf 83' lang='lat' dir='ltr'>Curae</span> <span class='ocrx_word' id='word_1_276' title='bbox 513 4168 812 4222; x_wconf 78' lang='lat' dir='ltr'>mortalium</span> <span class='ocrx_word' id='word_1_277' title='bbox 861 4176 1330 4244; x_wconf 77' lang='lat' dir='ltr'>obsequentissima</span> 
     </span>
     <span class='ocr_line' id='line_1_50' title="bbox 265 4238 1329 4314; baseline 0.03 -31"><span class='ocrx_word' id='word_1_278' title='bbox 265 4245 344 4285; x_wconf 87' lang='lat' dir='ltr'>est</span> <span class='ocrx_word' id='word_1_279' title='bbox 367 4238 549 4303; x_wconf 88' lang='lat' dir='ltr'>Italia,</span> <span class='ocrx_word' id='word_1_280' title='bbox 570 4256 686 4306; x_wconf 76' lang='lat' dir='ltr'>qnae</span> <span class='ocrx_word' id='word_1_281' title='bbox 708 4259 857 4310; x_wconf 78' lang='lat' dir='ltr'>poene</span> <span class='ocrx_word' id='word_1_282' title='bbox 875 4254 1035 4306; x_wconf 89' lang='lat' dir='ltr'>totius</span> <span class='ocrx_word' id='word_1_283' title='bbox 1058 4260 1198 4310; x_wconf 87' lang='lat' dir='ltr'>orbis</span> <span class='ocrx_word' id='word_1_284' title='bbox 1219 4261 1329 4314; x_wconf 83' lang='lat' dir='ltr'>fru-</span> 
     </span>
     <span class='ocr_line' id='line_1_51' title="bbox 266 4313 1328 4394; baseline 0.032 -36"><span class='ocrx_word' id='word_1_285' title='bbox 266 4323 374 4388; x_wconf 70' lang='lat' dir='ltr'>ges,</span> <span class='ocrx_word' id='word_1_286' title='bbox 396 4313 633 4368; x_wconf 83' lang='lat' dir='ltr'>adhibito</span> <span class='ocrx_word' id='word_1_287' title='bbox 655 4322 827 4375; x_wconf 88' lang='lat' dir='ltr'>studio</span> <span class='ocrx_word' id='word_1_288' title='bbox 850 4329 1167 4394; x_wconf 82' lang='lat' dir='ltr'>colonorum,</span> <span class='ocrx_word' id='word_1_289' title='bbox 1190 4336 1328 4392; x_wconf 83' lang='lat' dir='ltr'>ferre</span> 
     </span>
    </p>

    <p class='ocr_par' dir='ltr' id='par_1_6' title="bbox 387 4395 932 4462">
     <span class='ocr_line' id='line_1_52' title="bbox 387 4395 932 4462; baseline 0.029 -17"><span class='ocrx_word' id='word_1_290' title='bbox 387 4395 567 4462; x_wconf 69' lang='lat' dir='ltr'>Delph.</span> <span class='ocrx_word' id='word_1_291' title='bbox 591 4405 642 4452; x_wconf 82' lang='lat' dir='ltr'>et</span> <span class='ocrx_word' id='word_1_292' title='bbox 670 4402 785 4456; x_wconf 70' lang='grc' dir='ltr'>ναν.</span> <span class='ocrx_word' id='word_1_293' title='bbox 803 4410 932 4460; x_wconf 83' lang='lat' dir='ltr'>Clas.</span> 
     </span>
    </p>
   </div>
   <div class='ocr_carea' id='block_1_3' title="bbox 1208 4420 1536 4487">
    <p class='ocr_par' dir='ltr' id='par_1_7' title="bbox 1208 4420 1536 4487">
     <span class='ocr_line' id='line_1_53' title="bbox 1208 4420 1536 4487; baseline 0.024 -17"><span class='ocrx_word' id='word_1_294' title='bbox 1208 4420 1395 4487; x_wconf 77' lang='lat' dir='ltr'>Paneg.</span> <span class='ocrx_word' id='word_1_295' title='bbox 1426 4425 1536 4477; x_wconf 72' lang='lat' dir='ltr'>Vct.</span> 
     </span>
    </p>
   </div>
   <div class='ocr_carea' id='block_1_4' title="bbox 2363 405 2498 473">
    <p class='ocr_par' dir='ltr' id='par_1_8' title="bbox 2363 405 2498 473">
     <span class='ocr_line' id='line_1_54' title="bbox 2363 405 2498 473; baseline 0.015 -1"><span class='ocrx_word' id='word_1_296' title='bbox 2363 405 2498 473; x_wconf 78' lang='lat'>609</span> 
     </span>
    </p>
   </div>
   <div class='ocr_carea' id='block_1_5' title="bbox 1393 549 2554 2872">
    <p class='ocr_par' dir='ltr' id='par_1_9' title="bbox 1393 549 2554 2872">
     <span class='ocr_line' id='line_1_55' title="bbox 1416 549 2496 617; baseline 0.016 -17"><span class='ocrx_word' id='word_1_297' title='bbox 1416 549 1711 607; x_wconf 84' lang='lat' dir='ltr'>didicerit.’</span> <span class='ocrx_word' id='word_1_298' title='bbox 1773 557 1976 610; x_wconf 85' lang='lat' dir='ltr'>Seneca</span> <span class='ocrx_word' id='word_1_299' title='bbox 2015 560 2068 610; x_wconf 86' lang='lat' dir='ltr'>in</span> <span class='ocrx_word' id='word_1_300' title='bbox 2104 561 2266 612; x_wconf 70' lang='lat' dir='ltr'>Prae‘ss</span> <span class='ocrx_word' id='word_1_301' title='bbox 2302 563 2496 617; x_wconf 77' lang='lat' dir='ltr'>Natur·</span> 
     </span>
     <span class='ocr_line' id='line_1_56' title="bbox 1417 631 2482 708; baseline 0.015 -30"><span class='ocrx_word' id='word_1_302' title='bbox 1417 631 1618 684; x_wconf 54' lang='grc' dir='ltr'><strong>Ουτοι.</strong></span> <span class='ocrx_word' id='word_1_303' title='bbox 1644 634 1734 685; x_wconf 87' lang='lat' dir='ltr'>lib.</span> <span class='ocrx_word' id='word_1_304' title='bbox 1758 649 1797 685; x_wconf 84' lang='lat' dir='ltr'>r.</span> <span class='ocrx_word' id='word_1_305' title='bbox 1829 635 1846 663; x_wconf 86' lang='lat'>‘</span> <span class='ocrx_word' id='word_1_306' title='bbox 1871 636 2103 688; x_wconf 86' lang='lat' dir='ltr'>Materia</span> <span class='ocrx_word' id='word_1_307' title='bbox 2136 639 2482 708; x_wconf 83' lang='lat' dir='ltr'>inobsequens</span> 
     </span>
     <span class='ocr_line' id='line_1_57' title="bbox 1420 709 2499 785; baseline 0.012 -26"><span class='ocrx_word' id='word_1_308' title='bbox 1420 709 1559 760; x_wconf 63' lang='lat' dir='ltr'>arti!</span> <span class='ocrx_word' id='word_1_309' title='bbox 1626 710 1770 763; x_wconf 87' lang='lat' dir='ltr'>Alias</span> <span class='ocrx_word' id='word_1_310' title='bbox 1794 714 1893 764; x_wconf 85' lang='lat' dir='ltr'>hoe</span> <span class='ocrx_word' id='word_1_311' title='bbox 1917 716 2162 779; x_wconf 81' lang='lat' dir='ltr'>elogium,</span> <span class='ocrx_word' id='word_1_312' title='bbox 2186 717 2238 767; x_wconf 92' lang='lat' dir='ltr'>in</span> <span class='ocrx_word' id='word_1_313' title='bbox 2264 720 2499 785; x_wconf 78' lang='lat' dir='ltr'>antiquis</span> 
     </span>
     <span class='ocr_line' id='line_1_58' title="bbox 1419 788 2486 853; baseline 0.009 -16"><span class='ocrx_word' id='word_1_314' title='bbox 1419 788 1682 853; x_wconf 72' lang='lat' dir='ltr'>lapidibus</span> <span class='ocrx_word' id='word_1_315' title='bbox 1705 797 1758 841; x_wconf 90' lang='lat' dir='ltr'>et</span> <span class='ocrx_word' id='word_1_316' title='bbox 1784 793 2022 850; x_wconf 87' lang='lat' dir='ltr'>nummis,</span> <span class='ocrx_word' id='word_1_317' title='bbox 2049 791 2275 843; x_wconf 83' lang='lat' dir='ltr'>maxime</span> <span class='ocrx_word' id='word_1_318' title='bbox 2301 794 2486 847; x_wconf 83' lang='lat' dir='ltr'>tribui·</span> 
     </span>
     <span class='ocr_line' id='line_1_59' title="bbox 1420 864 2494 935; baseline 0.013 -25"><span class='ocrx_word' id='word_1_319' title='bbox 1420 867 1505 911; x_wconf 84' lang='lat' dir='ltr'>tur</span> <span class='ocrx_word' id='word_1_320' title='bbox 1522 864 1801 931; x_wconf 55' lang='lat' dir='ltr'>Fortunam</span> <span class='ocrx_word' id='word_1_321' title='bbox 1827 883 1878 917; x_wconf 86' lang='lat' dir='ltr'>v.</span> <span class='ocrx_word' id='word_1_322' title='bbox 1894 884 1943 933; x_wconf 75' lang='lat' dir='ltr'>g.</span> <span class='ocrx_word' id='word_1_323' title='bbox 1963 883 2049 934; x_wconf 86' lang='lat' dir='ltr'>ap.</span> <span class='ocrx_word' id='word_1_324' title='bbox 2070 870 2225 921; x_wconf 79' lang='lat' dir='ltr'>Grut.</span> <span class='ocrx_word' id='word_1_325' title='bbox 2249 884 2300 935; x_wconf 80' lang='lat' dir='ltr'>p.</span> <span class='ocrx_word' id='word_1_326' title='bbox 2321 885 2494 924; x_wconf 76' lang='lat' dir='ltr'>Lxxv.</span> 
     </span>
     <span class='ocr_line' id='line_1_60' title="bbox 1417 942 2493 1000; baseline 0.009 -11"><span class='ocrx_word' id='word_1_327' title='bbox 1417 942 1467 989; x_wconf 77' lang='lat'>6.</span> <span class='ocrx_word' id='word_1_328' title='bbox 1525 953 1846 994; x_wconf 65' lang='lat' dir='ltr'>ron&#39;rvnas.</span> <span class='ocrx_word' id='word_1_329' title='bbox 1909 957 2282 999; x_wconf 70' lang='lat' dir='ltr'>onsnovnwn.</span> <span class='ocrx_word' id='word_1_330' title='bbox 2337 961 2493 1000; x_wconf 75' lang='lat' dir='ltr'>onno</span> 
     </span>
     <span class='ocr_line' id='line_1_61' title="bbox 1421 1027 2493 1077; baseline 0.009 -11"><span class='ocrx_word' id='word_1_331' title='bbox 1421 1027 1660 1070; x_wconf 69' lang='lat' dir='ltr'>conans.</span> <span class='ocrx_word' id='word_1_332' title='bbox 1688 1034 1847 1073; x_wconf 81' lang='grc' dir='ltr'><strong>νοτο.</strong></span> <span class='ocrx_word' id='word_1_333' title='bbox 1864 1036 1997 1075; x_wconf 75' lang='lat' dir='ltr'>Pno-</span> <span class='ocrx_word' id='word_1_334' title='bbox 2018 1037 2247 1077; x_wconf 64' lang='lat' dir='ltr'>samm.</span> <span class='ocrx_word' id='word_1_335' title='bbox 2266 1037 2493 1077; x_wconf 74' lang='lat' dir='ltr'>svscm’·</span> 
     </span>
     <span class='ocr_line' id='line_1_62' title="bbox 1419 1098 2492 1156; baseline 0.01 -11"><span class='ocrx_word' id='word_1_336' title='bbox 1419 1106 1511 1146; x_wconf 71' lang='lat' dir='ltr'>&#39;ro-</span> <span class='ocrx_word' id='word_1_337' title='bbox 1580 1098 1649 1148; x_wconf 87' lang='lat' dir='ltr'>Et</span> <span class='ocrx_word' id='word_1_338' title='bbox 1691 1113 1834 1153; x_wconf 88' lang='lat' dir='ltr'>num.</span> <span class='ocrx_word' id='word_1_339' title='bbox 1869 1106 1920 1153; x_wconf 83' lang='lat'>8.</span> <span class='ocrx_word' id='word_1_340' title='bbox 1968 1115 2298 1155; x_wconf 68' lang='lat' dir='ltr'>ron‘rvnan.</span> <span class='ocrx_word' id='word_1_341' title='bbox 2329 1117 2492 1156; x_wconf 72' lang='lat' dir='ltr'>ossa·</span> 
     </span>
     <span class='ocr_line' id='line_1_63' title="bbox 1423 1183 2493 1235; baseline 0.007 -9"><span class='ocrx_word' id='word_1_342' title='bbox 1423 1183 1653 1226; x_wconf 69' lang='lat' dir='ltr'>Qvnurr.</span> <span class='ocrx_word' id='word_1_343' title='bbox 1687 1190 1931 1232; x_wconf 70' lang='lat' dir='ltr'>sacnvu.</span> <span class='ocrx_word' id='word_1_344' title='bbox 1955 1195 2181 1234; x_wconf 61' lang='lat' dir='ltr'>ruva.</span> <span class='ocrx_word' id='word_1_345' title='bbox 2213 1195 2493 1235; x_wconf 65' lang='lat' dir='ltr'>nonusn-</span> 
     </span>
     <span class='ocr_line' id='line_1_64' title="bbox 1425 1259 2492 1312; baseline 0.013 -13"><span class='ocrx_word' id='word_1_346' title='bbox 1425 1262 1519 1301; x_wconf 70' lang='grc' dir='ltr'>Μ.</span> <span class='ocrx_word' id='word_1_347' title='bbox 1542 1264 1709 1304; x_wconf 66' lang='lat' dir='ltr'>rear.</span> <span class='ocrx_word' id='word_1_348' title='bbox 1733 1269 1875 1308; x_wconf 72' lang='lat' dir='ltr'>atvs.</span> <span class='ocrx_word' id='word_1_349' title='bbox 1905 1271 2188 1312; x_wconf 68' lang='lat' dir='ltr'>sna-isus.</span> <span class='ocrx_word' id='word_1_350' title='bbox 2216 1265 2320 1312; x_wconf 85' lang='lat' dir='ltr'>&amp;c.</span> <span class='ocrx_word' id='word_1_351' title='bbox 2383 1259 2492 1312; x_wconf 86' lang='lat' dir='ltr'>Sed</span> 
     </span>
     <span class='ocr_line' id='line_1_65' title="bbox 1420 1333 2490 1393; baseline 0.012 -17"><span class='ocrx_word' id='word_1_352' title='bbox 1420 1337 1477 1376; x_wconf 89' lang='lat' dir='ltr'>et</span> <span class='ocrx_word' id='word_1_353' title='bbox 1521 1333 1816 1393; x_wconf 76' lang='lat' dir='ltr'>generatim</span> <span class='ocrx_word' id='word_1_354' title='bbox 1854 1333 1923 1384; x_wconf 85' lang='lat' dir='ltr'>de</span> <span class='ocrx_word' id='word_1_355' title='bbox 1968 1337 2087 1387; x_wconf 88' lang='lat' dir='ltr'>Diis</span> <span class='ocrx_word' id='word_1_356' title='bbox 2124 1339 2258 1388; x_wconf 81' lang='lat' dir='ltr'>dixit</span> <span class='ocrx_word' id='word_1_357' title='bbox 2291 1337 2490 1390; x_wconf 83' lang='lat' dir='ltr'>Plinius</span> 
     </span>
     <span class='ocr_line' id='line_1_66' title="bbox 1423 1404 2489 1481; baseline 0.012 -27"><span class='ocrx_word' id='word_1_358' title='bbox 1423 1404 1621 1473; x_wconf 84' lang='lat' dir='ltr'>Major,</span> <span class='ocrx_word' id='word_1_359' title='bbox 1654 1416 1861 1463; x_wconf 74' lang='lat' dir='ltr'>xxx-2.</span> <span class='ocrx_word' id='word_1_360' title='bbox 1895 1420 1909 1443; x_wconf 86' lang='lat'>‘</span> <span class='ocrx_word' id='word_1_361' title='bbox 1930 1413 2065 1466; x_wconf 85' lang='lat' dir='ltr'>Sunt</span> <span class='ocrx_word' id='word_1_362' title='bbox 2099 1417 2338 1481; x_wconf 53' lang='lat' dir='ltr'>quasdam</span> <span class='ocrx_word' id='word_1_363' title='bbox 2373 1418 2489 1466; x_wconf 84' lang='lat' dir='ltr'>Ma·</span> 
     </span>
     <span class='ocr_line' id='line_1_67' title="bbox 1421 1483 2489 1556; baseline 0.013 -25"><span class='ocrx_word' id='word_1_364' title='bbox 1421 1483 1499 1546; x_wconf 76' lang='lat' dir='ltr'>gis</span> <span class='ocrx_word' id='word_1_365' title='bbox 1524 1484 1782 1552; x_wconf 76' lang='lat' dir='ltr'>perfugia,</span> <span class='ocrx_word' id='word_1_366' title='bbox 1795 1488 1957 1540; x_wconf 85' lang='lat' dir='ltr'>veluti</span> <span class='ocrx_word' id='word_1_367' title='bbox 1976 1492 2278 1556; x_wconf 79' lang='lat' dir='ltr'>lentiginem</span> <span class='ocrx_word' id='word_1_368' title='bbox 2293 1493 2489 1544; x_wconf 83' lang='lat' dir='ltr'>baben·</span> 
     </span>
     <span class='ocr_line' id='line_1_68' title="bbox 1422 1559 2493 1632; baseline 0.014 -24"><span class='ocrx_word' id='word_1_369' title='bbox 1422 1559 1564 1609; x_wconf 84' lang='lat' dir='ltr'>tibus</span> <span class='ocrx_word' id='word_1_370' title='bbox 1584 1575 1687 1612; x_wconf 88' lang='lat' dir='ltr'>non</span> <span class='ocrx_word' id='word_1_371' title='bbox 1703 1564 1924 1632; x_wconf 86' lang='lat' dir='ltr'>obsequi</span> <span class='ocrx_word' id='word_1_372' title='bbox 1950 1570 2180 1627; x_wconf 86' lang='lat' dir='ltr'>numina,</span> <span class='ocrx_word' id='word_1_373' title='bbox 2198 1579 2284 1619; x_wconf 89' lang='lat' dir='ltr'>ant</span> <span class='ocrx_word' id='word_1_374' title='bbox 2310 1568 2493 1622; x_wconf 63' lang='lat' dir='ltr'>cerni?</span> 
     </span>
     <span class='ocr_line' id='line_1_69' title="bbox 1420 1636 2488 1711; baseline 0.013 -25"><span class='ocrx_word' id='word_1_375' title='bbox 1420 1636 1541 1688; x_wconf 83' lang='lat' dir='ltr'>Hoc</span> <span class='ocrx_word' id='word_1_376' title='bbox 1565 1639 1681 1690; x_wconf 88' lang='lat' dir='ltr'>loeo</span> <span class='ocrx_word' id='word_1_377' title='bbox 1707 1641 1859 1693; x_wconf 82' lang='lat' dir='ltr'>Nilus</span> <span class='ocrx_word' id='word_1_378' title='bbox 1880 1643 2073 1695; x_wconf 85' lang='lat' dir='ltr'>dicitur</span> <span class='ocrx_word' id='word_1_379' title='bbox 2092 1646 2362 1711; x_wconf 73' lang='lat' dir='ltr'>obsequens,</span> <span class='ocrx_word' id='word_1_380' title='bbox 2385 1649 2418 1697; x_wconf 84' lang='lat' dir='ltr'>i.</span> <span class='ocrx_word' id='word_1_381' title='bbox 2438 1664 2488 1700; x_wconf 82' lang='lat' dir='ltr'>e.</span> 
     </span>
     <span class='ocr_line' id='line_1_70' title="bbox 1419 1713 2487 1782; baseline 0.009 -17"><span class='ocrx_word' id='word_1_382' title='bbox 1419 1713 1695 1782; x_wconf 78' lang='lat' dir='ltr'>benignus,</span> <span class='ocrx_word' id='word_1_383' title='bbox 1717 1727 1774 1769; x_wconf 89' lang='lat' dir='ltr'>et</span> <span class='ocrx_word' id='word_1_384' title='bbox 1795 1718 1977 1772; x_wconf 78' lang='lat' dir='ltr'>favens</span> <span class='ocrx_word' id='word_1_385' title='bbox 2002 1730 2144 1774; x_wconf 76' lang='lat' dir='ltr'>voto.</span> <span class='ocrx_word' id='word_1_386' title='bbox 2209 1724 2346 1777; x_wconf 68' lang='lat' dir='ltr'>Quas</span> <span class='ocrx_word' id='word_1_387' title='bbox 2368 1738 2487 1775; x_wconf 68' lang='lat' dir='ltr'>ver·</span> 
     </span>
     <span class='ocr_line' id='line_1_71' title="bbox 1419 1789 2488 1867; baseline 0.011 -27"><span class='ocrx_word' id='word_1_388' title='bbox 1419 1789 1505 1857; x_wconf 89' lang='lat' dir='ltr'>ba,</span> <span class='ocrx_word' id='word_1_389' title='bbox 1544 1801 1792 1860; x_wconf 85' lang='lat' dir='ltr'>tanquam</span> <span class='ocrx_word' id='word_1_390' title='bbox 1813 1802 1830 1828; x_wconf 74' lang='lat'>⁶</span> <span class='ocrx_word' id='word_1_391' title='bbox 1854 1799 2145 1863; x_wconf 79' lang='lat' dir='ltr'>propositio</span> <span class='ocrx_word' id='word_1_392' title='bbox 2170 1798 2488 1867; x_wconf 76' lang='lat' dir='ltr'>complexa.’</span> 
     </span>
     <span class='ocr_line' id='line_1_72' title="bbox 1419 1872 2485 1943; baseline 0.008 -24"><span class='ocrx_word' id='word_1_393' title='bbox 1419 1872 1497 1920; x_wconf 88' lang='lat' dir='ltr'>uti</span> <span class='ocrx_word' id='word_1_394' title='bbox 1544 1872 1825 1937; x_wconf 85' lang='lat' dir='ltr'>loquuntur</span> <span class='ocrx_word' id='word_1_395' title='bbox 1870 1876 2044 1940; x_wconf 77' lang='lat' dir='ltr'>logici,</span> <span class='ocrx_word' id='word_1_396' title='bbox 2090 1880 2346 1943; x_wconf 81' lang='lat' dir='ltr'>explicari</span> <span class='ocrx_word' id='word_1_397' title='bbox 2392 1878 2485 1928; x_wconf 84' lang='lat' dir='ltr'>de-</span> 
     </span>
     <span class='ocr_line' id='line_1_73' title="bbox 1418 1948 2486 2028; baseline 0.013 -28"><span class='ocrx_word' id='word_1_398' title='bbox 1418 1948 1583 2004; x_wconf 81' lang='lat' dir='ltr'>bent:</span> <span class='ocrx_word' id='word_1_399' title='bbox 1618 1959 1668 2003; x_wconf 82' lang='lat' dir='ltr'>et</span> <span class='ocrx_word' id='word_1_400' title='bbox 1699 1955 1867 2021; x_wconf 74' lang='lat' dir='ltr'>Nilus,</span> <span class='ocrx_word' id='word_1_401' title='bbox 1900 1965 2151 2024; x_wconf 87' lang='lat' dir='ltr'>quatenus</span> <span class='ocrx_word' id='word_1_402' title='bbox 2186 1970 2243 2014; x_wconf 91' lang='lat' dir='ltr'>et</span> <span class='ocrx_word' id='word_1_403' title='bbox 2277 1965 2486 2028; x_wconf 83' lang='lat' dir='ltr'>quando</span> 
     </span>
     <span class='ocr_line' id='line_1_74' title="bbox 1416 2030 2488 2107; baseline 0.015 -30"><span class='ocrx_word' id='word_1_404' title='bbox 1416 2030 1673 2094; x_wconf 72' lang='lat' dir='ltr'>obsequens</span> <span class='ocrx_word' id='word_1_405' title='bbox 1698 2033 1826 2097; x_wconf 83' lang='lat' dir='ltr'>suit,</span> <span class='ocrx_word' id='word_1_406' title='bbox 1866 2036 2082 2103; x_wconf 75' lang='lat' dir='ltr'>AEg-ypto</span> <span class='ocrx_word' id='word_1_407' title='bbox 2129 2040 2318 2103; x_wconf 71' lang='lat' dir='ltr'>quidem</span> <span class='ocrx_word' id='word_1_408' title='bbox 2357 2053 2488 2107; x_wconf 82' lang='lat' dir='ltr'>soepe</span> 
     </span>
     <span class='ocr_line' id='line_1_75' title="bbox 1405 2106 2187 2175; baseline 0.018 -21"><span class='ocrx_word' id='word_1_409' title='bbox 1405 2106 1570 2171; x_wconf 73' lang='lat' dir='ltr'>fluxit</span> <span class='ocrx_word' id='word_1_410' title='bbox 1591 2109 1792 2171; x_wconf 73' lang='lat' dir='ltr'>largior,</span> <span class='ocrx_word' id='word_1_411' title='bbox 1811 2113 1893 2175; x_wconf 58' lang='grc' dir='ltr'>ξε.</span> <span class='ocrx_word' id='word_1_412' title='bbox 1929 2115 2187 2167; x_wconf 70' lang='lat' dir='ltr'>Schwart-</span> 
     </span>
     <span class='ocr_line' id='line_1_76' title="bbox 1487 2183 2486 2257; baseline 0.018 -25"><span class='ocrx_word' id='word_1_413' title='bbox 1487 2183 1674 2234; x_wconf 78' lang='lat' dir='ltr'>Glorioe</span> <span class='ocrx_word' id='word_1_414' title='bbox 1695 2189 1896 2253; x_wconf 78' lang='lat' dir='ltr'>nostr-cs]</span> <span class='ocrx_word' id='word_1_415' title='bbox 1945 2192 2194 2257; x_wconf 82' lang='lat' dir='ltr'>Trajanus</span> <span class='ocrx_word' id='word_1_416' title='bbox 2221 2210 2347 2247; x_wconf 84' lang='lat' dir='ltr'>sane</span> <span class='ocrx_word' id='word_1_417' title='bbox 2386 2196 2486 2250; x_wconf 83' lang='lat' dir='ltr'>boc</span> 
     </span>
     <span class='ocr_line' id='line_1_77' title="bbox 1417 2261 2482 2341; baseline 0.016 -30"><span class='ocrx_word' id='word_1_418' title='bbox 1417 2261 1472 2312; x_wconf 89' lang='lat' dir='ltr'>in</span> <span class='ocrx_word' id='word_1_419' title='bbox 1496 2277 1593 2312; x_wconf 88' lang='lat' dir='ltr'>sua</span> <span class='ocrx_word' id='word_1_420' title='bbox 1614 2268 1809 2329; x_wconf 83' lang='lat' dir='ltr'>posuit,</span> <span class='ocrx_word' id='word_1_421' title='bbox 1843 2276 1900 2318; x_wconf 88' lang='lat' dir='ltr'>et</span> <span class='ocrx_word' id='word_1_422' title='bbox 1933 2284 2168 2323; x_wconf 87' lang='lat' dir='ltr'>nummos</span> <span class='ocrx_word' id='word_1_423' title='bbox 2199 2276 2364 2334; x_wconf 82' lang='lat' dir='ltr'>cudit,</span> <span class='ocrx_word' id='word_1_424' title='bbox 2396 2277 2482 2341; x_wconf 90' lang='lat' dir='ltr'>qui</span> 
     </span>
     <span class='ocr_line' id='line_1_78' title="bbox 1417 2348 2487 2405; baseline 0.015 -15"><span class='ocrx_word' id='word_1_425' title='bbox 1417 2348 1669 2390; x_wconf 77' lang='lat' dir='ltr'>exstantz</span> <span class='ocrx_word' id='word_1_426' title='bbox 1706 2356 1829 2393; x_wconf 69' lang='lat' dir='ltr'>mr.</span> <span class='ocrx_word' id='word_1_427' title='bbox 1853 2359 2004 2398; x_wconf 67' lang='lat' dir='ltr'>cass.</span> <span class='ocrx_word' id='word_1_428' title='bbox 2037 2362 2249 2404; x_wconf 65' lang='lat' dir='ltr'>seuva·</span> <span class='ocrx_word' id='word_1_429' title='bbox 2282 2367 2487 2405; x_wconf 70' lang='lat' dir='ltr'>‘rnam-</span> 
     </span>
     <span class='ocr_line' id='line_1_79' title="bbox 1417 2425 2486 2487; baseline 0.014 -20"><span class='ocrx_word' id='word_1_430' title='bbox 1417 2430 1540 2467; x_wconf 70' lang='lat' dir='ltr'>uvs.</span> <span class='ocrx_word' id='word_1_431' title='bbox 1564 2430 1698 2470; x_wconf 69' lang='lat' dir='ltr'>Avo.</span> <span class='ocrx_word' id='word_1_432' title='bbox 1725 2429 1875 2484; x_wconf 85' lang='lat' dir='ltr'>parte</span> <span class='ocrx_word' id='word_1_433' title='bbox 1900 2425 1953 2474; x_wconf 88' lang='lat' dir='ltr'>in</span> <span class='ocrx_word' id='word_1_434' title='bbox 1984 2428 2173 2487; x_wconf 87' lang='lat' dir='ltr'>altera,</span> <span class='ocrx_word' id='word_1_435' title='bbox 2206 2444 2251 2479; x_wconf 87' lang='lat' dir='ltr'>s.</span> <span class='ocrx_word' id='word_1_436' title='bbox 2272 2444 2323 2480; x_wconf 78' lang='lat' dir='ltr'>P.</span> <span class='ocrx_word' id='word_1_437' title='bbox 2344 2443 2401 2486; x_wconf 73' lang='lat' dir='ltr'>Q·</span> <span class='ocrx_word' id='word_1_438' title='bbox 2423 2444 2486 2483; x_wconf 76' lang='lat' dir='ltr'>R.</span> 
     </span>
     <span class='ocr_line' id='line_1_80' title="bbox 1393 2507 2484 2560; baseline 0.013 -16"><span class='ocrx_word' id='word_1_439' title='bbox 1393 2508 1654 2547; x_wconf 47' lang='lat' dir='ltr'>*onium</span> <span class='ocrx_word' id='word_1_440' title='bbox 1679 2511 1957 2552; x_wconf 71' lang='lat' dir='ltr'>rutncrm.</span> <span class='ocrx_word' id='word_1_441' title='bbox 1986 2517 2162 2556; x_wconf 71' lang='lat' dir='ltr'>mnvs.</span> <span class='ocrx_word' id='word_1_442' title='bbox 2227 2507 2385 2559; x_wconf 87' lang='lat' dir='ltr'>Picta</span> <span class='ocrx_word' id='word_1_443' title='bbox 2404 2508 2484 2560; x_wconf 81' lang='lat' dir='ltr'>ef-</span> 
     </span>
     <span class='ocr_line' id='line_1_81' title="bbox 1415 2572 2483 2645; baseline 0.016 -24"><span class='ocrx_word' id='word_1_444' title='bbox 1415 2572 1568 2639; x_wconf 77' lang='lat' dir='ltr'>figies</span> <span class='ocrx_word' id='word_1_445' title='bbox 1592 2574 1703 2624; x_wconf 88' lang='lat' dir='ltr'>Nili</span> <span class='ocrx_word' id='word_1_446' title='bbox 1734 2579 2046 2645; x_wconf 81' lang='lat' dir='ltr'>recubantis,</span> <span class='ocrx_word' id='word_1_447' title='bbox 2066 2596 2183 2633; x_wconf 88' lang='lat' dir='ltr'>cum</span> <span class='ocrx_word' id='word_1_448' title='bbox 2218 2586 2483 2638; x_wconf 77' lang='lat' dir='ltr'>crocodilo</span> 
     </span>
     <span class='ocr_line' id='line_1_82' title="bbox 1414 2652 2554 2738; baseline 0.012 -38"><span class='ocrx_word' id='word_1_449' title='bbox 1414 2664 1511 2701; x_wconf 91' lang='lat' dir='ltr'>suo</span> <span class='ocrx_word' id='word_1_450' title='bbox 1534 2659 1589 2701; x_wconf 87' lang='lat' dir='ltr'>et</span> <span class='ocrx_word' id='word_1_451' title='bbox 1610 2652 2007 2717; x_wconf 85' lang='lat' dir='ltr'>hippopotamo.</span> <span class='ocrx_word' id='word_1_452' title='bbox 2042 2660 2174 2723; x_wconf 69' lang='lat' dir='ltr'>Lips.</span> <span class='ocrx_word' id='word_1_453' title='bbox 2541 2721 2554 2738; x_wconf 34' lang='lat' dir='ltr'><em>j</em></span> 
     </span>
     <span class='ocr_line' id='line_1_83' title="bbox 1479 2727 2477 2805; baseline 0.015 -29"><span class='ocrx_word' id='word_1_454' title='bbox 1479 2727 1693 2789; x_wconf 73' lang='lat' dir='ltr'>Largior</span> <span class='ocrx_word' id='word_1_455' title='bbox 1733 2731 1917 2795; x_wconf 72' lang='lat' dir='ltr'>fluxit]</span> <span class='ocrx_word' id='word_1_456' title='bbox 1967 2736 2337 2803; x_wconf 87' lang='lat' dir='ltr'>Cuspinianus,</span> <span class='ocrx_word' id='word_1_457' title='bbox 2380 2755 2477 2805; x_wconf 90' lang='lat' dir='ltr'>pro</span> 
     </span>
     <span class='ocr_line' id='line_1_84' title="bbox 1402 2799 2480 2872; baseline 0.014 -21"><span class='ocrx_word' id='word_1_458' title='bbox 1402 2799 1586 2866; x_wconf 76' lang='lat' dir='ltr'>fluxit,</span> <span class='ocrx_word' id='word_1_459' title='bbox 1613 2805 1771 2855; x_wconf 81' lang='lat' dir='ltr'>habet</span> <span class='ocrx_word' id='word_1_460' title='bbox 1794 2809 1937 2872; x_wconf 74' lang='lat' dir='ltr'>fluit.</span> <span class='ocrx_word' id='word_1_461' title='bbox 2002 2812 2186 2861; x_wconf 87' lang='lat' dir='ltr'>Codex</span> <span class='ocrx_word' id='word_1_462' title='bbox 2216 2816 2480 2866; x_wconf 85' lang='lat' dir='ltr'>Parisien-</span> 
     </span>
    </p>
   </div>
   <div class='ocr_carea' id='block_1_6' title="bbox 1414 2882 2595 2945">
    <p class='ocr_par' dir='ltr' id='par_1_10' title="bbox 1414 2882 2595 2945">
     <span class='ocr_line' id='line_1_85' title="bbox 1414 2882 2595 2945; baseline 0.012 -15"><span class='ocrx_word' id='word_1_463' title='bbox 1414 2882 1484 2931; x_wconf 85' lang='lat' dir='ltr'>sis</span> <span class='ocrx_word' id='word_1_464' title='bbox 1507 2884 1744 2945; x_wconf 56' lang='lat' dir='ltr'>defluxa,-</span> <span class='ocrx_word' id='word_1_465' title='bbox 1778 2894 2017 2938; x_wconf 86' lang='lat' dir='ltr'>neutrum</span> <span class='ocrx_word' id='word_1_466' title='bbox 2040 2891 2363 2941; x_wconf 87' lang='lat' dir='ltr'>commodum</span> <span class='ocrx_word' id='word_1_467' title='bbox 2385 2901 2485 2943; x_wconf 72' lang='lat' dir='ltr'>est.</span> <span class='ocrx_word' id='word_1_468' title='bbox 2590 2899 2595 2904; x_wconf 91' lang='lat'>&#39;</span> 
     </span>
    </p>
   </div>
   <div class='ocr_carea' id='block_1_7' title="bbox 1386 2960 2482 4427">
    <p class='ocr_par' dir='ltr' id='par_1_11' title="bbox 1386 2960 2482 4427">
     <span class='ocr_line' id='line_1_86' title="bbox 1386 2960 2480 3034; baseline 0.01 -23"><span class='ocrx_word' id='word_1_469' title='bbox 1386 2960 1572 3012; x_wconf 79' lang='lat' dir='ltr'>-Quod</span> <span class='ocrx_word' id='word_1_470' title='bbox 1594 2964 1637 3012; x_wconf 89' lang='lat' dir='ltr'>si</span> <span class='ocrx_word' id='word_1_471' title='bbox 1668 2978 1764 3026; x_wconf 86' lang='lat' dir='ltr'>pro</span> <span class='ocrx_word' id='word_1_472' title='bbox 1779 2964 1957 3029; x_wconf 76' lang='lat' dir='ltr'>fluxit,</span> <span class='ocrx_word' id='word_1_473' title='bbox 1986 2968 2068 3017; x_wconf 85' lang='lat' dir='ltr'>vel</span> <span class='ocrx_word' id='word_1_474' title='bbox 2088 2967 2233 3033; x_wconf 77' lang='lat' dir='ltr'>fluit,</span> <span class='ocrx_word' id='word_1_475' title='bbox 2258 2981 2480 3034; x_wconf 77' lang='lat' dir='ltr'>reponas</span> 
     </span>
     <span class='ocr_line' id='line_1_87' title="bbox 1402 3037 2481 3110; baseline 0.012 -23"><span class='ocrx_word' id='word_1_476' title='bbox 1402 3037 1528 3098; x_wconf 76' lang='lat' dir='ltr'>suit,</span> <span class='ocrx_word' id='word_1_477' title='bbox 1551 3040 1607 3089; x_wconf 90' lang='lat' dir='ltr'>id</span> <span class='ocrx_word' id='word_1_478' title='bbox 1638 3041 1844 3107; x_wconf 86' lang='lat' dir='ltr'>quidem</span> <span class='ocrx_word' id='word_1_479' title='bbox 1882 3044 2104 3110; x_wconf 80' lang='lat' dir='ltr'>facilius,</span> <span class='ocrx_word' id='word_1_480' title='bbox 2138 3055 2194 3097; x_wconf 90' lang='lat' dir='ltr'>et</span> <span class='ocrx_word' id='word_1_481' title='bbox 2226 3048 2290 3098; x_wconf 90' lang='lat' dir='ltr'>ad</span> <span class='ocrx_word' id='word_1_482' title='bbox 2326 3051 2481 3100; x_wconf 86' lang='lat' dir='ltr'>tellu-</span> 
     </span>
     <span class='ocr_line' id='line_1_88' title="bbox 1414 3121 2481 3188; baseline 0.013 -24"><span class='ocrx_word' id='word_1_483' title='bbox 1414 3129 1546 3178; x_wconf 85' lang='lat' dir='ltr'>rem,</span> <span class='ocrx_word' id='word_1_484' title='bbox 1599 3127 1654 3169; x_wconf 89' lang='lat' dir='ltr'>et</span> <span class='ocrx_word' id='word_1_485' title='bbox 1707 3121 1771 3170; x_wconf 88' lang='lat' dir='ltr'>ad</span> <span class='ocrx_word' id='word_1_486' title='bbox 1833 3122 2033 3188; x_wconf 84' lang='lat' dir='ltr'>Nilum,</span> <span class='ocrx_word' id='word_1_487' title='bbox 2087 3125 2237 3176; x_wconf 90' lang='lat' dir='ltr'>simul</span> <span class='ocrx_word' id='word_1_488' title='bbox 2293 3127 2481 3180; x_wconf 79' lang='lat' dir='ltr'>referri</span> 
     </span>
     <span class='ocr_line' id='line_1_89' title="bbox 1414 3196 2480 3271; baseline 0.012 -30"><span class='ocrx_word' id='word_1_489' title='bbox 1414 3201 1612 3257; x_wconf 80' lang='lat' dir='ltr'>queat3</span> <span class='ocrx_word' id='word_1_490' title='bbox 1648 3196 1759 3259; x_wconf 89' lang='lat' dir='ltr'>sed,</span> <span class='ocrx_word' id='word_1_491' title='bbox 1797 3206 2045 3263; x_wconf 89' lang='lat' dir='ltr'>quantum</span> <span class='ocrx_word' id='word_1_492' title='bbox 2086 3201 2208 3253; x_wconf 87' lang='lat' dir='ltr'>mihi</span> <span class='ocrx_word' id='word_1_493' title='bbox 2248 3205 2480 3271; x_wconf 81' lang='lat' dir='ltr'>videtur,</span> 
     </span>
     <span class='ocr_line' id='line_1_90' title="bbox 1414 3270 2480 3341; baseline 0.015 -24"><span class='ocrx_word' id='word_1_494' title='bbox 1414 3270 1795 3333; x_wconf 88' lang='lat' dir='ltr'>quodammodo</span> <span class='ocrx_word' id='word_1_495' title='bbox 1855 3276 2137 3341; x_wconf 82' lang='lat' dir='ltr'>languente</span> <span class='ocrx_word' id='word_1_496' title='bbox 2198 3282 2480 3333; x_wconf 83' lang='lat' dir='ltr'>sententia.</span> 
     </span>
     <span class='ocr_line' id='line_1_91' title="bbox 1414 3344 2482 3413; baseline 0.014 -17"><span class='ocrx_word' id='word_1_497' title='bbox 1414 3344 1598 3397; x_wconf 83' lang='lat' dir='ltr'>Malim</span> <span class='ocrx_word' id='word_1_498' title='bbox 1624 3362 1766 3413; x_wconf 77' lang='lat' dir='ltr'>ergo,</span> <span class='ocrx_word' id='word_1_499' title='bbox 1789 3353 1872 3401; x_wconf 88' lang='lat' dir='ltr'>vel</span> <span class='ocrx_word' id='word_1_500' title='bbox 1903 3363 2025 3404; x_wconf 89' lang='lat' dir='ltr'>ante</span> <span class='ocrx_word' id='word_1_501' title='bbox 2059 3357 2363 3408; x_wconf 83' lang='lat' dir='ltr'>vocabulum</span> <span class='ocrx_word' id='word_1_502' title='bbox 2387 3361 2482 3410; x_wconf 87' lang='lat' dir='ltr'>AE·</span> 
     </span>
     <span class='ocr_line' id='line_1_92' title="bbox 1406 3428 2479 3506; baseline 0.017 -36"><span class='ocrx_word' id='word_1_503' title='bbox 1406 3428 1581 3489; x_wconf 75' lang='lat' dir='ltr'>gypto,</span> <span class='ocrx_word' id='word_1_504' title='bbox 1604 3439 1889 3489; x_wconf 85' lang='lat' dir='ltr'>pronomen</span> <span class='ocrx_word' id='word_1_505' title='bbox 1924 3433 2197 3484; x_wconf 85' lang='lat' dir='ltr'>relativum</span> <span class='ocrx_word' id='word_1_506' title='bbox 2222 3436 2321 3506; x_wconf 67' lang='lat' dir='ltr'>qui,</span> <span class='ocrx_word' id='word_1_507' title='bbox 2341 3452 2479 3502; x_wconf 79' lang='lat' dir='ltr'>proe-</span> 
     </span>
     <span class='ocr_line' id='line_1_93' title="bbox 1411 3502 2480 3574; baseline 0.013 -23"><span class='ocrx_word' id='word_1_508' title='bbox 1411 3502 1570 3553; x_wconf 75' lang='lat' dir='ltr'>missa</span> <span class='ocrx_word' id='word_1_509' title='bbox 1593 3505 1800 3568; x_wconf 82' lang='lat' dir='ltr'>quidem</span> <span class='ocrx_word' id='word_1_510' title='bbox 1835 3509 2258 3574; x_wconf 84' lang='lat' dir='ltr'>interpunctione</span> <span class='ocrx_word' id='word_1_511' title='bbox 2278 3515 2369 3563; x_wconf 70' lang='grc' dir='ltr'>τοῦ</span> <span class='ocrx_word' id='word_1_512' title='bbox 2388 3513 2480 3565; x_wconf 77' lang='grc' dir='ltr'>κῶ-</span> 
     </span>
     <span class='ocr_line' id='line_1_94' title="bbox 1409 3580 2479 3653; baseline 0.015 -29"><span class='ocrx_word' id='word_1_513' title='bbox 1409 3583 1521 3634; x_wconf 86' lang='grc' dir='ltr'><strong>λου,</strong></span> <span class='ocrx_word' id='word_1_514' title='bbox 1546 3580 1629 3628; x_wconf 87' lang='lat' dir='ltr'>vel</span> <span class='ocrx_word' id='word_1_515' title='bbox 1654 3588 1773 3644; x_wconf 89' lang='lat' dir='ltr'>post</span> <span class='ocrx_word' id='word_1_516' title='bbox 1796 3587 2103 3646; x_wconf 80' lang='lat' dir='ltr'>particulam</span> <span class='ocrx_word' id='word_1_517' title='bbox 2127 3591 2335 3653; x_wconf 75' lang='lat' dir='ltr'>quidem,</span> <span class='ocrx_word' id='word_1_518' title='bbox 2358 3604 2479 3653; x_wconf 84' lang='lat' dir='ltr'>pro-</span> 
     </span>
     <span class='ocr_line' id='line_1_95' title="bbox 1410 3658 2476 3732; baseline 0.014 -28"><span class='ocrx_word' id='word_1_519' title='bbox 1410 3668 1597 3705; x_wconf 81' lang='lat' dir='ltr'>nomen</span> <span class='ocrx_word' id='word_1_520' title='bbox 1641 3658 2105 3714; x_wconf 82' lang='lat' dir='ltr'>demonstrativum</span> <span class='ocrx_word' id='word_1_521' title='bbox 2139 3667 2218 3716; x_wconf 75' lang='lat' dir='ltr'>hic</span> <span class='ocrx_word' id='word_1_522' title='bbox 2245 3679 2476 3732; x_wconf 66' lang='lat' dir='ltr'>poneret</span> 
     </span>
     <span class='ocr_line' id='line_1_96' title="bbox 1410 3730 2480 3811; baseline 0.019 -33"><span class='ocrx_word' id='word_1_523' title='bbox 1410 3730 1511 3792; x_wconf 82' lang='lat' dir='ltr'>Ita,</span> <span class='ocrx_word' id='word_1_524' title='bbox 1527 3732 1751 3799; x_wconf 60' lang='lat' dir='ltr'>beneficio</span> <span class='ocrx_word' id='word_1_525' title='bbox 1771 3741 1870 3794; x_wconf 71' lang='lat' dir='ltr'>tuo,</span> <span class='ocrx_word' id='word_1_526' title='bbox 1892 3754 1976 3789; x_wconf 80' lang='lat' dir='ltr'>uec</span> <span class='ocrx_word' id='word_1_527' title='bbox 1996 3743 2211 3804; x_wconf 69' lang='lat' dir='ltr'>maligna</span> <span class='ocrx_word' id='word_1_528' title='bbox 2225 3746 2381 3803; x_wconf 73' lang='lat' dir='ltr'>tellus,</span> <span class='ocrx_word' id='word_1_529' title='bbox 2405 3752 2480 3811; x_wconf 76' lang='lat' dir='ltr'>et,</span> 
     </span>
     <span class='ocr_line' id='line_1_97' title="bbox 1406 3805 2480 3884; baseline 0.018 -29"><span class='ocrx_word' id='word_1_530' title='bbox 1406 3805 1459 3856; x_wconf 89' lang='lat' dir='ltr'>in</span> <span class='ocrx_word' id='word_1_531' title='bbox 1480 3807 1610 3871; x_wconf 88' lang='lat' dir='ltr'>ipsis</span> <span class='ocrx_word' id='word_1_532' title='bbox 1625 3814 1880 3874; x_wconf 78' lang='lat' dir='ltr'>angustiis</span> <span class='ocrx_word' id='word_1_533' title='bbox 1895 3816 2018 3879; x_wconf 87' lang='lat' dir='ltr'>suis,</span> <span class='ocrx_word' id='word_1_534' title='bbox 2033 3818 2286 3884; x_wconf 72' lang='lat' dir='ltr'>obsequens</span> <span class='ocrx_word' id='word_1_535' title='bbox 2301 3823 2446 3873; x_wconf 80' lang='lat' dir='ltr'>Nilus</span> <span class='ocrx_word' id='word_1_536' title='bbox 2459 3838 2480 3876; x_wconf 91' lang='lat'>.·</span> 
     </span>
     <span class='ocr_line' id='line_1_98' title="bbox 1406 3884 2475 3962; baseline 0.019 -30"><span class='ocrx_word' id='word_1_537' title='bbox 1406 3884 1489 3948; x_wconf 76' lang='lat' dir='ltr'>qui</span> <span class='ocrx_word' id='word_1_538' title='bbox 1507 3886 1728 3950; x_wconf 69' lang='lat' dir='ltr'>AEgypto</span> <span class='ocrx_word' id='word_1_539' title='bbox 1747 3890 1937 3952; x_wconf 77' lang='lat' dir='ltr'>quidem</span> <span class='ocrx_word' id='word_1_540' title='bbox 1958 3907 2099 3957; x_wconf 65' lang='lat' dir='ltr'>sape,</span> <span class='ocrx_word' id='word_1_541' title='bbox 2119 3898 2219 3959; x_wconf 85' lang='lat' dir='ltr'>sed,</span> <span class='ocrx_word' id='word_1_542' title='bbox 2238 3901 2319 3962; x_wconf 56' lang='lat' dir='ltr'>&amp;e-</span> <span class='ocrx_word' id='word_1_543' title='bbox 2384 3900 2475 3952; x_wconf 88' lang='lat' dir='ltr'>Sic</span> 
     </span>
     <span class='ocr_line' id='line_1_99' title="bbox 1407 3961 2473 4033; baseline 0.018 -23"><span class='ocrx_word' id='word_1_544' title='bbox 1407 3961 1550 4011; x_wconf 86' lang='lat' dir='ltr'>enim</span> <span class='ocrx_word' id='word_1_545' title='bbox 1573 3965 1785 4015; x_wconf 87' lang='lat' dir='ltr'>verbum</span> <span class='ocrx_word' id='word_1_546' title='bbox 1808 3967 1969 4030; x_wconf 76' lang='lat' dir='ltr'>fluxit</span> <span class='ocrx_word' id='word_1_547' title='bbox 1998 3972 2169 4033; x_wconf 85' lang='lat' dir='ltr'>aptius</span> <span class='ocrx_word' id='word_1_548' title='bbox 2206 3974 2270 4024; x_wconf 91' lang='lat' dir='ltr'>ad</span> <span class='ocrx_word' id='word_1_549' title='bbox 2306 3977 2473 4029; x_wconf 87' lang='lat' dir='ltr'>solum</span> 
     </span>
     <span class='ocr_line' id='line_1_100' title="bbox 1409 4033 2473 4112; baseline 0.02 -29"><span class='ocrx_word' id='word_1_550' title='bbox 1409 4033 1587 4089; x_wconf 83' lang='lat' dir='ltr'>Nilum</span> <span class='ocrx_word' id='word_1_551' title='bbox 1612 4037 1919 4093; x_wconf 82' lang='lat' dir='ltr'>referretur.</span> <span class='ocrx_word' id='word_1_552' title='bbox 1972 4046 2186 4112; x_wconf 85' lang='lat' dir='ltr'>Verum,</span> <span class='ocrx_word' id='word_1_553' title='bbox 2209 4064 2325 4101; x_wconf 85' lang='lat' dir='ltr'>cum</span> <span class='ocrx_word' id='word_1_554' title='bbox 2351 4063 2473 4103; x_wconf 82' lang='lat' dir='ltr'>nus-</span> 
     </span>
     <span class='ocr_line' id='line_1_101' title="bbox 1405 4118 2471 4189; baseline 0.019 -27"><span class='ocrx_word' id='word_1_555' title='bbox 1405 4128 1560 4178; x_wconf 85' lang='lat' dir='ltr'>quam</span> <span class='ocrx_word' id='word_1_556' title='bbox 1583 4118 1806 4180; x_wconf 83' lang='lat' dir='ltr'>vestigia</span> <span class='ocrx_word' id='word_1_557' title='bbox 1828 4120 2118 4184; x_wconf 80' lang='lat' dir='ltr'>hujusmodi</span> <span class='ocrx_word' id='word_1_558' title='bbox 2153 4132 2471 4189; x_wconf 87' lang='lat' dir='ltr'>pronominis</span> 
     </span>
     <span class='ocr_line' id='line_1_102' title="bbox 1406 4190 2473 4272; baseline 0.018 -33"><span class='ocrx_word' id='word_1_559' title='bbox 1406 4190 1854 4259; x_wconf 80' lang='lat' dir='ltr'>animadvertam3</span> <span class='ocrx_word' id='word_1_560' title='bbox 1887 4198 1984 4248; x_wconf 87' lang='lat' dir='ltr'>uisi</span> <span class='ocrx_word' id='word_1_561' title='bbox 2020 4203 2133 4267; x_wconf 87' lang='lat' dir='ltr'>quis</span> <span class='ocrx_word' id='word_1_562' title='bbox 2156 4208 2473 4272; x_wconf 85' lang='lat' dir='ltr'>suspicetur,</span> 
     </span>
     <span class='ocr_line' id='line_1_103' title="bbox 1406 4275 2471 4350; baseline 0.018 -32"><span class='ocrx_word' id='word_1_563' title='bbox 1406 4277 1626 4333; x_wconf 86' lang='lat' dir='ltr'>propter</span> <span class='ocrx_word' id='word_1_564' title='bbox 1646 4275 1865 4336; x_wconf 86' lang='lat' dir='ltr'>primam</span> <span class='ocrx_word' id='word_1_565' title='bbox 1882 4279 2134 4340; x_wconf 83' lang='lat' dir='ltr'>syllabam</span> <span class='ocrx_word' id='word_1_566' title='bbox 2153 4283 2471 4350; x_wconf 83' lang='lat' dir='ltr'>subsequen·</span> 
     </span>
     <span class='ocr_line' id='line_1_104' title="bbox 1409 4345 2474 4427; baseline 0.019 -35"><span class='ocrx_word' id='word_1_567' title='bbox 1409 4345 1477 4393; x_wconf 84' lang='lat' dir='ltr'>tis</span> <span class='ocrx_word' id='word_1_568' title='bbox 1515 4350 1784 4411; x_wconf 80' lang='lat' dir='ltr'>particulae</span> <span class='ocrx_word' id='word_1_569' title='bbox 1835 4355 2023 4419; x_wconf 77' lang='lat' dir='ltr'>quidem</span> <span class='ocrx_word' id='word_1_570' title='bbox 2063 4373 2344 4425; x_wconf 83' lang='lat' dir='ltr'>pronomen</span> <span class='ocrx_word' id='word_1_571' title='bbox 2385 4361 2474 4427; x_wconf 67' lang='lat' dir='ltr'>qui·</span> 
     </span>
    </p>
   </div>
   <div class='ocr_carea' id='block_1_8' title="bbox 2217 4443 2335 4495">
    <p class='ocr_par' dir='ltr' id='par_1_12' title="bbox 2217 4443 2335 4495">
     <span class='ocr_line' id='line_1_105' title="bbox 2217 4443 2335 4495; baseline 0.025 -3"><span class='ocrx_word' id='word_1_572' title='bbox 2217 4443 2335 4495; x_wconf 75' lang='lat'>20</span> 
     </span>
    </p>
   </div>
  </div>
 </body>
</html>
