3017 4942
477 330 612 396 792

481 505 602 540 mox
634 490 700 540 ad
737 503 877 541 usum
917 487 1161 540 secundae
1196 504 1432 554 personae
1471 503 1553 540 re-

483 568 617 629 dire,
653 575 667 597 ·
691 565 773 617 Ac
810 568 932 616 mihi
972 567 1200 617 intuenti
1238 567 1551 632 sapientiam

483 642 777 708 tuam,’&t·.
824 644 939 694 Uno
961 658 1086 708 ergo
1112 653 1291 694 tenore
1310 658 1554 707 nexuque

407 720 414 725 ’
483 721 658 775 dicere
675 721 1012 784 putrimenta
1028 730 1226 784 reguum
1237 721 1553 784 ipsum,quae·

479 814 570 863 que
589 799 688 848 aeia
716 797 971 862 captivitas
996 799 1185 862 gignit,
1205 813 1340 849 arces
1361 813 1418 848 oc
1439 797 1553 847 sub-

482 891 659 930 moves,
679 877 920 939 sedemque
933 875 1115 925 obtines
1129 875 1382 940 principis,
1404 889 1462 924 ae
1481 875 1552 924 sit

485 953 672 1005 domino
702 955 848 1003 locas.
916 953 1232 1018 suspicabar
1253 952 1553 1019 aliquando,

483 1030 772 1096 hujusmodi
794 1033 1129 1081 variationem
1154 1046 1410 1096 persone,
1430 1046 1547 1097 quae

483 1108 756 1173 aliquoties
786 1108 838 1158 in
874 1109 969 1160 hoc
1004 1109 1329 1173 Panegyrico
1367 1122 1553 1160 occur-

480 1186 567 1243 rit,
592 1185 844 1236 accidisse
883 1199 947 1234 ex
972 1185 1158 1236 crebra
1182 1185 1548 1235 emendatione

481 1268 537 1311 et
578 1260 976 1311 intercalatione
1013 1260 1408 1321 sententiarum,
1442 1276 1550 1326 qua

479 1352 601 1388 usus
626 1344 704 1388 est
733 1337 845 1402 ipse
872 1337 1074 1388 Plinius
1102 1337 1154 1386 in
1179 1337 1277 1387 hoc
1308 1338 1548 1403 Panegy-

477 1416 589 1466 rico
631 1414 1011 1466 concinnando.
1077 1414 1434 1469 Conseruntur
1481 1430 1548 1466 ea

478 1508 595 1558 quae
622 1509 781 1559 supra
802 1494 865 1543 ad
891 1506 1100 1544 xxxix.
1124 1495 1390 1545 annotavi.
1445 1495 1545 1544 Ce-

482 1580 667 1634 terum,
715 1571 1008 1622 tralititium
1051 1575 1153 1625 est,
1183 1569 1199 1597 ‘
1240 1584 1388 1632 reges
1413 1568 1428 1590 ⁹
1460 1570 1546 1623 hic

479 1662 580 1713 pro
630 1649 881 1714 tyrannis,
925 1654 979 1698 et
1027 1648 1043 1676 ‘
1081 1661 1291 1712 regnum
1317 1646 1331 1669 ’
1379 1647 1548 1711 ipsum

478 1741 573 1790 pro
611 1727 885 1791 tyrannide
910 1724 1050 1789 poni.
1103 1721 1188 1775 Cf.
1222 1722 1287 1774 ad
1310 1736 1475 1777 xmu.
1499 1729 1549 1773 5.

480 1802 732 1852 Schmun.

551 1877 844 1942 captivitas]
891 1879 1059 1931 Quam
1101 1876 1350 1927 Camillus
1382 1874 1549 1940 depu-

477 1953 561 2004 lit.
592 1955 728 2018 Lips.
1109 1974 1116 1980 ·

544 2031 806 2094 Sedemqae
825 2031 1005 2082 obtinet
1029 2031 1291 2095 principis]
1324 2030 1548 2082 sic-Pn-

478 2109 596 2158 nius
643 2109 800 2158 etiam
848 2124 1025 2172 supra,
1073 2121 1176 2158 vu.
1216 2113 1266 2157 6.
1318 2110 1333 2136 ‘
1359 2109 1552 2173 prinei·

478 2201 599 2251 pem
624 2183 639 2208 ’
672 2186 939 2249 distinguit
973 2202 1004 2235 a
1035 2192 1050 2215 ⁸
1077 2185 1321 2236 domino.'
1388 2195 1403 2217 ⁸
1427 2187 1553 2239 Non

479 2263 622 2313 enim
637 2264 854 2313 servulis
870 2261 1008 2327 tuis,’
1029 2263 1214 2328 inquit,
1233 2266 1250 2293 ⁸
1267 2264 1553 2327 dominum,

480 2345 539 2391 nt
562 2341 734 2404 possis.
761 2354 871 2390 esse
893 2347 1168 2390 contentus
1192 2342 1337 2405 quasi
1365 2355 1545 2391 neces·

479 2416 616 2466 sario
640 2417 849 2480 herede,
873 2417 962 2467 sed
997 2417 1284 2483 principem
1315 2406 1546 2479 civibus,

480 2493 696 2544 daturus
728 2509 783 2544 es
820 2492 1144 2559 imperator.’
1214 2495 1279 2545 Et
1325 2508 1459 2544 xcv.
1495 2499 1546 2543 3.

480 2570 631 2633 dixit,
649 2571 664 2599 ‘
685 2570 1039 2622 Suntdiversa
1059 2576 1241 2623 natura
1262 2571 1546 2621 dominatio

477 2653 535 2701 et
558 2648 919 2713 principatus.'
984 2650 1203 2701 Scilicet
1226 2658 1241 2680 ⁸
1263 2651 1506 2714 princeps
1528 2650 1544 2673 ’

475 2728 692 2791 proprie
713 2734 796 2778 est
818 2735 994 2778 rector
1018 2727 1207 2779 civium
1230 2727 1509 2779 liberorum
1529 2744 1546 2791 ς

475 2805 491 2831 ⁸
519 2803 755 2854 dominus
771 2803 787 2827 ’
812 2808 935 2856 vero
954 2819 1244 2854 servorum.
1313 2804 1418 2867 Ita,
1439 2815 1545 2857 tes·

478 2886 534 2930 te
559 2881 751 2939 Dione,
783 2881 875 2933 lib.
914 2894 1029 2932 ινι.
1053 2896 1106 2946 p.
1131 2886 1247 2933 607.
1271 2883 1428 2933 etiam
1452 2884 1544 2932 'ri-

1184 346 1403 419 uo‘rsn
1455 346 1858 397 vautouum
1912 347 1993 399 m

1626 488 1902 554 sigillatim
1955 490 2357 556 appellationem
2404 498 2418 520 ⁸
2453 490 2691 550 domini:

1626 573 1686 616 ut
1719 567 2051 617 maledictum
2083 576 2138 618 et
2168 569 2523 633 opprobrium,
2554 587 2690 620 sem-

1626 655 1721 705 per
1774 645 2102 694 exhorruisse
2173 646 2436 709 Augustus
2493 647 2692 696 dicitur

1625 719 1871 768 Suetonio
1906 719 2041 784 Aug.
2066 736 2184 785 cap.
2204 726 2288 771 53.
2352 723 2459 772 sed
2493 724 2558 773 ab
2588 725 2691 773 ista

1623 796 1977 847 moderatione
1994 798 2107 861 jam
2130 799 2347 849 recessit
2375 800 2557 856 Caius,
2577 802 2694 865 qui,

1621 873 1902 924 secundum
1928 875 2137 926 Victor.
2170 876 2304 927 Caes.
2325 891 2374 926 c.
2395 880 2448 925 3.
2478 878 2494 909 ⁶
2520 876 2692 926 domi·

1623 965 1721 1000 nus
1743 949 1758 972 '
1780 952 2035 1016 appellari
2063 951 2245 1001 voluit.
2315 951 2502 1003 Adhuc
2523 954 2692 1017 magis

1621 1027 1757 1077 hunc
1783 1029 1988 1078 titulum
2012 1028 2191 1079 ambiit
2213 1030 2562 1097 Domitianus,
2577 1032 2694 1095 qui,

1621 1111 1761 1157 teste
1782 1106 1924 1156 Suet.
1948 1106 2101 1155 Dom.
2123 1121 2172 1156 c.
2194 1110 2277 1156 13.
2305 1107 2584 1169 epistolam
2609 1108 2688 1156 his

1621 1181 1793 1230 verbis
1808 1196 2019 1232 exorsus
2034 1190 2114 1233 est
2131 1199 2145 1233 ε
2169 1184 2450 1234 ‘Dominus
2468 1191 2524 1234 et
2540 1186 2690 1235 Deus

1621 1267 1803 1309 noster
1847 1259 1923 1310 sic
1965 1259 2076 1312 fieri
2113 1260 2308 1325 juhet.’
2372 1261 2576 1313 Eadem
2615 1269 2691 1312 ta·

1620 1349 1738 1385 men
1760 1338 2109 1402 appellatione
2129 1352 2230 1388 iton
2255 1337 2550 1389 delectatus
2565 1337 2691 1389 fuis·

1620 1427 1676 1462 se
1719 1413 1925 1483 videtur
1955 1415 2243 1477 Trajanus3
2277 1414 2344 1465 de
2390 1430 2494 1479 quo
2539 1416 2689 1466 Mar.-

1622 1491 1728 1541 tial.
1751 1505 1810 1541 x.
1835 1495 1918 1542 ⁷2.
1957 1493 2163 1554 scribit,
2197 1494 2212 1520 ‘
2240 1494 2456 1542 Frustra
2482 1492 2690 1548 blandi·

1621 1570 1709 1619 tiae
1737 1569 1921 1618 venitis
1946 1564 2008 1618 ad
2035 1583 2117 1620 me
2137 1602 2153 1618 .
2171 1603 2183 1619 .
2206 1603 2221 1620 .
2245 1571 2505 1619 Dicturus
2524 1570 2693 1619 domi·

1622 1661 1740 1697 uum
1755 1648 2026 1710 Deumque
2045 1661 2144 1696 uon
2165 1661 2309 1696 sum:
2343 1646 2465 1698 Jam
2487 1661 2592 1696 non
2609 1653 2694 1696 est

1621 1725 1764 1773 locus
1788 1723 1882 1774 hac
1904 1724 1955 1773 in
1981 1724 2108 1775 urbe
2146 1722 2309 1773 vobis.
2335 1756 2350 1772 .
2375 1756 2391 1772 .
2460 1723 2584 1772 Non
2609 1729 2695 1775 est

1621 1799 1705 1850 hie
1729 1799 1982 1861 dominus,
2004 1799 2097 1849 sed
2121 1799 2426 1863 imperator,
2455 1799 2562 1848 Sed
2576 1800 2695 1863 jus-

1624 1879 1853 1930 tissimus
1875 1879 2100 1928 omnium
2121 1876 2365 1927 senator?
2414 1879 2540 1947 ‚Cur
2565 1892 2693 1927 vero

1620 1956 1875 2021 Trajanus
1924 1955 2083 2005 nihilo
2126 1957 2297 2005 miuus
2341 1956 2395 2009 in
2451 1955 2694 2018 epistolis

1623 2033 1783 2085 Plinii
1808 2039 1822 2062 ⁸
1847 2032 2083 2083 dominus
2103 2031 2120 2055 '
2142 2033 2436 2096 appellatus
2457 2033 2551 2094 sit,
2574 2032 2693 2095 ejus

1623 2111 1699 2160 rei
1723 2126 1952 2161 caussam
1991 2111 2145 2175 attigi
2173 2110 2242 2160 ad
2276 2124 2342 2160 11.
2363 2115 2419 2160 2.
2482 2110 2695 2161 Laben-

1624 2189 1763 2239 tibus
1787 2196 1960 2239 autem
1988 2189 2194 2253 imperii
2218 2188 2439 2238 Romani
2462 2189 2691 2252 saecnlis,

1624 2266 1907 2329 appellatio
1941 2268 1957 2296 ‘
1984 2264 2228 2322 domini.’
2263 2266 2375 2316 vice
2410 2267 2691 2329 praenomi-

1623 2343 1723 2398 nis,
1743 2350 1795 2392 et
1819 2358 1915 2406 pro
1939 2344 2165 2407 supremi
2189 2341 2386 2406 fastigii
2414 2342 2693 2405 vocabulo,

1624 2420 1816 2483 passim
1854 2419 1907 2469 in
1949 2419 2275 2469 monimentis
2312 2420 2690 2483 imperatorum

1623 2504 1839 2559 recepta
1857 2502 1956 2546 est.
1991 2495 2236 2547 Scltwurz.

1688 2572 1765 2621 Ac
1803 2572 1923 2623 mihi
1966 2572 2174 2623 intuenti
2214 2572 2523 2637 sapientiam]
2581 2573 2690 2625 Pro.

1622 2648 1717 2705 Ac,
1742 2650 1876 2700 liber
1904 2651 2094 2713 primus
2118 2649 2392 2701 Gudianus
2412 2651 2573 2700 habet
2606 2648 2695 2699 Ae.

1624 2726 1915 2790 Participio
1970 2729 2199 2789 intuenti,
2251 2725 2558 2788 Ascensius,
2618 2725 2693 2778 H.

1622 2802 1940 2865 Stephanus,
2021 2803 2259 2864 Riviuus,
2342 2802 2691 2859 Boxhornius‚

1624 2879 1898 2942 Cellarius,
1934 2880 2361 2943 praepositionem
2397 2881 2453 2927 iss
2482 2879 2560 2927 sic
2598 2877 2689 2928 ad-

475 2957 653 3008 berius
679 2973 788 3022 prae
811 2973 866 3008 se
891 2959 1031 3015 tulit,
1056 2958 1319 3009 dominum
1355 2974 1412 3010 se
1436 2973 1546 3008 ser·
1613 2956 1863 3021 jungunt,
1888 2957 2098 3007 intuenti
2133 2957 2186 3006 in
2218 2957 2507 3021 sapientiam
2535 2961 2693 3007 tuam.

479 3049 683 3098 vorum,
721 3035 1087 3098 imperatorem
1124 3036 1366 3100 militum,
1405 3037 1546 3100 prin-

478 3112 647 3174 cipem
671 3119 963 3163 ceterorum
988 3126 1124 3162 esse.
1163 3112 1429 3177 Augustus
1456 3127 1542 3162 ve-

478 3202 540 3238 ro
562 3188 767 3238 titulum
783 3188 917 3238 hunc
941 3203 1008 3239 ex
1024 3203 1118 3239 usu
1138 3190 1315 3240 liberae
1334 3192 1549 3255 reipub-

476 3264 616 3326 licae,
650 3265 700 3313 in
733 3278 840 3329 qna
860 3265 969 3328 jam
1014 3280 1201 3315 nomen
1237 3267 1253 3293 ‘
1291 3267 1549 3331 principis

419 3384 431 3397 .
477 3347 690 3390 senatus
718 3340 734 3363 ’
762 3341 1084 3406 obtinuerat,
1105 3342 1314 3394 invidiae
1346 3345 1545 3394 lenien-

477 3419 561 3469 dae
586 3432 784 3483 caussa,
804 3419 869 3469 ad
892 3434 1185 3484 supremam
1202 3421 1407 3485 imperii
1431 3421 1544 3485 dig·

473 3498 695 3548 nitatem
753 3500 1021 3550 transtulit
1047 3514 1063 3560 3
1121 3501 1256 3564 quod
1318 3507 1542 3551 testatus

477 3573 647 3625 Tacit.
684 3573 871 3624 Annal.
917 3588 953 3625 1.
992 3579 1039 3624 1.
1081 3575 1097 3607 ⁴
1123 3575 1432 3638 Augustus,’
1464 3577 1549 3626 in·-

480 3653 613 3715 quit,
633 3651 651 3681 ‘
670 3659 857 3703 cuncta
880 3652 1154 3703 discordiis
1177 3654 1415 3703 civilibus
1440 3652 1543 3703 fes·

476 3745 554 3794 sa,
592 3731 800 3781 nomine
829 3732 1099 3795 principis,
1136 3731 1236 3781 sub
1270 3732 1549 3794 imperium

479 3805 729 3870 accepit-³
796 3807 867 3856 Et
901 3822 947 3856 c.
977 3811 1027 3857 9.
1067 3815 1082 3838 ⁸
1109 3807 1227 3857 Non
1273 3823 1431 3871 regno
1467 3817 1545 3857 ta·

477 3895 620 3943 men,
643 3896 815 3947 neque
848 3882 1127 3939 dictatura,
1160 3883 1251 3932 sed
1292 3884 1544 3948 principis

479 3958 709 4018 nomine,
776 3958 1054 4009 constituit
1128 3958 1545 4023 rempublicam!

477 4032 800 4098 ‘Principis’
837 4034 994 4097 igitur
1017 4036 1223 4086 nomine
1249 4047 1545 4094 contentus,

477 4124 579 4159 nou
608 4109 816 4165 domini,
854 4124 955 4158 non
990 4113 1147 4176 regis,
1182 4127 1282 4162 nec
1314 4114 1544 4165 dictato-

478 4188 567 4240 ris,
606 4186 810 4235 titulum
832 4186 1091 4249 adscivit;
1125 4189 1245 4252 quia
1282 4189 1332 4239 in
1357 4192 1443 4240 illo
1468 4193 1546 4240 ni·

476 4263 550 4313 hil
574 4262 874 4327 superbum,
893 4263 1019 4315 nihil
1038 4265 1369 4328 tyrannicum
1391 4274 1548 4326 esset.

502 4768 674 4884 ι

1623 3034 1920 3100 Utrumque
1945 3044 2088 3084 recte
2111 3035 2339 3096 dicit-2⁵3
2368 3033 2463 3084 sed
2499 3047 2693 3099 sequor

1623 3111 1900 3162 lectionem
1933 3112 2166 3163 codicum
2191 3111 2324 3161 Mss.
2360 3118 2415 3161 et
2439 3110 2695 3172 plurima·

1623 3203 1734 3239 rum
1776 3189 2087 3251 editionum,
2129 3189 2178 3236 iu
2214 3186 2399 3252 quibus
2437 3187 2537 3235 hoc
2572 3187 2691 3235 loco

1623 3265 1772 3316 istam
1818 3265 2233 3329 praepositionem
2265 3262 2693 3313 animadvertere

1622 3355 1722 3393 non
1754 3341 1918 3393 licuit.
1988 3342 2100 3392 Cic.
2125 3341 2188 3390 ad
2213 3341 2280 3393 Q.
2316 3340 2457 3389 Frat.
2493 3354 2532 3389 r.
2567 3343 2614 3390 1.
2640 3343 2690 3389 2.

1622 3419 1638 3449 ⁸
1664 3420 1802 3473 Nam
1824 3418 1998 3471 Graeci
2023 3417 2228 3483 quidem
2243 3418 2318 3467 sic
2341 3425 2393 3466 te
2416 3417 2491 3466 ita
2516 3416 2690 3466 viven-

1596 3564 1603 3567 μ
1624 3503 1730 3555 tem
1765 3497 2122 3554 intuebuntur,
2146 3503 2204 3547 ut
2225 3494 2485 3559 quendam
2510 3509 2578 3543 ex
2602 3509 2693 3544 au-

1620 3575 1812 3624 nalium
1838 3572 2085 3624 memoria
2110 3606 2124 3623 .
2148 3606 2164 3624 .
2184 3605 2200 3621 .
2224 3571 2443 3636 putent?
2477 3572 2631 3621 Idem.

1688 3651 1996 3716 Deprecer-is]
2022 3650 2192 3700 Preee
2213 3649 2493 3699 amoliaris.
2516 3648 2653 3711 Εὗρε.

1689 3728 1956 3793 Temperes]
1994 3728 2235 3779 Modicos
2259 3725 2581 3791 recipiendo.
2605 3726 2687 3777 ld.

1693 3805 1816 3868 Ubi]
1846 3805 1911 3855 In
1941 3804 2122 3854 animis
2145 3802 2423 3863 hominum,
2446 3802 2499 3851 in
2524 3802 2684 3851 moni·

1620 3881 1808 3939 mentis
1846 3886 1907 3930 et
1944 3879 2315 3944 predicatione
2337 3887 2687 3942 posterorum.

1620 3960 1774 4009 Idm.

1685 4036 1800 4085 Scis.
1823 4033 1928 4099 ubi]
1961 4032 2201 4084 Tiberius
2243 4033 2496 4095 praeclare
2531 4033 2598 4083 de
2627 4046 2682 4083 se

1610 4118 1634 4144 ‘⁸
1661 4114 1791 4164 Mihi
1817 4115 1871 4163 in
1894 4113 2076 4171 animis
2099 4111 2285 4162 vestris
2322 4112 2542 4175 templa,
2570 4113 2683 4175 pul-

1620 4190 1890 4240 cherrimae
1915 4187 2114 4251 effigies
2139 4192 2193 4238 et
2223 4187 2515 4237 mansurae.'
2578 4188 2683 4236 Ta·

1618 4268 1713 4320 cit.
1735 4266 1926 4319 Annal.
1950 4279 2031 4317 tv.
2051 4269 2136 4317 33.
2185 4263 2342 4317 Adde
2375 4265 2604 4317 Maecen.
2626 4264 2679 4317 iu
