3017 4942
486 366 618 441 790

485 542 594 585 tum
622 531 833 582 relictus
856 536 957 582 est.
1013 531 1086 581 At
1110 532 1161 580 in
1185 531 1369 581 codice
1390 530 1552 580 Salis·

487 609 729 675 burgensi
769 610 990 674 primum
1030 624 1125 674 pro
1172 608 1426 672 particula
1467 622 1552 656 aa·

486 693 601 751 tem,
634 685 969 735 substitutum
1008 692 1090 735 est
1124 686 1336 734 verbum
1367 684 1552 746 prodes.

487 765 602 817 Qua
625 763 971 829 qualicunque
989 761 1207 823 medela,
1221 761 1396 825 (quiam
1414 765 1554 824 post·

485 852 551 889 ea
573 841 739 889 secuti
776 845 897 888 sunt
928 836 1157 887 editores
1192 835 1414 900 omnes,)
1436 850 1553 886 sen·

483 917 656 968 tentia
672 915 880 983 quidem
900 916 1052 966 Plinii
1071 923 1332 980 utcunque
1350 922 1556 977 sanata,

492 993 585 1043 sed
624 1000 796 1044 tamen
831 992 1058 1044 nondum
1094 993 1143 1041 in
1180 993 1435 1054 integrum
1473 1005 1552 1040 re-

486 1071 702 1134 stituta3
737 1085 767 1121 e
790 1072 1047 1121 contrario
1070 1077 1242 1121 autem
1268 1070 1349 1120 via
1371 1069 1437 1119 ad
1462 1068 1552 1118 de-

484 1146 684 1198 fectum
706 1148 1069 1214 suspicandum
1096 1147 1303 1200 reddita
1326 1147 1426 1198 fuit
1450 1145 1551 1197 dif-

484 1224 693 1277 ficilior.
763 1227 895 1277 Cum
946 1227 1079 1277 adeo
1135 1226 1354 1291 primum
1403 1224 1553 1274 bonis

490 1302 734 1367 auspiciis
761 1302 859 1353 hoc
892 1304 1308 1367 supplementum
1334 1302 1552 1351 indicas·

489 1394 622 1438 sem,
644 1380 696 1429 id
729 1381 937 1446 quidem
973 1382 1080 1430 sine
1112 1381 1440 1431 hesitatione
1463 1378 1556 1427 ad-

490 1456 699 1509 missum
736 1462 821 1507 est
861 1471 895 1506 a
928 1456 1183 1520 Gesnero,
1220 1462 1276 1506 et
1319 1456 1386 1505 ab
1417 1455 1554 1505 Arn-

489 1535 678 1592 tzenio,
700 1534 789 1602 qui
812 1540 868 1585 et
892 1535 1003 1599 ipse
1028 1535 1156 1585 illud
1193 1537 1243 1584 in
1271 1535 1555 1598 excerptis,

487 1613 673 1678 quihus
709 1627 830 1662 usus
863 1621 963 1676 est,
988 1613 1219 1663 invenire
1256 1613 1463 1677 potuit3
1497 1619 1554 1663 at

488 1689 631 1738 nullo
666 1690 820 1740 modo
855 1689 1063 1753 probari
1088 1691 1259 1754 potuit
1289 1689 1554 1739 Heuman-

399 1774 408 1781 ·
489 1780 587 1827 no;
624 1773 809 1830 utpote
832 1767 915 1816 cui
938 1767 1148 1832 vulgata
1181 1767 1446 1831 scriptura
1475 1766 1553 1815 ni·

482 1843 556 1892 hil
583 1843 745 1894 visum
779 1851 860 1895 est
886 1844 986 1894 dici
1013 1847 1239 1909 potuisse
1264 1844 1551 1910 pulchrius,

484 1929 540 1969 et
564 1921 672 1985 qui,
694 1927 819 1971 tom.
844 1934 930 1973 111.
954 1922 1139 1971 Poecil.
1162 1922 1251 1971 lib.
1270 1936 1346 1971 xv.
1366 1937 1417 1986 p.
1434 1926 1550 1971 528.

479 1997 585 2046 boc
621 1997 787 2061 ipsum
823 1999 1239 2061 supplementum
1271 1997 1552 2062 adscripsit

486 2075 767 2124 temerario
791 2075 935 2123 ausui
972 2075 1169 2124 librarii
1209 2074 1375 2135 scioli,
1397 2084 1451 2124 et
1486 2089 1551 2124 ea

483 2149 807 2214 adjicientis,
850 2165 966 2216 quae
1023 2153 1222 2217 putarit
1275 2151 1550 2201 excidisse.

483 2227 589 2276 Sed
629 2228 703 2277 illi
738 2225 950 2280 fortiter
981 2228 1298 2277 contradixit
1328 2228 1550 2277 Arutze·

481 2304 600 2352 nius
620 2320 636 2352 ε
667 2303 808 2356 ‘Qui
843 2302 1182 2368 diligentius‚’
1217 2304 1404 2369 iuquit,
1440 2305 1456 2332 ‘
1482 2304 1550 2354 ad

482 2382 744 2444 vulgatam
763 2381 1044 2431 lectionem
1064 2381 1311 2439 attendit,
1330 2395 1430 2431 non
1451 2379 1552 2430 ‹tif-

482 2455 690 2508 ficnlter
708 2458 794 2507 hic
817 2458 1014 2508 hiatum
1036 2459 1288 2521 agnoscit.
1333 2460 1403 2509 Et
1421 2460 1552 2509 mul·

482 2542 538 2585 to
560 2535 884 2598 elegantiora
908 2542 1049 2598 sunt,
1073 2551 1190 2600 quae
1224 2537 1553 2601 supplentur,

481 2626 637 2676 qnam
661 2619 717 2662 ut
741 2627 775 2660 a
806 2612 1031 2662 librariis
1066 2620 1279 2677 possent
1301 2622 1551 2678 expecta·

482 2689 549 2750 ri,
573 2689 660 2752 qui
686 2702 803 2737 raro
840 2689 1019 2738 talium
1055 2703 1228 2739 rerum
1262 2688 1361 2739 sibi
1395 2689 1553 2740 babe-

479 2763 609 2813 bant
633 2765 868 2828 copiam:
906 2764 1044 2814 unde
1081 2766 1388 2816 tutissimam
1418 2781 1552 2816 sem·

483 2854 579 2906 per
603 2840 735 2889 viam
757 2840 1017 2905 eligimus,
1038 2841 1081 2891 si
1107 2856 1174 2893 ex
1206 2843 1386 2906 priscis
1411 2842 1552 2893 codi-

485 2916 632 2967 cibus
657 2917 851 2985 sliquid
876 2919 1021 2982 quasi
1057 2919 1373 2982 postliminio
1401 2919 1554 2970 redu·

487 2996 670 3049 cimus,
702 3009 856 3058 quam
890 2995 935 3044 si
973 2997 1192 3047 reducta
1228 2996 1554 3062 abjiciamus.

488 3069 637 3119 Nihil
671 3085 800 3120 sane
839 3073 1001 3135 magis
1048 3074 1334 3138 excogitari
1379 3079 1554 3139 posset

486 3147 803 3209 Plinianum,
836 3147 880 3196 si
915 3149 998 3198 vel
1033 3150 1142 3212 ipse
1168 3158 1343 3200 orator
1379 3150 1445 3201 ab
1484 3149 1554 3200 A·

482 3224 730 3274 cheronte
753 3230 897 3274 esset
921 3224 1292 3277 redimendus.’
1329 3226 1554 3277 Schwar-

486 3314 607 3350 zius.

555 3379 690 3435 Quos
721 3377 849 3428 omni
875 3378 1048 3428 liberas
1068 3379 1356 3446 suspicione]
1393 3381 1553 3446 Equi·

484 3458 602 3508 dem
626 3456 836 3508 codices
862 3456 918 3515 ii,
937 3473 966 3508 e
985 3459 1173 3522 quibus
1189 3459 1287 3509 boc
1305 3461 1551 3510 eximium

483 3535 902 3600 supplementum
946 3537 1078 3599 erui,
1121 3536 1236 3586 loco
1294 3538 1549 3601 pronomi-

486 3613 566 3662 nis
600 3628 732 3677 quos,
753 3612 949 3663 babent
978 3614 1393 3678 conjunctionem
1417 3618 1556 3679 quod.

484 3691 589 3742 Sed
635 3692 752 3757 quis
793 3707 895 3742 non
943 3693 1107 3754 videt,
1151 3702 1395 3757 oportere
1438 3694 1553 3744 haec

486 3770 643 3819 verba
668 3770 752 3820 vel
784 3771 860 3820 sic
884 3771 1062 3828 scribi,
1082 3773 1204 3834 quod
1227 3773 1353 3821 omni
1382 3772 1558 3822 liberos

486 3860 574 3896 nos
593 3847 887 3910 suspicione5
924 3849 1006 3897 vel
1036 3848 1111 3897 sic
1138 3849 1376 3913 exprimi,
1404 3857 1558 3913 prout

486 3924 623 3971 eain
653 3931 902 3974 contextu
937 3925 1179 3975 exhibeo.
1246 3926 1360 3990 Ego
1399 3927 1576 3977 malui.

486 3999 748 4049 lenissima
787 4001 995 4050 medela
1040 4001 1132 4051 uti.
1201 4001 1340 4054 Quid
1379 4009 1555 4053 autem

488 4075 676 4138 leuius,
709 4091 882 4141 quam,
917 4078 1071 4127 unica
1105 4079 1312 4128 literula
1338 4087 1557 4138 mutata,

487 4166 583 4215 pro
603 4154 745 4215 quod,
768 4152 910 4216 cujus
945 4155 1207 4217 scriptura
1240 4155 1293 4204 in
1318 4156 1557 4206 omuibus

488 4229 702 4294 reliquis
741 4229 888 4278 libris
928 4238 1096 4286 extat,
1121 4246 1376 4296 reponere
1412 4238 1559 4297 quos?

488 4305 674 4356 Monet
687 4304 890 4371 quidem
907 4305 1239 4371 Arntzenins,
1256 4309 1396 4373 prius
1412 4313 1556 4375 quod,

408 4782 564 4896 k

1187 387 1404 436 No‘rAE
1455 386 1866 435 vAmossUM
1921 385 1999 435 m

1628 545 1745 579 cum
1781 529 2094 593 respondeat
2129 527 2296 580 eidem
2320 527 2433 579 voci
2464 542 2587 579 mox
2621 543 2700 585 se,-

1629 607 1829 671 quenti,
1854 609 1995 657 nullo
2022 607 2179 659 modo
2212 606 2400 657 mutari
2427 606 2610 656 deberi
2646 607 2700 657 in

1629 698 1774 748 quon
1807 684 1898 735 sed
1921 685 1999 735 vir
2019 684 2346 734 doctissimus
2368 683 2572 733 nescire
2598 697 2700 739 non

1632 769 1823 827 potest,
1857 763 2012 812 etiam
2049 762 2101 812 in
2137 761 2436 826 pronomine
2470 776 2611 825 qnos,
2633 762 2699 810 si·

1630 839 1736 889 mul
1761 839 2013 889 contineri
2031 845 2087 888 et
2106 838 2526 902 conjunctionem
2552 840 2699 902 quod,

1628 921 1686 964 et
1721 930 2005 979 pronomen
2031 930 2136 965 nos.
2199 913 2291 964 Sic
2322 913 2528 964 Plinius
2563 913 2703 965 infra

1631 1006 1810 1046 mxvii.
1842 998 1890 1044 Β.
1923 994 2188 1060 loquitur:
2227 994 2243 1021 ‘
2262 993 2378 1043 Nec
2410 993 2700 1043 verendum

1628 1078 1731 1135 est,
1766 1086 1832 1122 ue
1868 1071 2104 1121 incantos
2144 1076 2314 1135 putet,
2349 1070 2393 1120 si
2436 1069 2702 1121 fidelitate

1632 1154 1923 1213 temporum
1956 1151 2261 1197 constanter
2290 1153 2531 1207 utamnr3
2567 1161 2702 1212 quos

1631 1225 1864 1274 meminit
1884 1223 1979 1273 sub
2002 1225 2137 1274 malo
2171 1222 2409 1287 principe
2443 1224 2599 1273 aliter
2624 1225 2700 1273 vi·

1630 1299 1810 1351 xlsse.’
1876 1301 2062 1351 Annon
2099 1301 2297 1352 Plinius
2325 1301 2483 1351 etiam
2520 1300 2702 1351 dicere

1632 1379 1909 1443 potuisset,
1935 1380 2057 1441 quod
2092 1393 2177 1428 nos
2207 1377 2423 1428 meminit
2451 1378 2542 1428 sub
2577 1381 2705 1429 niolo

1625 1456 1844 1519 principe
1877 1457 2022 1505 aliter
2056 1455 2270 1505 vixisse?
2334 1455 2523 1520 Neque
2556 1455 2702 1505 inso-

1629 1533 1739 1582 lens
1764 1540 1863 1593 est,
1888 1546 2170 1596 pronomen
2196 1532 2472 1581 relativum
2494 1532 2581 1595 qui
2603 1533 2704 1582 eti-

1632 1624 1714 1659 am
1751 1609 1872 1658 alibi
1905 1623 2047 1672 saepe
2080 1621 2175 1673 pro
2212 1610 2336 1671 quod
2370 1607 2527 1671 poni;
2563 1623 2614 1657 v.
2648 1622 2705 1672 g.

1631 1687 1770 1751 apud
1814 1687 1928 1737 Cic.
1970 1687 2112 1736 Fam.
2156 1696 2278 1737 xvi.
2319 1690 2365 1735 1.
2401 1685 2703 1737 ‘Peccasse

1631 1764 1754 1815 mihi
1799 1764 1996 1821 videor,
2033 1764 2122 1829 qui
2167 1779 2200 1813 a
2231 1770 2286 1813 te
2328 1762 2707 1827 discesserim,'

1628 1844 1729 1892 dcc.
1793 1842 2027 1904 Deinde,
2065 1841 2112 1890 si
2146 1840 2230 1889 vel
2265 1841 2488 1890 maxime
2527 1841 2704 1903 plnres

1631 1920 1911 1984 aetiologia»,
1931 1918 2278 1982 subjiciantur
2292 1918 2588 1981 seutentiae,
2601 1932 2704 1968 non

1626 2004 1802 2046 tamen
1847 2009 2055 2046 necesse
2100 2003 2200 2055 est,
2240 2003 2301 2046 ut
2343 2011 2556 2060 semper
2608 2006 2705 2060 per

1630 2088 1781 2123 unam
1815 2073 2134 2138 eandemque
2159 2074 2464 2138 particulam
2494 2086 2705 2122 caussa·

1628 2151 1730 2201 lem
1752 2152 2164 2215 conjungamus-3
2197 2165 2311 2215 v-g.
2329 2149 2469 2213 apud
2489 2148 2705 2199 Pbaedr.

1630 2241 1666 2278 1.
1691 2232 1740 2277 2.
1765 2233 1814 2277 7.
1839 2231 1856 2255 ‘
1875 2230 2005 2278 Cum
2033 2229 2237 2278 tristem
2271 2227 2579 2277 servitutem
2612 2224 2704 2276 fle·

1632 2311 1750 2354 rent
1785 2302 1975 2369 Attici,
2009 2318 2133 2370 non,
2165 2305 2287 2369 quia
2324 2303 2556 2354 crudelis
2594 2303 2703 2359 ille,

1628 2381 1720 2431 sed
1767 2382 2010 2446 quoniam
2063 2395 2223 2444 grave
2279 2393 2429 2429 omne
2481 2379 2701 2430 inuictis

1626 2457 1787 2514 onus,'
1811 2461 1913 2508 &m
1979 2459 2146 2508 Immo
2178 2458 2290 2522 ipse
2325 2457 2527 2507 Plinius
2561 2456 2703 2508 infra

1629 2549 1871 2587 mxxxiv.
1900 2540 1954 2586 6.
1987 2536 2223 2601 suggerit
2258 2534 2368 2586 fere
2405 2536 2577 2585 simile
2612 2550 2706 2585 ex·

1628 2612 1872 2676 emplum,
1889 2612 1979 2665 ubi
2001 2613 2272 2677 particulae
2288 2614 2708 2678 sequenti,quod‚

1627 2703 1728 2740 non
1767 2691 1831 2740 sb
1863 2690 2013 2740 initio
2049 2690 2331 2756 respondet
2364 2690 2548 2739 eadem
2589 2704 2700 2754 par·

1632 2768 1792 2819 ticula
1814 2784 1829 2818 ε
1865 2770 1880 2796 ⁴
1901 2766 2227 2831 Obtulerat,’
2252 2768 2436 2833 inquit,
2463 2774 2478 2797 ⁴
2498 2768 2605 2817 illis
2625 2781 2704 2818 se-

1630 2853 1784 2896 natus
1821 2858 2109 2908 cognomen
2135 2845 2528 2909 Augustarum3
2562 2843 2701 2909 quod

1628 2921 1967 2987 [cognomen]
1984 2921 2223 2972 certatim
2243 2920 2542 2985 deprecatae
2563 2928 2703 2975 sunt.

1627 2999 1875 3067 quamdin
1922 2999 2330 3064 appellationem
2388 2999 2554 3063 patris
2613 3013 2702 3062 pa·

1632 3077 1746 3126 triae
1785 3082 1842 3125 tu
1883 3090 2207 3138 recusasses3
2243 3075 2306 3140 [i.
2341 3091 2390 3126 e.
2430 3076 2571 3141 quod
2611 3090 2703 3140 sp-

1631 3153 1962 3217 pellationem
2009 3154 2174 3218 patris
2229 3153 2414 3219 patriae
2470 3154 2704 3204 nondum

1627 3231 1905 3281 admiseras
1927 3230 1968 3294 ς]
2005 3244 2118 3296 seu,
2155 3229 2291 3295 quod
2335 3232 2450 3294 plus
2491 3244 2611 3281 esse
2651 3231 2703 3282 iti

1629 3321 1693 3357 eo
1705 3307 2036 3371 judicabant,
2068 3308 2111 3356 si
2147 3320 2296 3365 uxor,
2318 3313 2374 3357 et
2408 3321 2558 3357 soror
2596 3317 2705 3372 tus,

1626 3399 1781 3450 quiam
1818 3385 1860 3433 si
1887 3383 2166 3448 Augustas,
2199 3384 2535 3435 dicerentur.'
2602 3385 2705 3436 ee·

1629 3469 1817 3523 terum,
1844 3462 1955 3526 jam
1997 3461 2206 3512 aliunde
2243 3469 2469 3525 constat,
2508 3476 2704 3514 nomen

1628 3538 2003 3602 ‘suspicionis'
2037 3540 2296 3589 sustinere
2341 3547 2399 3590 et
2443 3541 2715 3605 passivam*

1628 3622 1684 3665 et
1708 3668 1713 3673 ,
1741 3616 1963 3665 activam
2021 3615 2485 3679 significationems
2536 3620 2705 3683 passi·

1630 3707 1779 3754 vam3
1815 3707 1863 3741 e.
1886 3707 1937 3756 g.
1971 3690 2109 3758 apud
2146 3694 2287 3743 Veli.
2321 3708 2386 3744 n.
2417 3697 2500 3745 46.
2532 3698 2550 3725 ‘
2579 3695 2704 3747 Non

1630 3777 1909 3820 caruerunt
1945 3772 2238 3835 suspicione
2275 3774 2511 3838 oppressi
2550 3773 2702 3825 Cice·

1631 3848 1770 3898 ronis
1793 3848 1971 3898 Caesar
1993 3855 2051 3899 et
2075 3849 2355 3915 Pompeius
2373 3849 2407 3913 ς’
2439 3851 2475 3901 i.
2493 3865 2542 3901 e.
2562 3852 2623 3902 C·
2646 3857 2703 3903 et

1635 3922 1699 3975 P.
1721 3927 1957 3990 suspecti
1979 3924 2151 3989 suere,
2170 3926 2309 3992 quod
2337 3928 2701 3992 oppresserint

1632 4002 1980 4053 Ciceronem:
2039 4003 2309 4066 activam3
2359 4018 2409 4056 v,
2450 4020 2500 4068 g.
2557 4003 2697 4070 apud

1633 4078 1745 4130 Cic.
1779 4078 1926 4130 Fam.
1956 4093 2089 4131 1111.
2109 4083 2193 4131 2⁴.
2226 4082 2337 4132 ‘Ut
2373 4095 2578 4133 omnem
2616 4096 2698 4133 su-

1631 4154 1935 4220 spicionem,
1949 4170 2098 4220 qnam
2114 4156 2372 4208 habueras
2391 4159 2454 4209 de
2477 4160 2698 4225 Lysone,

1634 4231 1959 4297 deponeres)
2026 4233 2214 4298 Itaque
2248 4248 2312 4283 ex
2345 4237 2520 4286 activa
2539 4236 2693 4300 signi·

1632 4308 1873 4362 ficatione
1893 4309 2002 4360 baec
2025 4311 2202 4371 verbs,
2224 4326 2338 4377 qnos
2362 4314 2496 4364 mai
2529 4313 2693 4364 liberas
