<?xml version="1.0" encoding="UTF-8"?>
<!DOCTYPE html PUBLIC "-//W3C//DTD XHTML 1.0 Transitional//EN"
    "http://www.w3.org/TR/xhtml1/DTD/xhtml1-transitional.dtd">
<html xmlns="http://www.w3.org/1999/xhtml" xml:lang="en" lang="en">
 <head>
  <title>
</title>
<meta http-equiv="Content-Type" content="text/html;charset=utf-8" />
  <meta name='ocr-system' content='tesseract 3.04.00' />
  <meta name='ocr-capabilities' content='ocr_page ocr_carea ocr_par ocr_line ocrx_word'/>
</head>
<body>
  <div class='ocr_page' id='page_1' title='image "./panegyriciveter01unkngoog_0334.png"; bbox 0 0 3017 4942; ppageno 0'>
   <div class='ocr_carea' id='block_1_1' title="bbox 504 374 640 448">
    <p class='ocr_par' dir='ltr' id='par_1_1' title="bbox 504 374 640 448">
     <span class='ocr_line' id='line_1_1' title="bbox 504 374 640 448; baseline 0.022 -3"><span class='ocrx_word' id='word_1_1' title='bbox 504 374 640 448; x_wconf 70' lang='lat'>742</span> 
     </span>
    </p>
   </div>
   <div class='ocr_carea' id='block_1_2' title="bbox 501 538 1582 2297">
    <p class='ocr_par' dir='ltr' id='par_1_2' title="bbox 501 538 1582 2297">
     <span class='ocr_line' id='line_1_2' title="bbox 501 538 1582 606; baseline 0 -16"><span class='ocrx_word' id='word_1_2' title='bbox 501 539 608 590; x_wconf 87' lang='lat' dir='ltr'>Sed</span> <span class='ocrx_word' id='word_1_3' title='bbox 630 538 715 589; x_wconf 92' lang='lat' dir='ltr'>bic</span> <span class='ocrx_word' id='word_1_4' title='bbox 747 538 1027 589; x_wconf 83' lang='lat' dir='ltr'>denotatur</span> <span class='ocrx_word' id='word_1_5' title='bbox 1052 539 1166 589; x_wconf 88' lang='lat' dir='ltr'>talis</span> <span class='ocrx_word' id='word_1_6' title='bbox 1189 539 1452 603; x_wconf 86' lang='lat' dir='ltr'>dominus,</span> <span class='ocrx_word' id='word_1_7' title='bbox 1470 541 1582 606; x_wconf 89' lang='lat' dir='ltr'>qni,</span> 
     </span>
     <span class='ocr_line' id='line_1_3' title="bbox 505 614 1578 679; baseline 0.001 -13"><span class='ocrx_word' id='word_1_8' title='bbox 505 614 750 679; x_wconf 82' lang='lat' dir='ltr'>exemplo</span> <span class='ocrx_word' id='word_1_9' title='bbox 785 615 1021 679; x_wconf 83' lang='lat' dir='ltr'>Trajani,</span> <span class='ocrx_word' id='word_1_10' title='bbox 1056 616 1292 667; x_wconf 89' lang='lat' dir='ltr'>modicus</span> <span class='ocrx_word' id='word_1_11' title='bbox 1314 626 1399 667; x_wconf 87' lang='lat' dir='ltr'>est</span> <span class='ocrx_word' id='word_1_12' title='bbox 1421 616 1473 665; x_wconf 89' lang='lat' dir='ltr'>in</span> <span class='ocrx_word' id='word_1_13' title='bbox 1497 631 1578 667; x_wconf 87' lang='lat' dir='ltr'>ac·</span> 
     </span>
     <span class='ocr_line' id='line_1_4' title="bbox 503 691 1580 761; baseline 0 -19"><span class='ocrx_word' id='word_1_14' title='bbox 503 691 770 759; x_wconf 87' lang='lat' dir='ltr'>quirendis</span> <span class='ocrx_word' id='word_1_15' title='bbox 814 692 1205 761; x_wconf 83' lang='lat' dir='ltr'>retinendisque</span> <span class='ocrx_word' id='word_1_16' title='bbox 1249 693 1580 757; x_wconf 86' lang='lat' dir='ltr'>possessioni-</span> 
     </span>
     <span class='ocr_line' id='line_1_5' title="bbox 504 768 1580 835; baseline -0.001 -16"><span class='ocrx_word' id='word_1_17' title='bbox 504 768 619 824; x_wconf 89' lang='lat' dir='ltr'>bus,</span> <span class='ocrx_word' id='word_1_18' title='bbox 645 783 707 819; x_wconf 92' lang='lat' dir='ltr'>ac</span> <span class='ocrx_word' id='word_1_19' title='bbox 727 770 814 835; x_wconf 91' lang='lat' dir='ltr'>qui</span> <span class='ocrx_word' id='word_1_20' title='bbox 838 772 983 819; x_wconf 79' lang='lat' dir='ltr'>novit</span> <span class='ocrx_word' id='word_1_21' title='bbox 1006 775 1060 819; x_wconf 81' lang='lat' dir='ltr'>et</span> <span class='ocrx_word' id='word_1_22' title='bbox 1078 770 1180 819; x_wconf 89' lang='lat' dir='ltr'>scit</span> <span class='ocrx_word' id='word_1_23' title='bbox 1205 784 1300 820; x_wconf 84' lang='lat' dir='ltr'>sua</span> <span class='ocrx_word' id='word_1_24' title='bbox 1319 770 1473 833; x_wconf 88' lang='lat' dir='ltr'>bona,</span> <span class='ocrx_word' id='word_1_25' title='bbox 1492 770 1580 820; x_wconf 90' lang='lat' dir='ltr'>iis-</span> 
     </span>
     <span class='ocr_line' id='line_1_6' title="bbox 508 845 1580 911; baseline 0.003 -17"><span class='ocrx_word' id='word_1_26' title='bbox 508 860 614 911; x_wconf 89' lang='lat' dir='ltr'>qne</span> <span class='ocrx_word' id='word_1_27' title='bbox 651 846 835 896; x_wconf 87' lang='lat' dir='ltr'>utitur.</span> <span class='ocrx_word' id='word_1_28' title='bbox 901 846 989 896; x_wconf 85' lang='lat' dir='ltr'>Ita</span> <span class='ocrx_word' id='word_1_29' title='bbox 1029 845 1233 895; x_wconf 78' lang='lat' dir='ltr'>Plinius</span> <span class='ocrx_word' id='word_1_30' title='bbox 1266 845 1334 895; x_wconf 91' lang='lat' dir='ltr'>de</span> <span class='ocrx_word' id='word_1_31' title='bbox 1370 845 1580 897; x_wconf 87' lang='lat' dir='ltr'>domino</span> 
     </span>
     <span class='ocr_line' id='line_1_7' title="bbox 505 922 1580 987; baseline 0.003 -15"><span class='ocrx_word' id='word_1_32' title='bbox 505 922 785 973; x_wconf 85' lang='lat' dir='ltr'>mediocris</span> <span class='ocrx_word' id='word_1_33' title='bbox 823 922 1181 987; x_wconf 71' lang='lat' dir='ltr'>possessionis,</span> <span class='ocrx_word' id='word_1_34' title='bbox 1214 924 1385 987; x_wconf 81' lang='lat' dir='ltr'>Epist.</span> <span class='ocrx_word' id='word_1_35' title='bbox 1421 938 1463 975; x_wconf 83' lang='lat'>1.</span> <span class='ocrx_word' id='word_1_36' title='bbox 1497 929 1580 975; x_wconf 77' lang='grc'>24.</span> 
     </span>
     <span class='ocr_line' id='line_1_8' title="bbox 504 999 1581 1063; baseline 0 -13"><span class='ocrx_word' id='word_1_37' title='bbox 504 1000 602 1063; x_wconf 90' lang='lat' dir='ltr'>ait,</span> <span class='ocrx_word' id='word_1_38' title='bbox 621 999 639 1029; x_wconf 87' lang='lat'>‘</span> <span class='ocrx_word' id='word_1_39' title='bbox 659 1001 790 1050; x_wconf 90' lang='lat' dir='ltr'>Eum</span> <span class='ocrx_word' id='word_1_40' title='bbox 813 1014 993 1050; x_wconf 87' lang='lat' dir='ltr'>omnes</span> <span class='ocrx_word' id='word_1_41' title='bbox 1020 1000 1255 1050; x_wconf 83' lang='lat' dir='ltr'>viticulas</span> <span class='ocrx_word' id='word_1_42' title='bbox 1273 1014 1391 1050; x_wconf 82' lang='lat' dir='ltr'>suas</span> <span class='ocrx_word' id='word_1_43' title='bbox 1412 1014 1581 1058; x_wconf 85' lang='lat' dir='ltr'>nosse,</span> 
     </span>
     <span class='ocr_line' id='line_1_9' title="bbox 505 1076 1581 1142; baseline -0.002 -14"><span class='ocrx_word' id='word_1_44' title='bbox 505 1085 563 1128; x_wconf 86' lang='lat' dir='ltr'>et</span> <span class='ocrx_word' id='word_1_45' title='bbox 578 1091 853 1127; x_wconf 89' lang='lat' dir='ltr'>numerare</span> <span class='ocrx_word' id='word_1_46' title='bbox 872 1077 1174 1127; x_wconf 72' lang='lat' dir='ltr'>arbusculas</span> <span class='ocrx_word' id='word_1_47' title='bbox 1191 1076 1378 1142; x_wconf 78' lang='lat' dir='ltr'>posse-⁹</span> <span class='ocrx_word' id='word_1_48' title='bbox 1403 1079 1581 1135; x_wconf 86' lang='lat' dir='ltr'>Certe,</span> 
     </span>
     <span class='ocr_line' id='line_1_10' title="bbox 504 1152 1580 1220; baseline 0.002 -16"><span class='ocrx_word' id='word_1_49' title='bbox 504 1154 739 1220; x_wconf 81' lang='lat' dir='ltr'>quamvis</span> <span class='ocrx_word' id='word_1_50' title='bbox 764 1154 942 1212; x_wconf 86' lang='lat' dir='ltr'>verba,</span> <span class='ocrx_word' id='word_1_51' title='bbox 966 1155 1146 1205; x_wconf 79' lang='lat' dir='ltr'>domini</span> <span class='ocrx_word' id='word_1_52' title='bbox 1177 1170 1273 1205; x_wconf 81' lang='lat' dir='ltr'>non</span> <span class='ocrx_word' id='word_1_53' title='bbox 1307 1152 1580 1217; x_wconf 76' lang='lat' dir='ltr'>servientis,</span> 
     </span>
     <span class='ocr_line' id='line_1_11' title="bbox 505 1230 1581 1296; baseline 0.003 -15"><span class='ocrx_word' id='word_1_54' title='bbox 505 1245 605 1295; x_wconf 90' lang='lat' dir='ltr'>per</span> <span class='ocrx_word' id='word_1_55' title='bbox 624 1244 679 1280; x_wconf 89' lang='lat' dir='ltr'>se</span> <span class='ocrx_word' id='word_1_56' title='bbox 705 1230 811 1280; x_wconf 91' lang='lat' dir='ltr'>sint</span> <span class='ocrx_word' id='word_1_57' title='bbox 844 1231 1138 1296; x_wconf 85' lang='lat' dir='ltr'>perspicua,</span> <span class='ocrx_word' id='word_1_58' title='bbox 1173 1232 1261 1281; x_wconf 75' lang='lat' dir='ltr'>vix</span> <span class='ocrx_word' id='word_1_59' title='bbox 1300 1239 1473 1283; x_wconf 86' lang='lat' dir='ltr'>tamen</span> <span class='ocrx_word' id='word_1_60' title='bbox 1504 1234 1581 1284; x_wconf 91' lang='lat' dir='ltr'>lo·</span> 
     </span>
     <span class='ocr_line' id='line_1_12' title="bbox 504 1307 1582 1374; baseline 0.003 -16"><span class='ocrx_word' id='word_1_61' title='bbox 504 1323 624 1359; x_wconf 89' lang='lat' dir='ltr'>cum</span> <span class='ocrx_word' id='word_1_62' title='bbox 643 1307 727 1359; x_wconf 86' lang='lat' dir='ltr'>bic</span> <span class='ocrx_word' id='word_1_63' title='bbox 749 1308 944 1359; x_wconf 88' lang='lat' dir='ltr'>babere</span> <span class='ocrx_word' id='word_1_64' title='bbox 973 1317 1191 1372; x_wconf 88' lang='lat' dir='ltr'>possunt</span> <span class='ocrx_word' id='word_1_65' title='bbox 1212 1324 1228 1372; x_wconf 88' lang='lat'>;</span> <span class='ocrx_word' id='word_1_66' title='bbox 1263 1325 1381 1360; x_wconf 88' lang='lat' dir='ltr'>cum</span> <span class='ocrx_word' id='word_1_67' title='bbox 1406 1312 1582 1374; x_wconf 86' lang='lat' dir='ltr'>paullo</span> 
     </span>
     <span class='ocr_line' id='line_1_13' title="bbox 502 1385 1581 1450; baseline 0.003 -15"><span class='ocrx_word' id='word_1_68' title='bbox 502 1391 626 1435; x_wconf 84' lang='lat' dir='ltr'>ante</span> <span class='ocrx_word' id='word_1_69' title='bbox 654 1385 767 1450; x_wconf 89' lang='lat' dir='ltr'>jam</span> <span class='ocrx_word' id='word_1_70' title='bbox 802 1385 939 1437; x_wconf 89' lang='lat' dir='ltr'>idem</span> <span class='ocrx_word' id='word_1_71' title='bbox 984 1385 1182 1436; x_wconf 84' lang='lat' dir='ltr'>dixerit</span> <span class='ocrx_word' id='word_1_72' title='bbox 1223 1386 1445 1445; x_wconf 82' lang='lat' dir='ltr'>Plinius,</span> <span class='ocrx_word' id='word_1_73' title='bbox 1490 1387 1581 1438; x_wconf 90' lang='lat' dir='ltr'>ubi</span> 
     </span>
     <span class='ocr_line' id='line_1_14' title="bbox 503 1462 1580 1528; baseline 0.002 -16"><span class='ocrx_word' id='word_1_74' title='bbox 503 1462 657 1528; x_wconf 79' lang='lat' dir='ltr'>dixit,</span> <span class='ocrx_word' id='word_1_75' title='bbox 688 1462 707 1491; x_wconf 89' lang='lat'>‘</span> <span class='ocrx_word' id='word_1_76' title='bbox 731 1476 829 1513; x_wconf 89' lang='lat' dir='ltr'>nec</span> <span class='ocrx_word' id='word_1_77' title='bbox 845 1463 958 1527; x_wconf 86' lang='lat' dir='ltr'>jam</span> <span class='ocrx_word' id='word_1_78' title='bbox 998 1462 1404 1513; x_wconf 88' lang='lat' dir='ltr'>clarissimorum</span> <span class='ocrx_word' id='word_1_79' title='bbox 1442 1464 1580 1514; x_wconf 79' lang='lat' dir='ltr'>viro·</span> 
     </span>
     <span class='ocr_line' id='line_1_15' title="bbox 504 1538 1581 1603; baseline 0.001 -15"><span class='ocrx_word' id='word_1_80' title='bbox 504 1552 620 1588; x_wconf 90' lang='lat' dir='ltr'>rum</span> <span class='ocrx_word' id='word_1_81' title='bbox 650 1538 988 1603; x_wconf 85' lang='lat' dir='ltr'>receptacula</span> <span class='ocrx_word' id='word_1_82' title='bbox 1009 1539 1306 1589; x_wconf 82' lang='lat' dir='ltr'>habitatore</span> <span class='ocrx_word' id='word_1_83' title='bbox 1329 1553 1480 1589; x_wconf 82' lang='lat' dir='ltr'>servo</span> <span class='ocrx_word' id='word_1_84' title='bbox 1504 1547 1581 1589; x_wconf 88' lang='lat' dir='ltr'>tc·</span> 
     </span>
     <span class='ocr_line' id='line_1_16' title="bbox 504 1614 1581 1681; baseline 0.002 -16"><span class='ocrx_word' id='word_1_85' title='bbox 504 1614 733 1666; x_wconf 89' lang='lat' dir='ltr'>runtur.’</span> <span class='ocrx_word' id='word_1_86' title='bbox 798 1616 904 1666; x_wconf 87' lang='lat' dir='ltr'>Sed</span> <span class='ocrx_word' id='word_1_87' title='bbox 944 1614 1201 1680; x_wconf 80' lang='lat' dir='ltr'>copiosius</span> <span class='ocrx_word' id='word_1_88' title='bbox 1238 1616 1374 1681; x_wconf 69' lang='lat' dir='ltr'>bnpc</span> <span class='ocrx_word' id='word_1_89' title='bbox 1410 1617 1581 1667; x_wconf 91' lang='lat' dir='ltr'>locum</span> 
     </span>
     <span class='ocr_line' id='line_1_17' title="bbox 501 1694 1539 1746; baseline 0.002 -2"><span class='ocrx_word' id='word_1_90' title='bbox 501 1694 763 1746; x_wconf 82' lang='lat' dir='ltr'>illustravi</span> <span class='ocrx_word' id='word_1_91' title='bbox 787 1695 839 1746; x_wconf 89' lang='lat' dir='ltr'>in</span> <span class='ocrx_word' id='word_1_92' title='bbox 862 1696 1082 1746; x_wconf 80' lang='lat' dir='ltr'>Excurs.</span> <span class='ocrx_word' id='word_1_93' title='bbox 1105 1709 1258 1746; x_wconf 72' lang='lat' dir='ltr'>nvi.</span> <span class='ocrx_word' id='word_1_94' title='bbox 1292 1697 1539 1746; x_wconf 76' lang='lat' dir='ltr'>Schwarz.</span> 
     </span>
     <span class='ocr_line' id='line_1_18' title="bbox 574 1771 1581 1836; baseline -0.001 -14"><span class='ocrx_word' id='word_1_95' title='bbox 574 1771 785 1822; x_wconf 79' lang='lat' dir='ltr'>C&#39;oesuris</span> <span class='ocrx_word' id='word_1_96' title='bbox 826 1771 1013 1836; x_wconf 72' lang='lat' dir='ltr'>tabula]</span> <span class='ocrx_word' id='word_1_97' title='bbox 1062 1772 1317 1836; x_wconf 80' lang='lat' dir='ltr'>Equidem</span> <span class='ocrx_word' id='word_1_98' title='bbox 1360 1780 1417 1823; x_wconf 89' lang='lat' dir='ltr'>et</span> <span class='ocrx_word' id='word_1_99' title='bbox 1457 1771 1581 1822; x_wconf 90' lang='lat' dir='ltr'>boni</span> 
     </span>
     <span class='ocr_line' id='line_1_19' title="bbox 504 1849 1581 1914; baseline 0 -16"><span class='ocrx_word' id='word_1_100' title='bbox 504 1849 772 1913; x_wconf 83' lang='lat' dir='ltr'>principes</span> <span class='ocrx_word' id='word_1_101' title='bbox 798 1849 1076 1914; x_wconf 89' lang='lat' dir='ltr'>aliquando</span> <span class='ocrx_word' id='word_1_102' title='bbox 1113 1864 1181 1898; x_wconf 84' lang='lat' dir='ltr'>ex</span> <span class='ocrx_word' id='word_1_103' title='bbox 1219 1849 1396 1912; x_wconf 89' lang='lat' dir='ltr'>inopia</span> <span class='ocrx_word' id='word_1_104' title='bbox 1423 1863 1581 1913; x_wconf 88' lang='lat' dir='ltr'>pecu-</span> 
     </span>
     <span class='ocr_line' id='line_1_20' title="bbox 504 1923 1582 1989; baseline 0 -14"><span class='ocrx_word' id='word_1_105' title='bbox 504 1927 608 1975; x_wconf 78' lang='lat' dir='ltr'>niae</span> <span class='ocrx_word' id='word_1_106' title='bbox 632 1926 927 1977; x_wconf 89' lang='lat' dir='ltr'>auctionem</span> <span class='ocrx_word' id='word_1_107' title='bbox 949 1923 1188 1975; x_wconf 81' lang='lat' dir='ltr'>fecerunt</span> <span class='ocrx_word' id='word_1_108' title='bbox 1206 1939 1375 1975; x_wconf 90' lang='lat' dir='ltr'>rerum</span> <span class='ocrx_word' id='word_1_109' title='bbox 1400 1940 1582 1989; x_wconf 88' lang='lat' dir='ltr'>super·</span> 
     </span>
     <span class='ocr_line' id='line_1_21' title="bbox 505 2002 1580 2065; baseline 0.001 -14"><span class='ocrx_word' id='word_1_110' title='bbox 505 2008 804 2060; x_wconf 80' lang='lat' dir='ltr'>vacuarum,</span> <span class='ocrx_word' id='word_1_111' title='bbox 844 2008 904 2053; x_wconf 89' lang='lat' dir='ltr'>ut</span> <span class='ocrx_word' id='word_1_112' title='bbox 941 2010 1310 2052; x_wconf 78' lang='lat' dir='ltr'>succurrerent</span> <span class='ocrx_word' id='word_1_113' title='bbox 1354 2002 1580 2065; x_wconf 77' lang='lat' dir='ltr'>publicae</span> 
     </span>
     <span class='ocr_line' id='line_1_22' title="bbox 508 2078 1580 2144; baseline 0.001 -15"><span class='ocrx_word' id='word_1_114' title='bbox 508 2080 836 2131; x_wconf 77' lang='lat' dir='ltr'>necessitati.</span> <span class='ocrx_word' id='word_1_115' title='bbox 905 2079 996 2129; x_wconf 91' lang='lat' dir='ltr'>Sic</span> <span class='ocrx_word' id='word_1_116' title='bbox 1037 2079 1156 2137; x_wconf 87' lang='lat' dir='ltr'>Dio,</span> <span class='ocrx_word' id='word_1_117' title='bbox 1188 2078 1278 2129; x_wconf 88' lang='lat' dir='ltr'>lib.</span> <span class='ocrx_word' id='word_1_118' title='bbox 1301 2092 1505 2130; x_wconf 72' lang='lat' dir='ltr'>axvm.</span> <span class='ocrx_word' id='word_1_119' title='bbox 1529 2095 1580 2144; x_wconf 87' lang='lat' dir='ltr'>p.</span> 
     </span>
     <span class='ocr_line' id='line_1_23' title="bbox 505 2156 1582 2220; baseline 0.001 -16"><span class='ocrx_word' id='word_1_120' title='bbox 505 2158 625 2206; x_wconf 80' lang='grc'><strong>770.</strong></span> <span class='ocrx_word' id='word_1_121' title='bbox 669 2161 868 2218; x_wconf 89' lang='lat' dir='ltr'>narrat,</span> <span class='ocrx_word' id='word_1_122' title='bbox 913 2156 1149 2206; x_wconf 84' lang='lat' dir='ltr'>Nervam</span> <span class='ocrx_word' id='word_1_123' title='bbox 1192 2156 1582 2220; x_wconf 73' lang='lat' dir='ltr'>imperatorem,</span> 
     </span>
     <span class='ocr_line' id='line_1_24' title="bbox 505 2232 1581 2297; baseline -0.001 -14"><span class='ocrx_word' id='word_1_124' title='bbox 505 2245 622 2283; x_wconf 84' lang='lat' dir='ltr'>cum</span> <span class='ocrx_word' id='word_1_125' title='bbox 647 2238 828 2296; x_wconf 77' lang='lat' dir='ltr'>egeret</span> <span class='ocrx_word' id='word_1_126' title='bbox 866 2232 1108 2297; x_wconf 89' lang='lat' dir='ltr'>pecnnia,</span> <span class='ocrx_word' id='word_1_127' title='bbox 1130 2246 1372 2296; x_wconf 76' lang='lat' dir='ltr'>magnum</span> <span class='ocrx_word' id='word_1_128' title='bbox 1402 2247 1581 2282; x_wconf 91' lang='lat' dir='ltr'>nume·</span> 
     </span>
    </p>
   </div>
   <div class='ocr_carea' id='block_1_3' title="bbox 409 2310 1583 2379">
    <p class='ocr_par' dir='ltr' id='par_1_3' title="bbox 409 2310 1583 2379">
     <span class='ocr_line' id='line_1_25' title="bbox 409 2310 1583 2379; baseline 0.001 -20"><span class='ocrx_word' id='word_1_129' title='bbox 409 2372 414 2379; x_wconf 21' lang='grc' dir='ltr'><strong>β</strong></span> <span class='ocrx_word' id='word_1_130' title='bbox 504 2324 619 2359; x_wconf 88' lang='lat' dir='ltr'>rum</span> <span class='ocrx_word' id='word_1_131' title='bbox 643 2310 884 2375; x_wconf 76' lang='lat' dir='ltr'>vestium,</span> <span class='ocrx_word' id='word_1_132' title='bbox 903 2310 1171 2375; x_wconf 82' lang='lat' dir='ltr'>multaque</span> <span class='ocrx_word' id='word_1_133' title='bbox 1187 2325 1310 2361; x_wconf 86' lang='lat' dir='ltr'>vasa</span> <span class='ocrx_word' id='word_1_134' title='bbox 1331 2317 1583 2374; x_wconf 83' lang='lat' dir='ltr'>argentea</span> 
     </span>
    </p>
   </div>
   <div class='ocr_carea' id='block_1_4' title="bbox 463 2388 1589 4457">
    <p class='ocr_par' dir='ltr' id='par_1_4' title="bbox 463 2388 1589 4457">
     <span class='ocr_line' id='line_1_26' title="bbox 505 2388 1580 2453; baseline -0.001 -15"><span class='ocrx_word' id='word_1_135' title='bbox 505 2393 663 2452; x_wconf 88' lang='lat' dir='ltr'>atque</span> <span class='ocrx_word' id='word_1_136' title='bbox 700 2402 876 2451; x_wconf 89' lang='lat' dir='ltr'>aurea,</span> <span class='ocrx_word' id='word_1_137' title='bbox 907 2395 964 2437; x_wconf 89' lang='lat' dir='ltr'>et</span> <span class='ocrx_word' id='word_1_138' title='bbox 1000 2389 1250 2453; x_wconf 89' lang='lat' dir='ltr'>reliquam</span> <span class='ocrx_word' id='word_1_139' title='bbox 1280 2388 1580 2451; x_wconf 89' lang='lat' dir='ltr'>supellecti-</span> 
     </span>
     <span class='ocr_line' id='line_1_27' title="bbox 504 2462 1580 2529; baseline -0.001 -15"><span class='ocrx_word' id='word_1_140' title='bbox 504 2465 630 2529; x_wconf 91' lang='lat' dir='ltr'>lem,</span> <span class='ocrx_word' id='word_1_141' title='bbox 650 2478 754 2516; x_wconf 89' lang='lat' dir='ltr'>non</span> <span class='ocrx_word' id='word_1_142' title='bbox 789 2464 941 2514; x_wconf 90' lang='lat' dir='ltr'>modo</span> <span class='ocrx_word' id='word_1_143' title='bbox 971 2464 1038 2515; x_wconf 90' lang='lat' dir='ltr'>de</span> <span class='ocrx_word' id='word_1_144' title='bbox 1074 2465 1293 2528; x_wconf 82' lang='lat' dir='ltr'>privatis</span> <span class='ocrx_word' id='word_1_145' title='bbox 1327 2464 1452 2527; x_wconf 89' lang='lat' dir='ltr'>suis,</span> <span class='ocrx_word' id='word_1_146' title='bbox 1486 2462 1580 2513; x_wconf 88' lang='lat' dir='ltr'>sed</span> 
     </span>
     <span class='ocr_line' id='line_1_28' title="bbox 506 2541 1582 2606; baseline -0.001 -15"><span class='ocrx_word' id='word_1_147' title='bbox 506 2542 669 2592; x_wconf 87' lang='lat' dir='ltr'>etiam</span> <span class='ocrx_word' id='word_1_148' title='bbox 707 2541 774 2591; x_wconf 91' lang='lat' dir='ltr'>de</span> <span class='ocrx_word' id='word_1_149' title='bbox 810 2541 1183 2606; x_wconf 86' lang='lat' dir='ltr'>principalibus</span> <span class='ocrx_word' id='word_1_150' title='bbox 1218 2541 1391 2603; x_wconf 89' lang='lat' dir='ltr'>rebus,</span> <span class='ocrx_word' id='word_1_151' title='bbox 1415 2541 1582 2591; x_wconf 87' lang='lat' dir='ltr'>multa</span> 
     </span>
     <span class='ocr_line' id='line_1_29' title="bbox 506 2617 1580 2684; baseline -0.002 -15"><span class='ocrx_word' id='word_1_152' title='bbox 506 2619 664 2669; x_wconf 87' lang='lat' dir='ltr'>etiam</span> <span class='ocrx_word' id='word_1_153' title='bbox 702 2619 919 2683; x_wconf 74' lang='lat' dir='ltr'>proedia,</span> <span class='ocrx_word' id='word_1_154' title='bbox 942 2619 1237 2684; x_wconf 88' lang='lat' dir='ltr'>multasque</span> <span class='ocrx_word' id='word_1_155' title='bbox 1277 2617 1473 2675; x_wconf 89' lang='lat' dir='ltr'>domos,</span> <span class='ocrx_word' id='word_1_156' title='bbox 1506 2626 1580 2668; x_wconf 89' lang='lat' dir='ltr'>at-</span> 
     </span>
     <span class='ocr_line' id='line_1_30' title="bbox 503 2696 1580 2762; baseline 0 -16"><span class='ocrx_word' id='word_1_157' title='bbox 503 2711 605 2762; x_wconf 90' lang='lat' dir='ltr'>que</span> <span class='ocrx_word' id='word_1_158' title='bbox 628 2697 682 2746; x_wconf 89' lang='lat' dir='ltr'>in</span> <span class='ocrx_word' id='word_1_159' title='bbox 706 2710 905 2746; x_wconf 87' lang='lat' dir='ltr'>summa</span> <span class='ocrx_word' id='word_1_160' title='bbox 924 2696 1112 2753; x_wconf 87' lang='lat' dir='ltr'>omnia,</span> <span class='ocrx_word' id='word_1_161' title='bbox 1137 2703 1333 2759; x_wconf 78' lang='lat' dir='ltr'>praeter</span> <span class='ocrx_word' id='word_1_162' title='bbox 1354 2711 1438 2756; x_wconf 88' lang='lat' dir='ltr'>ea,</span> <span class='ocrx_word' id='word_1_163' title='bbox 1464 2710 1580 2760; x_wconf 76' lang='lat' dir='ltr'>quae</span> 
     </span>
     <span class='ocr_line' id='line_1_31' title="bbox 502 2771 1580 2831; baseline -0.002 -7"><span class='ocrx_word' id='word_1_164' title='bbox 502 2773 795 2824; x_wconf 88' lang='lat' dir='ltr'>necessaria</span> <span class='ocrx_word' id='word_1_165' title='bbox 829 2780 1000 2831; x_wconf 87' lang='lat' dir='ltr'>erant,</span> <span class='ocrx_word' id='word_1_166' title='bbox 1035 2771 1351 2823; x_wconf 84' lang='lat' dir='ltr'>vendidisse.</span> <span class='ocrx_word' id='word_1_167' title='bbox 1404 2773 1580 2823; x_wconf 82' lang='lat' dir='ltr'>Etiam</span> 
     </span>
     <span class='ocr_line' id='line_1_32' title="bbox 505 2848 1581 2916; baseline -0.002 -15"><span class='ocrx_word' id='word_1_168' title='bbox 505 2851 833 2916; x_wconf 87' lang='lat' dir='ltr'>Capitolinus</span> <span class='ocrx_word' id='word_1_169' title='bbox 868 2850 921 2902; x_wconf 89' lang='lat' dir='ltr'>in</span> <span class='ocrx_word' id='word_1_170' title='bbox 958 2848 1225 2901; x_wconf 80' lang='lat' dir='ltr'>Antonino</span> <span class='ocrx_word' id='word_1_171' title='bbox 1248 2850 1371 2913; x_wconf 92' lang='lat' dir='ltr'>Pio,</span> <span class='ocrx_word' id='word_1_172' title='bbox 1393 2865 1508 2914; x_wconf 92' lang='lat' dir='ltr'>cap.</span> <span class='ocrx_word' id='word_1_173' title='bbox 1531 2854 1581 2899; x_wconf 79' lang='grc'>7.</span> 
     </span>
     <span class='ocr_line' id='line_1_33' title="bbox 505 2924 1580 2992; baseline -0.002 -14"><span class='ocrx_word' id='word_1_174' title='bbox 505 2928 522 2957; x_wconf 77' lang='lat'><em>⁶</em></span> <span class='ocrx_word' id='word_1_175' title='bbox 549 2924 806 2992; x_wconf 85' lang='lat' dir='ltr'>Species,&#39;</span> <span class='ocrx_word' id='word_1_176' title='bbox 837 2927 1027 2990; x_wconf 85' lang='lat' dir='ltr'>inquit,</span> <span class='ocrx_word' id='word_1_177' title='bbox 1059 2926 1462 2990; x_wconf 88' lang='lat' dir='ltr'>‘imperatorias</span> <span class='ocrx_word' id='word_1_178' title='bbox 1495 2941 1580 2976; x_wconf 90' lang='lat' dir='ltr'>su·</span> 
     </span>
     <span class='ocr_line' id='line_1_34' title="bbox 504 3001 1580 3068; baseline -0.001 -15"><span class='ocrx_word' id='word_1_179' title='bbox 504 3003 751 3068; x_wconf 68' lang='lat' dir='ltr'>perthas,</span> <span class='ocrx_word' id='word_1_180' title='bbox 771 3008 829 3053; x_wconf 88' lang='lat' dir='ltr'>ct</span> <span class='ocrx_word' id='word_1_181' title='bbox 850 3001 1070 3067; x_wconf 61' lang='lat' dir='ltr'>praedia,</span> <span class='ocrx_word' id='word_1_182' title='bbox 1089 3001 1366 3052; x_wconf 59' lang='lat' dir='ltr'>vendidit!</span> <span class='ocrx_word' id='word_1_183' title='bbox 1429 3002 1580 3052; x_wconf 87' lang='lat' dir='ltr'>Idem</span> 
     </span>
     <span class='ocr_line' id='line_1_35' title="bbox 507 3080 1578 3145; baseline 0.001 -16"><span class='ocrx_word' id='word_1_184' title='bbox 507 3081 838 3145; x_wconf 85' lang='lat' dir='ltr'>Capitolinus</span> <span class='ocrx_word' id='word_1_185' title='bbox 870 3081 923 3132; x_wconf 89' lang='lat' dir='ltr'>in</span> <span class='ocrx_word' id='word_1_186' title='bbox 947 3080 1215 3130; x_wconf 85' lang='lat' dir='ltr'>Antonino</span> <span class='ocrx_word' id='word_1_187' title='bbox 1242 3080 1436 3130; x_wconf 84' lang='lat' dir='ltr'>Philos.</span> <span class='ocrx_word' id='word_1_188' title='bbox 1461 3096 1578 3144; x_wconf 89' lang='lat' dir='ltr'>cap.</span> 
     </span>
     <span class='ocr_line' id='line_1_36' title="bbox 510 3155 1580 3222; baseline 0.002 -16"><span class='ocrx_word' id='word_1_189' title='bbox 510 3160 595 3206; x_wconf 78' lang='lat'>17.</span> <span class='ocrx_word' id='word_1_190' title='bbox 650 3157 821 3207; x_wconf 88' lang='lat' dir='ltr'>‘Cum</span> <span class='ocrx_word' id='word_1_191' title='bbox 866 3156 932 3206; x_wconf 88' lang='lat' dir='ltr'>ad</span> <span class='ocrx_word' id='word_1_192' title='bbox 975 3158 1076 3207; x_wconf 89' lang='lat' dir='ltr'>hoc</span> <span class='ocrx_word' id='word_1_193' title='bbox 1117 3155 1350 3220; x_wconf 65' lang='lat' dir='ltr'>benum:</span> <span class='ocrx_word' id='word_1_194' title='bbox 1394 3158 1580 3222; x_wconf 88' lang='lat' dir='ltr'>inquit,</span> 
     </span>
     <span class='ocr_line' id='line_1_37' title="bbox 507 3233 1584 3294; baseline 0.002 -12"><span class='ocrx_word' id='word_1_195' title='bbox 507 3239 524 3262; x_wconf 78' lang='lat'><strong><em>⁴</em></strong></span> <span class='ocrx_word' id='word_1_196' title='bbox 550 3246 704 3283; x_wconf 87' lang='lat' dir='ltr'>omne</span> <span class='ocrx_word' id='word_1_197' title='bbox 760 3233 998 3283; x_wconf 75' lang='lat' dir='ltr'>aerarium</span> <span class='ocrx_word' id='word_1_198' title='bbox 1042 3233 1368 3284; x_wconf 76' lang='lat' dir='ltr'>exhausisset</span> <span class='ocrx_word' id='word_1_199' title='bbox 1413 3251 1584 3294; x_wconf 84' lang='lat' dir='ltr'>snum,</span> 
     </span>
     <span class='ocr_line' id='line_1_38' title="bbox 508 3309 1583 3376; baseline 0.002 -15"><span class='ocrx_word' id='word_1_200' title='bbox 508 3324 680 3376; x_wconf 85' lang='lat' dir='ltr'>neque</span> <span class='ocrx_word' id='word_1_201' title='bbox 703 3310 758 3360; x_wconf 90' lang='lat' dir='ltr'>in</span> <span class='ocrx_word' id='word_1_202' title='bbox 782 3309 1006 3360; x_wconf 88' lang='lat' dir='ltr'>animum</span> <span class='ocrx_word' id='word_1_203' title='bbox 1036 3311 1328 3373; x_wconf 85' lang='lat' dir='ltr'>induceret,</span> <span class='ocrx_word' id='word_1_204' title='bbox 1350 3320 1411 3362; x_wconf 88' lang='lat' dir='ltr'>nt</span> <span class='ocrx_word' id='word_1_205' title='bbox 1432 3320 1583 3363; x_wconf 82' lang='lat' dir='ltr'>extra</span> 
     </span>
     <span class='ocr_line' id='line_1_39' title="bbox 508 3387 1583 3455; baseline -0.002 -16"><span class='ocrx_word' id='word_1_206' title='bbox 508 3388 745 3439; x_wconf 89' lang='lat' dir='ltr'>ordinem</span> <span class='ocrx_word' id='word_1_207' title='bbox 769 3387 1173 3452; x_wconf 84' lang='lat' dir='ltr'>provincialibus</span> <span class='ocrx_word' id='word_1_208' title='bbox 1204 3390 1396 3453; x_wconf 88' lang='lat' dir='ltr'>aliquid</span> <span class='ocrx_word' id='word_1_209' title='bbox 1421 3390 1583 3455; x_wconf 85' lang='lat' dir='ltr'>impe-</span> 
     </span>
     <span class='ocr_line' id='line_1_40' title="bbox 506 3464 1584 3530; baseline 0 -13"><span class='ocrx_word' id='word_1_210' title='bbox 506 3473 670 3528; x_wconf 83' lang='lat' dir='ltr'>raret,</span> <span class='ocrx_word' id='word_1_211' title='bbox 694 3467 743 3516; x_wconf 92' lang='lat' dir='ltr'>in</span> <span class='ocrx_word' id='word_1_212' title='bbox 766 3464 884 3515; x_wconf 81' lang='lat' dir='ltr'>foro</span> <span class='ocrx_word' id='word_1_213' title='bbox 919 3464 1026 3514; x_wconf 81' lang='lat' dir='ltr'>divi</span> <span class='ocrx_word' id='word_1_214' title='bbox 1057 3466 1265 3530; x_wconf 70' lang='lat' dir='ltr'>Traiani</span> <span class='ocrx_word' id='word_1_215' title='bbox 1289 3468 1584 3517; x_wconf 81' lang='lat' dir='ltr'>auctionem</span> 
     </span>
     <span class='ocr_line' id='line_1_41' title="bbox 505 3542 1586 3606; baseline 0.002 -12"><span class='ocrx_word' id='word_1_216' title='bbox 505 3548 933 3594; x_wconf 77' lang='lat' dir='ltr'>ornamentorum</span> <span class='ocrx_word' id='word_1_217' title='bbox 949 3542 1285 3606; x_wconf 81' lang='lat' dir='ltr'>imperialium</span> <span class='ocrx_word' id='word_1_218' title='bbox 1298 3544 1443 3603; x_wconf 79' lang='lat' dir='ltr'>fecit,</span> <span class='ocrx_word' id='word_1_219' title='bbox 1461 3560 1586 3596; x_wconf 83' lang='lat' dir='ltr'>ven·</span> 
     </span>
     <span class='ocr_line' id='line_1_42' title="bbox 509 3620 1587 3686; baseline 0 -16"><span class='ocrx_word' id='word_1_220' title='bbox 509 3620 748 3686; x_wconf 86' lang='lat' dir='ltr'>diditque</span> <span class='ocrx_word' id='word_1_221' title='bbox 771 3633 930 3670; x_wconf 87' lang='lat' dir='ltr'>aurea</span> <span class='ocrx_word' id='word_1_222' title='bbox 950 3620 1156 3683; x_wconf 88' lang='lat' dir='ltr'>pocula,</span> <span class='ocrx_word' id='word_1_223' title='bbox 1178 3629 1232 3670; x_wconf 90' lang='lat' dir='ltr'>et</span> <span class='ocrx_word' id='word_1_224' title='bbox 1257 3622 1587 3686; x_wconf 81' lang='lat' dir='ltr'>crystallina,</span> 
     </span>
     <span class='ocr_line' id='line_1_43' title="bbox 508 3697 1589 3763; baseline 0.004 -18"><span class='ocrx_word' id='word_1_225' title='bbox 508 3703 565 3747; x_wconf 90' lang='lat' dir='ltr'>et</span> <span class='ocrx_word' id='word_1_226' title='bbox 610 3697 898 3760; x_wconf 83' lang='lat' dir='ltr'>myrrhina,</span> <span class='ocrx_word' id='word_1_227' title='bbox 941 3710 1062 3746; x_wconf 77' lang='lat' dir='ltr'>vasa</span> <span class='ocrx_word' id='word_1_228' title='bbox 1110 3698 1267 3746; x_wconf 87' lang='lat' dir='ltr'>etiam</span> <span class='ocrx_word' id='word_1_229' title='bbox 1314 3701 1476 3763; x_wconf 79' lang='lat' dir='ltr'>regia,</span> <span class='ocrx_word' id='word_1_230' title='bbox 1533 3706 1589 3750; x_wconf 86' lang='lat' dir='ltr'>et</span> 
     </span>
     <span class='ocr_line' id='line_1_44' title="bbox 507 3773 1587 3826; baseline 0.003 -3"><span class='ocrx_word' id='word_1_231' title='bbox 507 3780 707 3823; x_wconf 80' lang='lat' dir='ltr'>vestem</span> <span class='ocrx_word' id='word_1_232' title='bbox 767 3774 1001 3823; x_wconf 84' lang='lat' dir='ltr'>uxoriam</span> <span class='ocrx_word' id='word_1_233' title='bbox 1055 3773 1277 3823; x_wconf 86' lang='lat' dir='ltr'>sericam</span> <span class='ocrx_word' id='word_1_234' title='bbox 1330 3783 1386 3823; x_wconf 90' lang='lat' dir='ltr'>et</span> <span class='ocrx_word' id='word_1_235' title='bbox 1438 3790 1587 3826; x_wconf 86' lang='lat' dir='ltr'>aura·</span> 
     </span>
     <span class='ocr_line' id='line_1_45' title="bbox 510 3849 1585 3914; baseline 0.002 -14"><span class='ocrx_word' id='word_1_236' title='bbox 510 3857 639 3907; x_wconf 88' lang='lat' dir='ltr'>tam,</span> <span class='ocrx_word' id='word_1_237' title='bbox 676 3863 908 3914; x_wconf 71' lang='lat' dir='ltr'>gemmas</span> <span class='ocrx_word' id='word_1_238' title='bbox 946 3849 1121 3906; x_wconf 88' lang='lat' dir='ltr'>etiam,</span> <span class='ocrx_word' id='word_1_239' title='bbox 1146 3865 1273 3913; x_wconf 86' lang='lat' dir='ltr'>quas</span> <span class='ocrx_word' id='word_1_240' title='bbox 1310 3852 1499 3902; x_wconf 89' lang='lat' dir='ltr'>multas</span> <span class='ocrx_word' id='word_1_241' title='bbox 1532 3854 1585 3902; x_wconf 91' lang='lat' dir='ltr'>in</span> 
     </span>
     <span class='ocr_line' id='line_1_46' title="bbox 504 3925 1585 3992; baseline -0.001 -13"><span class='ocrx_word' id='word_1_242' title='bbox 504 3926 823 3989; x_wconf 74' lang='lat' dir='ltr'>repositorio</span> <span class='ocrx_word' id='word_1_243' title='bbox 846 3926 1109 3975; x_wconf 88' lang='lat' dir='ltr'>sanctiore</span> <span class='ocrx_word' id='word_1_244' title='bbox 1145 3925 1403 3977; x_wconf 82' lang='lat' dir='ltr'>Hadriani</span> <span class='ocrx_word' id='word_1_245' title='bbox 1430 3943 1585 3992; x_wconf 88' lang='lat' dir='ltr'>repe-</span> 
     </span>
     <span class='ocr_line' id='line_1_47' title="bbox 508 4000 1585 4069; baseline 0.005 -19"><span class='ocrx_word' id='word_1_246' title='bbox 508 4000 689 4053; x_wconf 83' lang='lat' dir='ltr'>rerat.&#39;</span> <span class='ocrx_word' id='word_1_247' title='bbox 754 4001 856 4050; x_wconf 89' lang='lat' dir='ltr'>Sed</span> <span class='ocrx_word' id='word_1_248' title='bbox 898 4001 1170 4051; x_wconf 86' lang='lat' dir='ltr'>auctiones</span> <span class='ocrx_word' id='word_1_249' title='bbox 1205 4016 1377 4052; x_wconf 87' lang='lat' dir='ltr'>rerum</span> <span class='ocrx_word' id='word_1_250' title='bbox 1402 4018 1585 4069; x_wconf 89' lang='lat' dir='ltr'>super·</span> 
     </span>
     <span class='ocr_line' id='line_1_48' title="bbox 463 4073 1585 4143; baseline 0.005 -16"><span class='ocrx_word' id='word_1_251' title='bbox 463 4140 470 4143; x_wconf 41' lang='grc'>-</span> <span class='ocrx_word' id='word_1_252' title='bbox 512 4073 733 4127; x_wconf 83' lang='lat' dir='ltr'>finarum</span> <span class='ocrx_word' id='word_1_253' title='bbox 789 4077 1067 4143; x_wconf 86' lang='lat' dir='ltr'>aliquando</span> <span class='ocrx_word' id='word_1_254' title='bbox 1137 4079 1297 4129; x_wconf 88' lang='lat' dir='ltr'>etiam</span> <span class='ocrx_word' id='word_1_255' title='bbox 1351 4081 1585 4133; x_wconf 78' lang='lat' dir='ltr'>habuere</span> 
     </span>
     <span class='ocr_line' id='line_1_49' title="bbox 509 4152 1585 4218; baseline 0.007 -17"><span class='ocrx_word' id='word_1_256' title='bbox 509 4152 774 4218; x_wconf 86' lang='lat' dir='ltr'>principes</span> <span class='ocrx_word' id='word_1_257' title='bbox 793 4155 1048 4218; x_wconf 79' lang='lat' dir='ltr'>perversi,</span> <span class='ocrx_word' id='word_1_258' title='bbox 1064 4155 1424 4218; x_wconf 79' lang='lat' dir='ltr'>veljactantiae</span> <span class='ocrx_word' id='word_1_259' title='bbox 1442 4173 1585 4208; x_wconf 87' lang='lat' dir='ltr'>cans·</span> 
     </span>
     <span class='ocr_line' id='line_1_50' title="bbox 513 4232 1585 4295; baseline 0.01 -18"><span class='ocrx_word' id='word_1_260' title='bbox 513 4242 593 4289; x_wconf 90' lang='lat' dir='ltr'>sa,</span> <span class='ocrx_word' id='word_1_261' title='bbox 630 4232 690 4277; x_wconf 88' lang='lat' dir='ltr'>ut</span> <span class='ocrx_word' id='word_1_262' title='bbox 721 4234 1066 4292; x_wconf 84' lang='lat' dir='ltr'>ostentarent,</span> <span class='ocrx_word' id='word_1_263' title='bbox 1098 4245 1153 4279; x_wconf 91' lang='lat' dir='ltr'>se</span> <span class='ocrx_word' id='word_1_264' title='bbox 1189 4233 1374 4295; x_wconf 86' lang='lat' dir='ltr'>opibus</span> <span class='ocrx_word' id='word_1_265' title='bbox 1408 4243 1465 4287; x_wconf 89' lang='lat' dir='ltr'>et</span> <span class='ocrx_word' id='word_1_266' title='bbox 1500 4252 1585 4288; x_wconf 89' lang='lat' dir='ltr'>su·</span> 
     </span>
     <span class='ocr_line' id='line_1_51' title="bbox 515 4302 1583 4367; baseline 0.01 -16"><span class='ocrx_word' id='word_1_267' title='bbox 515 4302 781 4367; x_wconf 89' lang='lat' dir='ltr'>pellectile</span> <span class='ocrx_word' id='word_1_268' title='bbox 837 4303 913 4354; x_wconf 86' lang='lat' dir='ltr'>ita</span> <span class='ocrx_word' id='word_1_269' title='bbox 962 4305 1246 4362; x_wconf 87' lang='lat' dir='ltr'>abundare,</span> <span class='ocrx_word' id='word_1_270' title='bbox 1295 4316 1353 4359; x_wconf 89' lang='lat' dir='ltr'>nt</span> <span class='ocrx_word' id='word_1_271' title='bbox 1409 4324 1475 4360; x_wconf 87' lang='lat' dir='ltr'>ex</span> <span class='ocrx_word' id='word_1_272' title='bbox 1522 4312 1583 4362; x_wconf 89' lang='lat' dir='ltr'>iis</span> 
     </span>
     <span class='ocr_line' id='line_1_52' title="bbox 511 4378 1580 4457; baseline 0.01 -27"><span class='ocrx_word' id='word_1_273' title='bbox 511 4381 675 4430; x_wconf 87' lang='lat' dir='ltr'>multa</span> <span class='ocrx_word' id='word_1_274' title='bbox 726 4378 991 4444; x_wconf 86' lang='lat' dir='ltr'>superflua</span> <span class='ocrx_word' id='word_1_275' title='bbox 1029 4381 1293 4435; x_wconf 83' lang='lat' dir='ltr'>dimittere</span> <span class='ocrx_word' id='word_1_276' title='bbox 1330 4397 1580 4457; x_wconf 76' lang='lat' dir='ltr'>possent3</span> 
     </span>
    </p>
   </div>
   <div class='ocr_carea' id='block_1_5' title="bbox 464 4662 528 4722">
    <p class='ocr_par' dir='ltr' id='par_1_5' title="bbox 464 4662 528 4722">
     <span class='ocr_line' id='line_1_53' title="bbox 464 4662 528 4722; baseline 0 0"><span class='ocrx_word' id='word_1_277' title='bbox 464 4662 528 4722; x_wconf 64' lang='lat' dir='ltr'>h.</span> 
     </span>
    </p>
   </div>
   <div class='ocr_carea' id='block_1_6' title="bbox 1203 393 2023 449">
    <p class='ocr_par' dir='ltr' id='par_1_6' title="bbox 1203 393 2023 449">
     <span class='ocr_line' id='line_1_54' title="bbox 1203 393 2023 449; baseline 0.005 -4"><span class='ocrx_word' id='word_1_278' title='bbox 1203 395 1421 446; x_wconf 61' lang='lat' dir='ltr'><strong>80⁹1·AE</strong></span> <span class='ocrx_word' id='word_1_279' title='bbox 1470 393 1890 447; x_wconf 68' lang='lat' dir='ltr'>vammum</span> <span class='ocrx_word' id='word_1_280' title='bbox 1940 398 2023 449; x_wconf 69' lang='lat' dir='ltr'>n(</span> 
     </span>
    </p>
   </div>
   <div class='ocr_carea' id='block_1_7' title="bbox 1653 541 2739 4140">
    <p class='ocr_par' dir='ltr' id='par_1_7' title="bbox 1653 541 2739 4140">
     <span class='ocr_line' id='line_1_55' title="bbox 1657 541 2722 608; baseline 0.005 -18"><span class='ocrx_word' id='word_1_281' title='bbox 1657 541 1739 590; x_wconf 76' lang='lat' dir='ltr'>vel</span> <span class='ocrx_word' id='word_1_282' title='bbox 1799 556 1866 592; x_wconf 85' lang='lat' dir='ltr'>ex</span> <span class='ocrx_word' id='word_1_283' title='bbox 1922 542 2140 593; x_wconf 78' lang='lat' dir='ltr'>avaritia</span> <span class='ocrx_word' id='word_1_284' title='bbox 2197 542 2497 608; x_wconf 84' lang='lat' dir='ltr'>insatiabili,</span> <span class='ocrx_word' id='word_1_285' title='bbox 2547 549 2608 595; x_wconf 88' lang='lat' dir='ltr'>ut</span> <span class='ocrx_word' id='word_1_286' title='bbox 2653 557 2722 595; x_wconf 79' lang='lat' dir='ltr'>ex</span> 
     </span>
     <span class='ocr_line' id='line_1_56' title="bbox 1653 619 2726 686; baseline 0.004 -19"><span class='ocrx_word' id='word_1_287' title='bbox 1653 619 1906 682; x_wconf 88' lang='lat' dir='ltr'>ejusmodi</span> <span class='ocrx_word' id='word_1_288' title='bbox 1938 619 2313 671; x_wconf 88' lang='lat' dir='ltr'>nundinatione</span> <span class='ocrx_word' id='word_1_289' title='bbox 2352 622 2553 671; x_wconf 89' lang='lat' dir='ltr'>lucrum</span> <span class='ocrx_word' id='word_1_290' title='bbox 2591 636 2726 686; x_wconf 53' lang='lat' dir='ltr'>capt</span> 
     </span>
     <span class='ocr_line' id='line_1_57' title="bbox 1653 696 2723 764; baseline 0.006 -21"><span class='ocrx_word' id='word_1_291' title='bbox 1653 701 1847 745; x_wconf 83' lang='lat' dir='ltr'>tarent.</span> <span class='ocrx_word' id='word_1_292' title='bbox 1948 696 2110 761; x_wconf 85' lang='lat' dir='ltr'>Cujus</span> <span class='ocrx_word' id='word_1_293' title='bbox 2164 697 2239 748; x_wconf 86' lang='lat' dir='ltr'>rei</span> <span class='ocrx_word' id='word_1_294' title='bbox 2295 698 2493 764; x_wconf 81' lang='lat' dir='ltr'>insigne</span> <span class='ocrx_word' id='word_1_295' title='bbox 2542 712 2723 749; x_wconf 85' lang='lat' dir='ltr'>exem-</span> 
     </span>
     <span class='ocr_line' id='line_1_58' title="bbox 1655 772 2725 840; baseline 0.004 -20"><span class='ocrx_word' id='word_1_296' title='bbox 1655 772 1796 835; x_wconf 89' lang='lat' dir='ltr'>plum</span> <span class='ocrx_word' id='word_1_297' title='bbox 1835 773 2037 837; x_wconf 79' lang='lat' dir='ltr'>praebet</span> <span class='ocrx_word' id='word_1_298' title='bbox 2091 775 2271 825; x_wconf 75' lang='lat' dir='ltr'>Caesar</span> <span class='ocrx_word' id='word_1_299' title='bbox 2295 776 2552 840; x_wconf 78' lang='lat' dir='ltr'>Caligula.</span> <span class='ocrx_word' id='word_1_300' title='bbox 2613 776 2725 824; x_wconf 87' lang='lat' dir='ltr'>Re·</span> 
     </span>
     <span class='ocr_line' id='line_1_59' title="bbox 1656 845 2726 913; baseline 0.003 -16"><span class='ocrx_word' id='word_1_301' title='bbox 1656 845 1861 899; x_wconf 83' lang='lat' dir='ltr'>ferente</span> <span class='ocrx_word' id='word_1_302' title='bbox 1893 850 2029 899; x_wconf 91' lang='lat' dir='ltr'>enim</span> <span class='ocrx_word' id='word_1_303' title='bbox 2060 850 2277 902; x_wconf 80' lang='lat' dir='ltr'>Sueten.</span> <span class='ocrx_word' id='word_1_304' title='bbox 2299 864 2416 913; x_wconf 85' lang='lat' dir='ltr'>cap.</span> <span class='ocrx_word' id='word_1_305' title='bbox 2437 854 2521 901; x_wconf 77' lang='lat'>³8.</span> <span class='ocrx_word' id='word_1_306' title='bbox 2547 857 2605 900; x_wconf 90' lang='lat' dir='ltr'>et</span> <span class='ocrx_word' id='word_1_307' title='bbox 2639 855 2726 900; x_wconf 74' lang='lat'>39.</span> 
     </span>
     <span class='ocr_line' id='line_1_60' title="bbox 1656 924 2728 992; baseline 0.003 -18"><span class='ocrx_word' id='word_1_308' title='bbox 1656 924 1761 981; x_wconf 87' lang='lat' dir='ltr'>bic,</span> <span class='ocrx_word' id='word_1_309' title='bbox 1818 927 2094 976; x_wconf 79' lang='lat' dir='ltr'>‘auctione</span> <span class='ocrx_word' id='word_1_310' title='bbox 2148 927 2435 991; x_wconf 86' lang='lat' dir='ltr'>proposita,</span> <span class='ocrx_word' id='word_1_311' title='bbox 2474 926 2728 992; x_wconf 85' lang='lat' dir='ltr'>reliquias</span> 
     </span>
     <span class='ocr_line' id='line_1_61' title="bbox 1656 1002 2728 1069; baseline 0.004 -19"><span class='ocrx_word' id='word_1_312' title='bbox 1656 1002 1884 1052; x_wconf 88' lang='lat' dir='ltr'>omnium</span> <span class='ocrx_word' id='word_1_313' title='bbox 1908 1003 2327 1065; x_wconf 84' lang='lat' dir='ltr'>spectaculorum</span> <span class='ocrx_word' id='word_1_314' title='bbox 2347 1004 2513 1054; x_wconf 71' lang='lat' dir='ltr'>bastae</span> <span class='ocrx_word' id='word_1_315' title='bbox 2547 1005 2728 1069; x_wconf 88' lang='lat' dir='ltr'>subje-</span> 
     </span>
     <span class='ocr_line' id='line_1_62' title="bbox 1657 1076 2728 1145; baseline 0.004 -18"><span class='ocrx_word' id='word_1_316' title='bbox 1657 1076 1755 1139; x_wconf 89' lang='lat' dir='ltr'>cit,</span> <span class='ocrx_word' id='word_1_317' title='bbox 1787 1085 1843 1129; x_wconf 88' lang='lat' dir='ltr'>et</span> <span class='ocrx_word' id='word_1_318' title='bbox 1885 1079 2198 1139; x_wconf 78' lang='lat' dir='ltr'>venditavit,</span> <span class='ocrx_word' id='word_1_319' title='bbox 2234 1080 2508 1145; x_wconf 78' lang='lat' dir='ltr'>exquirens</span> <span class='ocrx_word' id='word_1_320' title='bbox 2535 1094 2633 1144; x_wconf 89' lang='lat' dir='ltr'>per</span> <span class='ocrx_word' id='word_1_321' title='bbox 2669 1094 2728 1131; x_wconf 87' lang='lat' dir='ltr'>se</span> 
     </span>
     <span class='ocr_line' id='line_1_63' title="bbox 1656 1155 2730 1223; baseline 0.005 -20"><span class='ocrx_word' id='word_1_322' title='bbox 1656 1155 1846 1219; x_wconf 88' lang='lat' dir='ltr'>pretia,</span> <span class='ocrx_word' id='word_1_323' title='bbox 1867 1162 1922 1206; x_wconf 89' lang='lat' dir='ltr'>et</span> <span class='ocrx_word' id='word_1_324' title='bbox 1946 1170 2105 1222; x_wconf 86' lang='lat' dir='ltr'>usque</span> <span class='ocrx_word' id='word_1_325' title='bbox 2128 1170 2192 1206; x_wconf 88' lang='lat' dir='ltr'>eo</span> <span class='ocrx_word' id='word_1_326' title='bbox 2215 1157 2519 1214; x_wconf 83' lang='lat' dir='ltr'>extendens,</span> <span class='ocrx_word' id='word_1_327' title='bbox 2534 1164 2592 1208; x_wconf 82' lang='lat' dir='ltr'>ut</span> <span class='ocrx_word' id='word_1_328' title='bbox 2613 1158 2730 1223; x_wconf 91' lang='lat' dir='ltr'>qui-</span> 
     </span>
     <span class='ocr_line' id='line_1_64' title="bbox 1657 1229 2734 1299; baseline 0.004 -19"><span class='ocrx_word' id='word_1_329' title='bbox 1657 1229 1775 1280; x_wconf 89' lang='lat' dir='ltr'>dam</span> <span class='ocrx_word' id='word_1_330' title='bbox 1799 1232 2052 1283; x_wconf 87' lang='lat' dir='ltr'>immenso</span> <span class='ocrx_word' id='word_1_331' title='bbox 2075 1233 2244 1284; x_wconf 83' lang='lat' dir='ltr'>coacti</span> <span class='ocrx_word' id='word_1_332' title='bbox 2267 1233 2506 1299; x_wconf 81' lang='lat' dir='ltr'>quaedam</span> <span class='ocrx_word' id='word_1_333' title='bbox 2531 1249 2734 1293; x_wconf 78' lang='lat' dir='ltr'>emere,</span> 
     </span>
     <span class='ocr_line' id='line_1_65' title="bbox 1658 1307 2732 1372; baseline 0.005 -15"><span class='ocrx_word' id='word_1_334' title='bbox 1658 1321 1719 1357; x_wconf 90' lang='lat' dir='ltr'>ac</span> <span class='ocrx_word' id='word_1_335' title='bbox 1744 1307 1892 1358; x_wconf 87' lang='lat' dir='ltr'>bonis</span> <span class='ocrx_word' id='word_1_336' title='bbox 1915 1310 2085 1372; x_wconf 82' lang='lat' dir='ltr'>exuti,</span> <span class='ocrx_word' id='word_1_337' title='bbox 2108 1324 2266 1360; x_wconf 77' lang='lat' dir='ltr'>venas</span> <span class='ocrx_word' id='word_1_338' title='bbox 2303 1310 2399 1360; x_wconf 86' lang='lat' dir='ltr'>sibi</span> <span class='ocrx_word' id='word_1_339' title='bbox 2422 1310 2732 1362; x_wconf 83' lang='lat' dir='ltr'>inciderint.</span> 
     </span>
     <span class='ocr_line' id='line_1_66' title="bbox 1662 1385 2732 1452; baseline 0.003 -17"><span class='ocrx_word' id='word_1_340' title='bbox 1662 1416 1678 1435; x_wconf 85' lang='grc'><strong>.</strong></span> <span class='ocrx_word' id='word_1_341' title='bbox 1698 1415 1713 1432; x_wconf 92' lang='grc'><strong>.</strong></span> <span class='ocrx_word' id='word_1_342' title='bbox 1736 1415 1752 1432; x_wconf 90' lang='grc'><strong>.</strong></span> <span class='ocrx_word' id='word_1_343' title='bbox 1776 1385 1838 1434; x_wconf 84' lang='lat' dir='ltr'>ln</span> <span class='ocrx_word' id='word_1_344' title='bbox 1861 1385 2035 1436; x_wconf 84' lang='lat' dir='ltr'>Gallia</span> <span class='ocrx_word' id='word_1_345' title='bbox 2054 1401 2281 1452; x_wconf 87' lang='lat' dir='ltr'>quoque,</span> <span class='ocrx_word' id='word_1_346' title='bbox 2304 1398 2417 1437; x_wconf 87' lang='lat' dir='ltr'>cum</span> <span class='ocrx_word' id='word_1_347' title='bbox 2454 1388 2732 1438; x_wconf 88' lang='lat' dir='ltr'>damnata·</span> 
     </span>
     <span class='ocr_line' id='line_1_67' title="bbox 1658 1462 2729 1516; baseline 0.005 -6"><span class='ocrx_word' id='word_1_348' title='bbox 1658 1475 1772 1512; x_wconf 86' lang='lat' dir='ltr'>rum</span> <span class='ocrx_word' id='word_1_349' title='bbox 1816 1477 2049 1513; x_wconf 88' lang='lat' dir='ltr'>sororum</span> <span class='ocrx_word' id='word_1_350' title='bbox 2094 1462 2401 1515; x_wconf 83' lang='lat' dir='ltr'>ornamenta</span> <span class='ocrx_word' id='word_1_351' title='bbox 2453 1466 2729 1516; x_wconf 84' lang='lat' dir='ltr'>immensis</span> 
     </span>
     <span class='ocr_line' id='line_1_68' title="bbox 1660 1538 2733 1608; baseline 0.004 -21"><span class='ocrx_word' id='word_1_352' title='bbox 1660 1539 1844 1602; x_wconf 84' lang='lat' dir='ltr'>pretiis</span> <span class='ocrx_word' id='word_1_353' title='bbox 1882 1538 2238 1603; x_wconf 68' lang='lat' dir='ltr'>vendidissetg</span> <span class='ocrx_word' id='word_1_354' title='bbox 2271 1540 2526 1592; x_wconf 80' lang='lat' dir='ltr'>invitatus</span> <span class='ocrx_word' id='word_1_355' title='bbox 2558 1542 2733 1608; x_wconf 83' lang='lat' dir='ltr'>lucro,</span> 
     </span>
     <span class='ocr_line' id='line_1_69' title="bbox 1657 1614 2731 1681; baseline 0.006 -17"><span class='ocrx_word' id='word_1_356' title='bbox 1657 1614 1908 1681; x_wconf 87' lang='lat' dir='ltr'>quidquid</span> <span class='ocrx_word' id='word_1_357' title='bbox 1952 1617 2283 1667; x_wconf 86' lang='lat' dir='ltr'>instrumenti</span> <span class='ocrx_word' id='word_1_358' title='bbox 2339 1618 2535 1668; x_wconf 77' lang='lat' dir='ltr'>veteris</span> <span class='ocrx_word' id='word_1_359' title='bbox 2592 1618 2731 1670; x_wconf 73' lang='lat' dir='ltr'>aul·</span> 
     </span>
     <span class='ocr_line' id='line_1_70' title="bbox 1659 1692 2733 1759; baseline 0.001 -17"><span class='ocrx_word' id='word_1_360' title='bbox 1659 1698 1793 1749; x_wconf 87' lang='lat' dir='ltr'>erat,</span> <span class='ocrx_word' id='word_1_361' title='bbox 1817 1693 1887 1744; x_wconf 90' lang='lat' dir='ltr'>ab</span> <span class='ocrx_word' id='word_1_362' title='bbox 1909 1693 2040 1744; x_wconf 90' lang='lat' dir='ltr'>urbe</span> <span class='ocrx_word' id='word_1_363' title='bbox 2060 1692 2314 1759; x_wconf 65' lang='lat' dir='ltr'>repetiit!</span> <span class='ocrx_word' id='word_1_364' title='bbox 2379 1694 2539 1745; x_wconf 82' lang='lat' dir='ltr'>Hunc</span> <span class='ocrx_word' id='word_1_365' title='bbox 2562 1692 2733 1759; x_wconf 49' lang='lat' dir='ltr'>pessi*-</span> 
     </span>
     <span class='ocr_line' id='line_1_71' title="bbox 1657 1771 2729 1834; baseline 0.003 -16"><span class='ocrx_word' id='word_1_366' title='bbox 1657 1783 1795 1819; x_wconf 90' lang='lat' dir='ltr'>mum</span> <span class='ocrx_word' id='word_1_367' title='bbox 1838 1784 2034 1819; x_wconf 82' lang='lat' dir='ltr'>morem</span> <span class='ocrx_word' id='word_1_368' title='bbox 2077 1771 2390 1834; x_wconf 85' lang='lat' dir='ltr'>perstrinxit</span> <span class='ocrx_word' id='word_1_369' title='bbox 2419 1772 2582 1821; x_wconf 87' lang='lat' dir='ltr'>etiam</span> <span class='ocrx_word' id='word_1_370' title='bbox 2621 1771 2729 1821; x_wconf 88' lang='lat' dir='ltr'>Pe·</span> 
     </span>
     <span class='ocr_line' id='line_1_72' title="bbox 1658 1847 2732 1912; baseline 0.002 -16"><span class='ocrx_word' id='word_1_371' title='bbox 1658 1852 1794 1898; x_wconf 90' lang='lat' dir='ltr'>tron.</span> <span class='ocrx_word' id='word_1_372' title='bbox 1810 1848 1923 1896; x_wconf 83' lang='lat' dir='ltr'>Sat.</span> <span class='ocrx_word' id='word_1_373' title='bbox 1944 1863 1992 1897; x_wconf 89' lang='lat' dir='ltr'>c.</span> <span class='ocrx_word' id='word_1_374' title='bbox 2011 1851 2093 1897; x_wconf 77' lang='grc'>39.</span> <span class='ocrx_word' id='word_1_375' title='bbox 2110 1862 2225 1898; x_wconf 89' lang='lat' dir='ltr'>cum</span> <span class='ocrx_word' id='word_1_376' title='bbox 2242 1847 2521 1912; x_wconf 86' lang='lat' dir='ltr'>locupletis</span> <span class='ocrx_word' id='word_1_377' title='bbox 2541 1847 2732 1898; x_wconf 82' lang='lat' dir='ltr'>liberti</span> 
     </span>
     <span class='ocr_line' id='line_1_73' title="bbox 1658 1924 2731 1989; baseline -0.001 -14"><span class='ocrx_word' id='word_1_378' title='bbox 1658 1925 2093 1989; x_wconf 84' lang='lat' dir='ltr'>proscriptionem</span> <span class='ocrx_word' id='word_1_379' title='bbox 2148 1930 2537 1974; x_wconf 86' lang='lat' dir='ltr'>commemorat.</span> <span class='ocrx_word' id='word_1_380' title='bbox 2604 1924 2731 1974; x_wconf 88' lang='lat' dir='ltr'>‘In-</span> 
     </span>
     <span class='ocr_line' id='line_1_74' title="bbox 1656 2000 2731 2067; baseline -0.002 -14"><span class='ocrx_word' id='word_1_381' title='bbox 1656 2001 1902 2059; x_wconf 83' lang='lat' dir='ltr'>clinatis,’</span> <span class='ocrx_word' id='word_1_382' title='bbox 1932 2001 2116 2067; x_wconf 90' lang='lat' dir='ltr'>inquit,</span> <span class='ocrx_word' id='word_1_383' title='bbox 2151 2007 2168 2031; x_wconf 80' lang='lat'><strong><em>⁴</em></strong></span> <span class='ocrx_word' id='word_1_384' title='bbox 2189 2000 2346 2051; x_wconf 90' lang='lat' dir='ltr'>rebus</span> <span class='ocrx_word' id='word_1_385' title='bbox 2384 2001 2509 2063; x_wconf 90' lang='lat' dir='ltr'>suis,</span> <span class='ocrx_word' id='word_1_386' title='bbox 2532 2001 2634 2050; x_wconf 88' lang='lat' dir='ltr'>boc</span> <span class='ocrx_word' id='word_1_387' title='bbox 2662 2001 2731 2051; x_wconf 86' lang='lat' dir='ltr'>ti-</span> 
     </span>
     <span class='ocr_line' id='line_1_75' title="bbox 1657 2075 2729 2142; baseline -0.003 -13"><span class='ocrx_word' id='word_1_388' title='bbox 1657 2079 1767 2129; x_wconf 89' lang='lat' dir='ltr'>tulo</span> <span class='ocrx_word' id='word_1_389' title='bbox 1808 2079 2108 2129; x_wconf 88' lang='lat' dir='ltr'>auctionem</span> <span class='ocrx_word' id='word_1_390' title='bbox 2143 2075 2484 2142; x_wconf 81' lang='lat' dir='ltr'>proscripsit:</span> <span class='ocrx_word' id='word_1_391' title='bbox 2535 2082 2729 2127; x_wconf 78' lang='lat' dir='ltr'>1&#39;vmvs</span> 
     </span>
     <span class='ocr_line' id='line_1_76' title="bbox 1657 2167 2730 2207; baseline -0.004 0"><span class='ocrx_word' id='word_1_392' title='bbox 1657 2170 1958 2207; x_wconf 68' lang='lat' dir='ltr'>Pnocvnvs.</span> <span class='ocrx_word' id='word_1_393' title='bbox 1993 2167 2341 2206; x_wconf 68' lang='lat' dir='ltr'>averrentem.</span> <span class='ocrx_word' id='word_1_394' title='bbox 2374 2167 2596 2205; x_wconf 70' lang='lat' dir='ltr'>norm.</span> <span class='ocrx_word' id='word_1_395' title='bbox 2628 2167 2730 2204; x_wconf 70' lang='lat' dir='ltr'>ms-</span> 
     </span>
     <span class='ocr_line' id='line_1_77' title="bbox 1658 2230 2732 2297; baseline -0.002 -13"><span class='ocrx_word' id='word_1_396' title='bbox 1658 2247 1800 2284; x_wconf 75' lang='lat' dir='ltr'>nvss.</span> <span class='ocrx_word' id='word_1_397' title='bbox 1836 2230 2321 2284; x_wconf 61' lang='lat' dir='ltr'>svpnnrnvanvan&#39;</span> <span class='ocrx_word' id='word_1_398' title='bbox 2366 2231 2450 2281; x_wconf 85' lang='lat' dir='ltr'>Ad</span> <span class='ocrx_word' id='word_1_399' title='bbox 2471 2247 2627 2297; x_wconf 90' lang='lat' dir='ltr'>quem</span> <span class='ocrx_word' id='word_1_400' title='bbox 2652 2234 2732 2282; x_wconf 86' lang='lat' dir='ltr'>lo·</span> 
     </span>
     <span class='ocr_line' id='line_1_78' title="bbox 1657 2304 2728 2374; baseline -0.002 -14"><span class='ocrx_word' id='word_1_401' title='bbox 1657 2326 1774 2360; x_wconf 89' lang='lat' dir='ltr'>cum</span> <span class='ocrx_word' id='word_1_402' title='bbox 1800 2310 2154 2374; x_wconf 76' lang='lat' dir='ltr'>Burmannus,</span> <span class='ocrx_word' id='word_1_403' title='bbox 2179 2309 2244 2358; x_wconf 91' lang='lat' dir='ltr'>de</span> <span class='ocrx_word' id='word_1_404' title='bbox 2271 2322 2327 2357; x_wconf 91' lang='lat' dir='ltr'>re</span> <span class='ocrx_word' id='word_1_405' title='bbox 2349 2304 2585 2357; x_wconf 84' lang='lat' dir='ltr'>literaria</span> <span class='ocrx_word' id='word_1_406' title='bbox 2614 2312 2728 2358; x_wconf 85' lang='lat' dir='ltr'>me‘-</span> 
     </span>
     <span class='ocr_line' id='line_1_79' title="bbox 1658 2382 2729 2450; baseline -0.001 -13"><span class='ocrx_word' id='word_1_407' title='bbox 1658 2387 1951 2444; x_wconf 89' lang='lat' dir='ltr'>ritissimus,</span> <span class='ocrx_word' id='word_1_408' title='bbox 1974 2387 2036 2436; x_wconf 78' lang='grc' dir='ltr'>ὡς</span> <span class='ocrx_word' id='word_1_409' title='bbox 2069 2388 2122 2436; x_wconf 73' lang='grc' dir='ltr'>ἐν</span> <span class='ocrx_word' id='word_1_410' title='bbox 2139 2384 2330 2450; x_wconf 69' lang='grc' dir='ltr'><strong><em>παρόδῳ</em></strong></span> <span class='ocrx_word' id='word_1_411' title='bbox 2348 2385 2640 2448; x_wconf 80' lang='lat' dir='ltr'>annotavit,</span> <span class='ocrx_word' id='word_1_412' title='bbox 2673 2382 2729 2436; x_wconf 77' lang='lat' dir='ltr'>in</span> 
     </span>
     <span class='ocr_line' id='line_1_80' title="bbox 1657 2462 2729 2528; baseline 0.001 -17"><span class='ocrx_word' id='word_1_413' title='bbox 1657 2462 1755 2514; x_wconf 82' lang='lat' dir='ltr'>hoc</span> <span class='ocrx_word' id='word_1_414' title='bbox 1780 2464 1940 2515; x_wconf 91' lang='lat' dir='ltr'>Plinii</span> <span class='ocrx_word' id='word_1_415' title='bbox 1967 2464 2131 2513; x_wconf 88' lang='lat' dir='ltr'>nostri</span> <span class='ocrx_word' id='word_1_416' title='bbox 2155 2465 2293 2521; x_wconf 87' lang='lat' dir='ltr'>loco,</span> <span class='ocrx_word' id='word_1_417' title='bbox 2315 2477 2371 2512; x_wconf 89' lang='lat' dir='ltr'>se</span> <span class='ocrx_word' id='word_1_418' title='bbox 2387 2477 2483 2528; x_wconf 91' lang='lat' dir='ltr'>per</span> <span class='ocrx_word' id='word_1_419' title='bbox 2498 2463 2729 2514; x_wconf 74' lang='lat' dir='ltr'>Coesaris</span> 
     </span>
     <span class='ocr_line' id='line_1_81' title="bbox 1657 2539 2732 2603; baseline 0.003 -15"><span class='ocrx_word' id='word_1_420' title='bbox 1657 2539 1949 2590; x_wconf 80' lang='lat' dir='ltr'>auctionem</span> <span class='ocrx_word' id='word_1_421' title='bbox 1983 2540 2274 2603; x_wconf 81' lang='lat' dir='ltr'>intelligere</span> <span class='ocrx_word' id='word_1_422' title='bbox 2296 2539 2590 2589; x_wconf 88' lang='lat' dir='ltr'>auctionem</span> <span class='ocrx_word' id='word_1_423' title='bbox 2614 2539 2732 2592; x_wconf 70' lang='lat' dir='ltr'>Cae·</span> 
     </span>
     <span class='ocr_line' id='line_1_82' title="bbox 1657 2615 2730 2680; baseline -0.003 -13"><span class='ocrx_word' id='word_1_424' title='bbox 1657 2617 1789 2668; x_wconf 88' lang='lat' dir='ltr'>saris</span> <span class='ocrx_word' id='word_1_425' title='bbox 1803 2617 2075 2680; x_wconf 58' lang='lat' dir='ltr'>Caligulas,</span> <span class='ocrx_word' id='word_1_426' title='bbox 2089 2631 2193 2666; x_wconf 88' lang='lat' dir='ltr'>non</span> <span class='ocrx_word' id='word_1_427' title='bbox 2213 2617 2260 2666; x_wconf 87' lang='lat' dir='ltr'>N</span> <span class='ocrx_word' id='word_1_428' title='bbox 2265 2615 2507 2678; x_wconf 74' lang='lat' dir='ltr'>ervae,uti</span> <span class='ocrx_word' id='word_1_429' title='bbox 2520 2615 2579 2666; x_wconf 83' lang='lat' dir='ltr'>Li</span> <span class='ocrx_word' id='word_1_430' title='bbox 2587 2615 2730 2680; x_wconf 88' lang='lat' dir='ltr'>psius</span> 
     </span>
     <span class='ocr_line' id='line_1_83' title="bbox 1658 2691 2731 2757; baseline -0.002 -14"><span class='ocrx_word' id='word_1_431' title='bbox 1658 2700 1715 2743; x_wconf 86' lang='lat' dir='ltr'>et</span> <span class='ocrx_word' id='word_1_432' title='bbox 1734 2693 2073 2743; x_wconf 83' lang='lat' dir='ltr'>casaubonus</span> <span class='ocrx_word' id='word_1_433' title='bbox 2093 2694 2197 2743; x_wconf 88' lang='lat' dir='ltr'>sint</span> <span class='ocrx_word' id='word_1_434' title='bbox 2222 2692 2582 2757; x_wconf 88' lang='lat' dir='ltr'>interpretati.</span> <span class='ocrx_word' id='word_1_435' title='bbox 2628 2691 2731 2743; x_wconf 89' lang='lat' dir='ltr'>Cui</span> 
     </span>
     <span class='ocr_line' id='line_1_84' title="bbox 1659 2770 2731 2834; baseline -0.002 -14"><span class='ocrx_word' id='word_1_436' title='bbox 1659 2770 1940 2820; x_wconf 78' lang='lat' dir='ltr'>sententiae</span> <span class='ocrx_word' id='word_1_437' title='bbox 1981 2770 2386 2820; x_wconf 83' lang='lat' dir='ltr'>Burmannianae</span> <span class='ocrx_word' id='word_1_438' title='bbox 2425 2777 2484 2819; x_wconf 94' lang='lat' dir='ltr'>et</span> <span class='ocrx_word' id='word_1_439' title='bbox 2517 2783 2620 2834; x_wconf 81' lang='lat' dir='ltr'>ego</span> <span class='ocrx_word' id='word_1_440' title='bbox 2654 2770 2731 2818; x_wconf 88' lang='lat' dir='ltr'>la-</span> 
     </span>
     <span class='ocr_line' id='line_1_85' title="bbox 1655 2844 2731 2915; baseline 0 -17"><span class='ocrx_word' id='word_1_441' title='bbox 1655 2847 1786 2898; x_wconf 89' lang='lat' dir='ltr'>bens</span> <span class='ocrx_word' id='word_1_442' title='bbox 1798 2848 2011 2899; x_wconf 88' lang='lat' dir='ltr'>accedo.</span> <span class='ocrx_word' id='word_1_443' title='bbox 2040 2848 2211 2915; x_wconf 82' lang='lat' dir='ltr'>Certe</span> <span class='ocrx_word' id='word_1_444' title='bbox 2234 2848 2370 2898; x_wconf 89' lang='lat' dir='ltr'>enim</span> <span class='ocrx_word' id='word_1_445' title='bbox 2391 2844 2652 2897; x_wconf 79' lang='lat' dir='ltr'>‘avaritia</span> <span class='ocrx_word' id='word_1_446' title='bbox 2670 2847 2731 2898; x_wconf 90' lang='lat' dir='ltr'>il-</span> 
     </span>
     <span class='ocr_line' id='line_1_86' title="bbox 1656 2923 2730 2988; baseline 0.001 -16"><span class='ocrx_word' id='word_1_447' title='bbox 1656 2924 1755 2973; x_wconf 89' lang='lat' dir='ltr'>lius</span> <span class='ocrx_word' id='word_1_448' title='bbox 1772 2923 1785 2945; x_wconf 88' lang='lat'>’</span> <span class='ocrx_word' id='word_1_449' title='bbox 1808 2925 2074 2988; x_wconf 88' lang='lat' dir='ltr'>respicere</span> <span class='ocrx_word' id='word_1_450' title='bbox 2098 2924 2308 2974; x_wconf 84' lang='lat' dir='ltr'>videtur</span> <span class='ocrx_word' id='word_1_451' title='bbox 2331 2923 2395 2973; x_wconf 88' lang='lat' dir='ltr'>ad</span> <span class='ocrx_word' id='word_1_452' title='bbox 2420 2936 2538 2973; x_wconf 90' lang='lat' dir='ltr'>eum</span> <span class='ocrx_word' id='word_1_453' title='bbox 2558 2923 2730 2988; x_wconf 90' lang='lat' dir='ltr'>ipsum</span> 
     </span>
     <span class='ocr_line' id='line_1_87' title="bbox 1658 2998 2732 3065; baseline 0.001 -14"><span class='ocrx_word' id='word_1_454' title='bbox 1658 3001 1938 3064; x_wconf 68' lang='lat' dir='ltr'>Cesarem,</span> <span class='ocrx_word' id='word_1_455' title='bbox 1957 3001 2102 3065; x_wconf 81' lang='lat' dir='ltr'>cnjus</span> <span class='ocrx_word' id='word_1_456' title='bbox 2122 3007 2139 3031; x_wconf 80' lang='lat'><strong><em>⁴</em></strong></span> <span class='ocrx_word' id='word_1_457' title='bbox 2155 3000 2328 3051; x_wconf 88' lang='lat' dir='ltr'>tabula</span> <span class='ocrx_word' id='word_1_458' title='bbox 2347 2998 2530 3065; x_wconf 69' lang='lat' dir='ltr'>ingens</span> <span class='ocrx_word' id='word_1_459' title='bbox 2554 3016 2732 3053; x_wconf 89' lang='lat' dir='ltr'>rerum</span> 
     </span>
     <span class='ocr_line' id='line_1_88' title="bbox 1657 3075 2737 3141; baseline 0.002 -16"><span class='ocrx_word' id='word_1_460' title='bbox 1657 3075 1951 3140; x_wconf 75' lang='lat' dir='ltr'>venalium,’</span> <span class='ocrx_word' id='word_1_461' title='bbox 1978 3077 2126 3141; x_wconf 89' lang='lat' dir='ltr'>quasi</span> <span class='ocrx_word' id='word_1_462' title='bbox 2154 3076 2206 3126; x_wconf 90' lang='lat' dir='ltr'>in</span> <span class='ocrx_word' id='word_1_463' title='bbox 2231 3079 2534 3127; x_wconf 87' lang='lat' dir='ltr'>memoriam</span> <span class='ocrx_word' id='word_1_464' title='bbox 2557 3078 2737 3127; x_wconf 86' lang='lat' dir='ltr'>detes·</span> 
     </span>
     <span class='ocr_line' id='line_1_89' title="bbox 1659 3150 2732 3218; baseline 0 -16"><span class='ocrx_word' id='word_1_465' title='bbox 1659 3153 1834 3202; x_wconf 79' lang='lat' dir='ltr'>tandae</span> <span class='ocrx_word' id='word_1_466' title='bbox 1881 3152 1995 3217; x_wconf 88' lang='lat' dir='ltr'>ejus</span> <span class='ocrx_word' id='word_1_467' title='bbox 2030 3153 2286 3216; x_wconf 65' lang='lat' dir='ltr'>avaritie,</span> <span class='ocrx_word' id='word_1_468' title='bbox 2308 3153 2474 3203; x_wconf 87' lang='lat' dir='ltr'>adbuc</span> <span class='ocrx_word' id='word_1_469' title='bbox 2509 3150 2732 3218; x_wconf 84' lang='lat' dir='ltr'>Trajani</span> 
     </span>
     <span class='ocr_line' id='line_1_90' title="bbox 1660 3226 2734 3292; baseline 0.003 -15"><span class='ocrx_word' id='word_1_470' title='bbox 1660 3237 1896 3292; x_wconf 85' lang='lat' dir='ltr'>tempore</span> <span class='ocrx_word' id='word_1_471' title='bbox 1918 3235 1934 3258; x_wconf 78' lang='lat'><em>⁴</em></span> <span class='ocrx_word' id='word_1_472' title='bbox 1950 3226 2278 3279; x_wconf 88' lang='lat' dir='ltr'>circumferri</span> <span class='ocrx_word' id='word_1_473' title='bbox 2295 3227 2312 3251; x_wconf 88' lang='lat'>&#39;</span> <span class='ocrx_word' id='word_1_474' title='bbox 2331 3228 2546 3280; x_wconf 87' lang='lat' dir='ltr'>dicitur.</span> <span class='ocrx_word' id='word_1_475' title='bbox 2592 3231 2734 3282; x_wconf 85' lang='lat' dir='ltr'>Call-</span> 
     </span>
     <span class='ocr_line' id='line_1_91' title="bbox 1658 3304 2734 3369; baseline 0.004 -15"><span class='ocrx_word' id='word_1_476' title='bbox 1658 3306 1780 3369; x_wconf 77' lang='lat' dir='ltr'>gula</span> <span class='ocrx_word' id='word_1_477' title='bbox 1835 3314 2007 3357; x_wconf 88' lang='lat' dir='ltr'>autem</span> <span class='ocrx_word' id='word_1_478' title='bbox 2062 3304 2332 3357; x_wconf 82' lang='lat' dir='ltr'>indefinite</span> <span class='ocrx_word' id='word_1_479' title='bbox 2378 3307 2462 3357; x_wconf 91' lang='lat' dir='ltr'>bic</span> <span class='ocrx_word' id='word_1_480' title='bbox 2515 3315 2734 3358; x_wconf 78' lang='lat' dir='ltr'>vocatur</span> 
     </span>
     <span class='ocr_line' id='line_1_92' title="bbox 1659 3378 2731 3448; baseline 0.003 -15"><span class='ocrx_word' id='word_1_481' title='bbox 1659 3384 1915 3445; x_wconf 73' lang='lat' dir='ltr'>‘Caesar3’</span> <span class='ocrx_word' id='word_1_482' title='bbox 1947 3384 2026 3434; x_wconf 90' lang='lat' dir='ltr'>uti</span> <span class='ocrx_word' id='word_1_483' title='bbox 2048 3397 2169 3433; x_wconf 86' lang='lat' dir='ltr'>mox</span> <span class='ocrx_word' id='word_1_484' title='bbox 2207 3383 2523 3448; x_wconf 82' lang='lat' dir='ltr'>‘princeps,’</span> <span class='ocrx_word' id='word_1_485' title='bbox 2558 3385 2613 3434; x_wconf 87' lang='lat' dir='ltr'>in</span> <span class='ocrx_word' id='word_1_486' title='bbox 2651 3378 2731 3436; x_wconf 69' lang='lat' dir='ltr'>bi&#39;s</span> 
     </span>
     <span class='ocr_line' id='line_1_93' title="bbox 1662 3454 2735 3523; baseline 0.002 -12"><span class='ocrx_word' id='word_1_487' title='bbox 1662 3461 1870 3511; x_wconf 78' lang='lat' dir='ltr'>verbis:</span> <span class='ocrx_word' id='word_1_488' title='bbox 1906 3460 2057 3510; x_wconf 89' lang='lat' dir='ltr'>‘cnm</span> <span class='ocrx_word' id='word_1_489' title='bbox 2094 3454 2323 3511; x_wconf 79' lang='lat' dir='ltr'>exitialis</span> <span class='ocrx_word' id='word_1_490' title='bbox 2356 3459 2495 3523; x_wconf 90' lang='lat' dir='ltr'>apud</span> <span class='ocrx_word' id='word_1_491' title='bbox 2538 3461 2735 3523; x_wconf 84' lang='lat' dir='ltr'>princi-</span> 
     </span>
     <span class='ocr_line' id='line_1_94' title="bbox 1661 3532 2737 3603; baseline 0 -14"><span class='ocrx_word' id='word_1_492' title='bbox 1661 3537 1823 3603; x_wconf 87' lang='lat' dir='ltr'>pem,’</span> <span class='ocrx_word' id='word_1_493' title='bbox 1839 3540 1940 3587; x_wconf 82' lang='lat' dir='ltr'>&amp;c.</span> <span class='ocrx_word' id='word_1_494' title='bbox 1963 3546 2120 3602; x_wconf 88' lang='lat' dir='ltr'>atque</span> <span class='ocrx_word' id='word_1_495' title='bbox 2137 3537 2217 3587; x_wconf 89' lang='lat' dir='ltr'>uti</span> <span class='ocrx_word' id='word_1_496' title='bbox 2233 3536 2437 3586; x_wconf 88' lang='lat' dir='ltr'>Plinius</span> <span class='ocrx_word' id='word_1_497' title='bbox 2456 3537 2622 3588; x_wconf 86' lang='lat' dir='ltr'>etiam</span> <span class='ocrx_word' id='word_1_498' title='bbox 2646 3532 2737 3589; x_wconf 82' lang='lat' dir='ltr'>ali-</span> 
     </span>
     <span class='ocr_line' id='line_1_95' title="bbox 1665 3613 2737 3682; baseline 0.001 -17"><span class='ocrx_word' id='word_1_499' title='bbox 1665 3616 1736 3673; x_wconf 88' lang='lat' dir='ltr'>bi,</span> <span class='ocrx_word' id='word_1_500' title='bbox 1775 3616 1819 3665; x_wconf 90' lang='lat' dir='ltr'>si</span> <span class='ocrx_word' id='word_1_501' title='bbox 1859 3614 1925 3664; x_wconf 90' lang='lat' dir='ltr'>de</span> <span class='ocrx_word' id='word_1_502' title='bbox 1967 3614 2115 3663; x_wconf 88' lang='lat' dir='ltr'>malis</span> <span class='ocrx_word' id='word_1_503' title='bbox 2149 3613 2446 3663; x_wconf 77' lang='lat' dir='ltr'>Caesaribus</span> <span class='ocrx_word' id='word_1_504' title='bbox 2480 3614 2737 3682; x_wconf 61' lang='lat' dir='ltr'>loquitur,</span> 
     </span>
     <span class='ocr_line' id='line_1_96' title="bbox 1664 3689 2737 3756; baseline 0.001 -14"><span class='ocrx_word' id='word_1_505' title='bbox 1664 3690 1934 3742; x_wconf 82' lang='lat' dir='ltr'>indefinite</span> <span class='ocrx_word' id='word_1_506' title='bbox 1977 3690 2187 3740; x_wconf 89' lang='lat' dir='ltr'>nomine</span> <span class='ocrx_word' id='word_1_507' title='bbox 2238 3689 2469 3753; x_wconf 62' lang='lat' dir='ltr'>,Caesaris</span> <span class='ocrx_word' id='word_1_508' title='bbox 2523 3692 2737 3756; x_wconf 84' lang='lat' dir='ltr'>utitur;</span> 
     </span>
     <span class='ocr_line' id='line_1_97' title="bbox 1662 3766 2734 3833; baseline 0.002 -14"><span class='ocrx_word' id='word_1_509' title='bbox 1662 3785 1714 3819; x_wconf 84' lang='lat' dir='ltr'>v.</span> <span class='ocrx_word' id='word_1_510' title='bbox 1742 3783 1791 3833; x_wconf 73' lang='lat' dir='ltr'>g.</span> <span class='ocrx_word' id='word_1_511' title='bbox 1817 3783 1935 3817; x_wconf 85' lang='lat' dir='ltr'>mox</span> <span class='ocrx_word' id='word_1_512' title='bbox 1967 3768 2020 3816; x_wconf 86' lang='lat' dir='ltr'>in</span> <span class='ocrx_word' id='word_1_513' title='bbox 2045 3769 2142 3818; x_wconf 85' lang='lat' dir='ltr'>boc</span> <span class='ocrx_word' id='word_1_514' title='bbox 2166 3766 2280 3831; x_wconf 88' lang='lat' dir='ltr'>ipso</span> <span class='ocrx_word' id='word_1_515' title='bbox 2302 3768 2509 3831; x_wconf 76' lang='lat' dir='ltr'>capite:</span> <span class='ocrx_word' id='word_1_516' title='bbox 2550 3770 2567 3799; x_wconf 78' lang='lat'><em>⁶</em></span> <span class='ocrx_word' id='word_1_517' title='bbox 2589 3769 2734 3820; x_wconf 88' lang='lat' dir='ltr'>Illud</span> 
     </span>
     <span class='ocr_line' id='line_1_98' title="bbox 1661 3844 2739 3915; baseline 0 -18"><span class='ocrx_word' id='word_1_518' title='bbox 1661 3861 1926 3912; x_wconf 86' lang='lat' dir='ltr'>nunquam</span> <span class='ocrx_word' id='word_1_519' title='bbox 1950 3844 2048 3894; x_wconf 91' lang='lat' dir='ltr'>nisi</span> <span class='ocrx_word' id='word_1_520' title='bbox 2075 3844 2302 3896; x_wconf 81' lang='lat' dir='ltr'>Caesaris</span> <span class='ocrx_word' id='word_1_521' title='bbox 2325 3844 2683 3897; x_wconf 87' lang='lat' dir='ltr'>suburbanum</span> <span class='ocrx_word' id='word_1_522' title='bbox 2702 3844 2739 3915; x_wconf 69' lang='grc' dir='ltr'>ς’</span> 
     </span>
     <span class='ocr_line' id='line_1_99' title="bbox 1662 3920 2737 3986; baseline -0.003 -10"><span class='ocrx_word' id='word_1_523' title='bbox 1662 3932 1718 3976; x_wconf 89' lang='lat' dir='ltr'>et</span> <span class='ocrx_word' id='word_1_524' title='bbox 1740 3937 1877 3974; x_wconf 67' lang='lat' dir='ltr'>Lxx.</span> <span class='ocrx_word' id='word_1_525' title='bbox 1897 3926 1949 3974; x_wconf 77' lang='lat'>6.</span> <span class='ocrx_word' id='word_1_526' title='bbox 1970 3920 2164 3971; x_wconf 83' lang='lat' dir='ltr'>‘Vides</span> <span class='ocrx_word' id='word_1_527' title='bbox 2188 3920 2323 3970; x_wconf 87' lang='lat' dir='ltr'>enim</span> <span class='ocrx_word' id='word_1_528' title='bbox 2340 3936 2356 3969; x_wconf 71' lang='grc' dir='ltr'><strong>ε</strong></span> <span class='ocrx_word' id='word_1_529' title='bbox 2392 3920 2583 3986; x_wconf 86' lang='lat' dir='ltr'>siquid</span> <span class='ocrx_word' id='word_1_530' title='bbox 2600 3922 2737 3973; x_wconf 87' lang='lat' dir='ltr'>bene</span> 
     </span>
     <span class='ocr_line' id='line_1_100' title="bbox 1659 3995 2737 4064; baseline 0 -14"><span class='ocrx_word' id='word_1_531' title='bbox 1659 4000 1857 4064; x_wconf 81' lang='lat' dir='ltr'>fecero,</span> <span class='ocrx_word' id='word_1_532' title='bbox 1890 3998 2093 4049; x_wconf 89' lang='lat' dir='ltr'>nesciet</span> <span class='ocrx_word' id='word_1_533' title='bbox 2129 3995 2346 4053; x_wconf 56' lang='lat' dir='ltr'>Cesar?</span> <span class='ocrx_word' id='word_1_534' title='bbox 2377 3999 2479 4047; x_wconf 64' lang='lat' dir='ltr'>dte.</span> <span class='ocrx_word' id='word_1_535' title='bbox 2548 3999 2601 4048; x_wconf 85' lang='lat' dir='ltr'>Si</span> <span class='ocrx_word' id='word_1_536' title='bbox 2626 4000 2737 4050; x_wconf 88' lang='lat' dir='ltr'>Pli-</span> 
     </span>
     <span class='ocr_line' id='line_1_101' title="bbox 1662 4073 2735 4140; baseline 0.001 -15"><span class='ocrx_word' id='word_1_537' title='bbox 1662 4077 1777 4126; x_wconf 87' lang='lat' dir='ltr'>nius</span> <span class='ocrx_word' id='word_1_538' title='bbox 1800 4076 1882 4124; x_wconf 89' lang='lat' dir='ltr'>bic</span> <span class='ocrx_word' id='word_1_539' title='bbox 1917 4073 2111 4123; x_wconf 77' lang='lat' dir='ltr'>Nervae</span> <span class='ocrx_word' id='word_1_540' title='bbox 2145 4073 2438 4127; x_wconf 75' lang='lat' dir='ltr'>auctionem</span> <span class='ocrx_word' id='word_1_541' title='bbox 2473 4073 2735 4140; x_wconf 88' lang='lat' dir='ltr'>indicare,</span> 
     </span>
    </p>
   </div>
   <div class='ocr_carea' id='block_1_8' title="bbox 1644 4148 2737 4212">
    <p class='ocr_par' dir='ltr' id='par_1_8' title="bbox 1644 4148 2737 4212">
     <span class='ocr_line' id='line_1_102' title="bbox 1644 4148 2737 4212; baseline 0 -8"><span class='ocrx_word' id='word_1_542' title='bbox 1644 4152 1722 4204; x_wconf 78' lang='lat' dir='ltr'>&#39;ac</span> <span class='ocrx_word' id='word_1_543' title='bbox 1766 4153 2001 4208; x_wconf 87' lang='lat' dir='ltr'>laudare,</span> <span class='ocrx_word' id='word_1_544' title='bbox 2049 4148 2316 4211; x_wconf 80' lang='lat' dir='ltr'>voluisset,</span> <span class='ocrx_word' id='word_1_545' title='bbox 2350 4148 2737 4212; x_wconf 81' lang='lat' dir='ltr'>significantius</span> 
     </span>
    </p>
   </div>
   <div class='ocr_carea' id='block_1_9' title="bbox 1660 4226 2735 4451">
    <p class='ocr_par' dir='ltr' id='par_1_9' title="bbox 1660 4226 2735 4451">
     <span class='ocr_line' id='line_1_103' title="bbox 1660 4226 2735 4296; baseline -0.004 -12"><span class='ocrx_word' id='word_1_546' title='bbox 1660 4231 1974 4296; x_wconf 84' lang='lat' dir='ltr'>scripsisset,</span> <span class='ocrx_word' id='word_1_547' title='bbox 1998 4227 2087 4278; x_wconf 78' lang='lat' dir='ltr'>sub</span> <span class='ocrx_word' id='word_1_548' title='bbox 2109 4226 2300 4277; x_wconf 75' lang='lat' dir='ltr'>nomine</span> <span class='ocrx_word' id='word_1_549' title='bbox 2313 4227 2476 4291; x_wconf 74' lang='lat' dir='ltr'>patris</span> <span class='ocrx_word' id='word_1_550' title='bbox 2496 4231 2576 4279; x_wconf 74' lang='lat' dir='ltr'>tui</span> <span class='ocrx_word' id='word_1_551' title='bbox 2597 4226 2735 4281; x_wconf 74' lang='lat' dir='ltr'>tubri-</span> 
     </span>
     <span class='ocr_line' id='line_1_104' title="bbox 1661 4305 2731 4383; baseline -0.003 -22"><span class='ocrx_word' id='word_1_552' title='bbox 1661 4312 1727 4374; x_wconf 81' lang='lat' dir='ltr'>la,</span> <span class='ocrx_word' id='word_1_553' title='bbox 1750 4313 1834 4373; x_wconf 64' lang='lat' dir='ltr'>asc.</span> <span class='ocrx_word' id='word_1_554' title='bbox 1895 4305 2099 4357; x_wconf 85' lang='lat' dir='ltr'>Tabula</span> <span class='ocrx_word' id='word_1_555' title='bbox 2126 4317 2250 4383; x_wconf 78' lang='lat' dir='ltr'>vero</span> <span class='ocrx_word' id='word_1_556' title='bbox 2273 4317 2445 4353; x_wconf 87' lang='lat' dir='ltr'>rerum</span> <span class='ocrx_word' id='word_1_557' title='bbox 2470 4307 2731 4359; x_wconf 81' lang='lat' dir='ltr'>venalium</span> 
     </span>
     <span class='ocr_line' id='line_1_105' title="bbox 1663 4376 2734 4451; baseline -0.003 -12"><span class='ocrx_word' id='word_1_558' title='bbox 1663 4387 1823 4440; x_wconf 90' lang='lat' dir='ltr'>etiam</span> <span class='ocrx_word' id='word_1_559' title='bbox 1848 4384 2062 4436; x_wconf 86' lang='lat' dir='ltr'>‘titulus</span> <span class='ocrx_word' id='word_1_560' title='bbox 2077 4381 2091 4403; x_wconf 92' lang='lat'>&#39;</span> <span class='ocrx_word' id='word_1_561' title='bbox 2123 4380 2374 4434; x_wconf 85' lang='lat' dir='ltr'>Petronio</span> <span class='ocrx_word' id='word_1_562' title='bbox 2395 4380 2620 4450; x_wconf 84' lang='lat' dir='ltr'>aliisque</span> <span class='ocrx_word' id='word_1_563' title='bbox 2642 4376 2734 4451; x_wconf 75' lang='lat' dir='ltr'>ap-</span> 
     </span>
    </p>
   </div>
   <div class='ocr_carea' id='block_1_10' title="bbox 2982 1908 2986 2837">
    <p class='ocr_par' dir='ltr' id='par_1_10' title="bbox 2982 1908 2986 2837">
     <span class='ocr_line' id='line_1_106' title="bbox 2982 1908 2986 2837; baseline 0 0"><span class='ocrx_word' id='word_1_564' title='bbox 2982 1908 2986 2837; x_wconf 95' lang='lat' dir='ltr'> </span> 
     </span>
    </p>
   </div>
  </div>
 </body>
</html>
