3017 4942
494 358 629 426 610

499 520 637 572 forte
652 519 942 571 excidisse:
976 518 1213 570 necdum
1237 517 1431 583 aliquid
1458 532 1566 567 mu-

499 606 614 649 tare
649 596 836 663 audeo,
874 604 1141 662 totamque
1183 597 1314 647 banc
1355 603 1564 646 senten-

498 675 623 725 tiam
648 674 723 725 sic
746 674 1086 725 ordinandam
1116 682 1275 739 atque
1298 674 1564 739 explicans

501 750 619 800 dam
660 751 931 801 existimo:
970 754 1072 814 Itu,
1107 752 1328 819 beneficio
1362 758 1567 815 tuo,nec

498 828 714 889 maligna
756 828 897 878 tellus
928 829 1031 877 visu
1071 833 1144 878 est
1159 844 1180 887 ‚·
1222 834 1271 878 et
1313 828 1568 891 obsequens
1605 887 1609 895 ἱ

504 904 657 954 Nilus
701 904 762 969 [i.
797 919 850 953 e.
891 906 1064 970 Nilus,
1109 920 1226 955 cum
1273 905 1567 968 obsequens

499 981 647 1049 suin]
673 985 887 1048 AEgypto
916 986 1105 1047 quidem
1136 998 1261 1048 soepe
1275 982 1434 1048 fluxit
1467 984 1566 1032 lar·

495 1062 626 1125 gior,
650 1076 868 1126 eamque
903 1061 1234 1123 fecundavit3
1267 1063 1365 1116 sed,
1388 1077 1453 1108 ex
1477 1074 1565 1109 eo·

498 1141 618 1191 dem
644 1139 892 1191 beneficio
916 1148 1028 1202 tuo,
1056 1140 1227 1203 gloria
1249 1144 1424 1189 nostrae
1443 1154 1563 1187 nun·

497 1234 638 1282 quam
653 1219 836 1280 largior
851 1216 1382 1281 benigniorquefluxit
1397 1232 1418 1275 ,·
1441 1216 1563 1265 dum

498 1311 689 1359 nempe
701 1296 1023 1345 occasionem
1039 1298 1412 1358 materiamque
1432 1308 1564 1357 prae·

498 1372 614 1423 buit
638 1373 814 1435 gloriae
848 1371 1055 1436 imperii
1092 1371 1310 1420 Romani
1343 1370 1562 1433 amplifi-

497 1449 696 1506 candae,
714 1452 807 1513 ita,
828 1457 886 1500 ut
905 1464 1027 1499 vere
1050 1449 1259 1510 gloriari
1285 1448 1561 1512 possimus,

496 1542 595 1578 nos
626 1527 817 1578 aluisse
841 1527 1141 1591 AEgyptum,
1163 1525 1299 1575 unde
1323 1526 1448 1574 alias
1472 1540 1558 1572 an·

495 1620 686 1658 nonam
714 1613 898 1670 petere
932 1604 1240 1654 solebamus.
1274 1601 1561 1657 Gesnerns,

495 1684 551 1732 in
576 1683 745 1733 altera
766 1682 1018 1745 editione,
1039 1682 1358 1744 obsequentem
1389 1679 1562 1727 Nilum

495 1759 554 1810 in
598 1767 801 1811 tantum
844 1758 1226 1821 interpretatur
1272 1754 1561 1819 obsequen·

497 1843 626 1899 tem,
669 1843 727 1885 ut
772 1836 982 1886 allatum
1026 1836 1193 1883 classe
1247 1830 1561 1894 frumentum

495 1912 718 1964 adverso
763 1925 912 1962 amne
955 1912 1018 1961 ad
1059 1912 1308 1961 interiora
1344 1910 1560 1975 AEgypti

496 1988 837 2055 perferatur,
865 1989 1085 2053 deinde,
1111 1995 1229 2052 post
1252 1987 1562 2037 vocabulum

496 2067 665 2131 Nilus,
707 2065 998 2131 perfectam
1045 2067 1220 2130 posuit
1256 2066 1561 2128 interpunc-

495 2143 725 2205 tionem3
773 2151 991 2208 propter
1035 2158 1191 2208 qnam
1231 2157 1358 2192 vero
1400 2143 1562 2191 inter-

495 2222 829 2285 punctionem
853 2222 1033 2271 ultima
1051 2222 1203 2285 liuJus
1227 2220 1416 2286 capitis
1449 2234 1562 2269 ver·

493 2300 565 2350 ba
613 2300 766 2352 nimis
817 2299 1036 2363 abrupte
1088 2296 1252 2348 fluere
1300 2296 1565 2347 videntur.

497 2378 633 2429 Qure
669 2373 941 2428 Arntzenii
974 2376 1042 2426 sit
1070 2374 1368 2425 emendatio
1402 2381 1562 2439 atque

495 2452 782 2516 explicatio
821 2452 972 2517 liujus
1017 2453 1137 2510 loci,
1181 2453 1346 2516 ipsius
1390 2450 1564 2500 verbis

492 2543 784 2592 exponant
827 2530 842 2558 ‘
869 2529 999 2579 Cum
1035 2529 1205 2579 locum
1241 2526 1448 2593 ipsum‚’
1485 2527 1563 2576 in·

494 2607 629 2671 quit,
672 2608 689 2633 ‘
717 2606 925 2670 penitus
975 2605 1318 2663 considerem,
1354 2605 1564 2656 videtur

491 2683 886 2740 rescribendum
909 2683 1145 2734 cumillis
1170 2682 1457 2746 codicibus,
1476 2697 1564 2732 nec

420 2759 424 2761 ’
490 2759 696 2823 benigna
713 2760 869 2817 tellus,
894 2768 1151 2810 utaensus
1175 2760 1270 2810 sita
1311 2759 1563 2811 Quamvis

489 2851 593 2894 nec
632 2838 854 2902 benigna
879 2835 1042 2892 fuerit
1082 2848 1239 2891 terra,
1276 2851 1374 2888 uec
1409 2838 1560 2886 obse·

492 2930 652 2980 quens
676 2915 831 2967 Nilus
855 2932 872 2975 3
904 2921 1078 2964 tamen
1098 2928 1355 2977 nunquam
1373 2914 1561 2976 glorio·

489 2992 598 3044 aior
610 2992 756 3041 nobis
768 2990 938 3048 fluxit,
954 3000 1009 3040 et
1026 2992 1122 3040 hoc
1143 2990 1348 3055 quidem
1370 2991 1560 3042 benefi-

491 3068 574 3118 cio
597 3069 792 3118 sactum
818 3075 928 3118 tuo.
998 3066 1169 3117 Acuta
1197 3068 1479 3125 sententia,
1505 3075 1564 3118 et

490 3160 615 3197 vere
662 3145 923 3209 Pliniana,
968 3146 1112 3210 q‘uasi
1164 3145 1309 3209 regio
1365 3146 1561 3196 sterili·

491 3227 622 3285 tate,
655 3229 712 3271 et
745 3222 899 3271 Nilus
933 3221 1290 3272 inobedientia
1323 3237 1434 3280 sua,
1471 3238 1562 3285 po-

492 3298 601 3362 puli
626 3298 839 3349 Romani
866 3299 1085 3362 gloriam
1110 3299 1375 3349 auxissent
1391 3316 1408 3362 ;
1442 3314 1561 3350 cum

492 3375 568 3428 ita
599 3374 796 3426 Coesari
818 3375 994 3426 oblata
1033 3383 1172 3428 esset
1208 3373 1433 3427 facultas
1468 3377 1561 3426 de·

469 3453 745 3511 ·clarandi‚
787 3462 982 3519 quanta
1016 3461 1073 3505 et
1118 3470 1269 3519 quam
1308 3462 1367 3506 ut
1405 3456 1560 3506 velox

496 3529 611 3593 ejus
667 3538 806 3582 esset
850 3533 1102 3595 potentia.
1170 3534 1308 3583 Nam
1362 3547 1418 3583 re
1473 3547 1561 3583 ve·

493 3621 552 3670 ra
578 3608 871 3675 obsequens
905 3610 1013 3661 dici
1045 3626 1146 3661 non
1178 3612 1353 3676 potnit
1390 3611 1561 3677 Nilus,

489 3700 606 3750 cum
628 3688 767 3738 solus
784 3688 1039 3752 Trajanus
1057 3689 1219 3753 copiis
1245 3690 1349 3739 suis
1367 3689 1560 3753 AEnyp·

491 3762 535 3824 ti
581 3765 848 3827 angustias
892 3765 1238 3816 sublevasset.
1327 3766 1559 3815 Dubiam

489 3838 722 3889 reddidit
757 3842 1073 3890 sententiam
1111 3842 1248 3905 quod
1285 3855 1389 3891 non
1417 3843 1559 3906 cogi-

488 3920 686 3979 tarent,
709 3917 762 3970 in
797 3923 863 3976 et,
898 3917 992 3968 ἀπὸ
1026 3920 1184 3969 κοινοῦ
1216 3921 1558 3982 repetendam

489 4008 605 4044 esse
650 3995 1000 4061 negationem,
1045 4012 1140 4061 pro
1182 4011 1280 4047 nec
1339 3997 1560 4059 benigna

491 4074 671 4130 tellus,
695 4088 794 4126 nec
817 4076 1110 4141 obsequens
1134 4076 1321 4127 Nilus.'
1387 4075 1560 4127 Affert

489 4149 680 4209 deinde
696 4152 840 4201 varia
863 4154 1124 4217 exempla,
1142 4154 1328 4219 quibus
1353 4154 1560 4219 probet,

489 4226 772 4289 particulas
794 4229 1091 4293 copulandi,
1114 4236 1130 4260 ‘
1152 4228 1244 4287 et,'
1269 4229 1286 4257 ‘
1310 4228 1409 4286 ac,'
1442 4233 1457 4259 ‘
1480 4238 1558 4281 ατο

490 4302 631 4368 que,’
670 4318 810 4370 saepe
844 4319 945 4358 non
979 4306 1289 4371 simpliciter
1325 4320 1441 4358 esse
1478 4307 1554 4357 in·

1191 371 1410 423 1⁴01·AE
1465 369 1869 419 vammum
1914 367 2000 417 IN

1642 512 2032 580 terpretandas‚
2069 512 2183 572 aad,
2219 526 2376 565 sensu
2420 510 2705 577 pendente,

1638 606 1755 643 cum
1794 591 2132 656 praecedente
2168 592 2426 657 particula
2457 589 2707 656 negandi,

1637 669 1654 699 ⁶
1681 668 1818 732 non‚'
1855 670 2261 734 conjungendas.
2328 670 2543 733 Verum,
2585 683 2705 720 sen-

1640 748 1804 797 tentia
1828 748 2036 813 quidem
2053 749 2161 798 ltaee
2185 762 2308 798 vere
2330 753 2412 798 est
2437 748 2701 799 Pliniana:

1640 833 1693 873 at
1717 825 1921 889 eadem,
1938 826 2036 876 nisi
2055 828 2393 876 vehementer
2414 825 2587 890 fallor,
2612 827 2707 875 ali-

1640 910 1888 965 quantum
1934 904 2179 968 liquidior
2219 901 2334 953 fluit
2378 917 2441 953 ex
2487 904 2704 967 vulgata

1641 980 1885 1045 lectione,
1928 987 1983 1030 et
2021 988 2201 1031 nostra
2246 981 2703 1045 interpretatione.

1643 1057 1821 1106 Lectio
1845 1058 1952 1115 illa,
1968 1072 2052 1108 nec
2074 1059 2295 1122 benigna,
2317 1072 2410 1122 pro
2428 1074 2512 1109 nec
2529 1059 2704 1123 malig-

1639 1146 1738 1191 na‚·
1794 1134 1919 1185 item
1971 1143 2028 1184 et
2072 1136 2442 1200 interpretatio
2491 1137 2700 1199 copula

1636 1216 1686 1260 et
1722 1216 1856 1275 pro‘
1880 1212 2090 1278 neque,'
2110 1214 2288 1264 neseio
2321 1214 2442 1279 quid
2467 1214 2701 1264 obscuri-

1643 1290 1767 1338 tatis
1823 1290 1942 1340 huic
2006 1291 2121 1341 loco
2177 1290 2372 1342 inferre
2427 1292 2702 1343 videntur:

1638 1365 1873 1429 quamvis
1916 1367 2312 1433 haudquaquam
2358 1382 2563 1433 negem,
2611 1369 2701 1418 ali-

1638 1442 1847 1506 quando
1886 1458 2091 1494 sensum
2133 1446 2275 1496 illum
2322 1447 2547 1511 negandi
2593 1462 2702 1498 sus·

1639 1532 1855 1582 pensum
1895 1526 2038 1571 recte
2082 1522 2249 1572 locum
2289 1523 2485 1574 habere
2530 1538 2703 1587 posse.

1639 1595 1855 1657 Adhaee,
1891 1598 1932 1645 si
1965 1598 2045 1647 vel
2078 1600 2303 1648 maxime
2341 1614 2571 1649 assumas
2602 1600 2702 1650 ista

1638 1672 1817 1730 verba,
1843 1675 2075 1730 Quamvis
2094 1690 2180 1725 nec
2211 1676 2589 1740 benignasuerit
2616 1679 2703 1728 tel·

1637 1750 1745 1809 lus5
1778 1766 1962 1801 manca
1985 1760 2158 1803 tamen
2194 1755 2296 1805 erit
2318 1759 2427 1805 baee
2465 1757 2701 1820 proposi·

1637 1826 1732 1883 tio,
1755 1841 1872 1876 eum
1895 1843 1998 1878 non
2032 1830 2239 1890 habeat,
2258 1831 2322 1881 ad
2350 1847 2501 1897 qnam
2530 1832 2702 1883 ἀπόδο-

1636 1919 1715 1953 σιν
1734 1903 2028 1968 referatur3
2062 1918 2235 1972 neque
2265 1909 2401 1958 enim
2430 1909 2703 1960 commode

1639 1989 1816 2043 potest
1862 1983 1996 2031 trabi
2041 1983 2108 2032 ad
2155 1985 2262 2042 illa,
2309 1986 2496 2047 largior
2524 1986 2704 2051 fluxit,

1637 2072 1750 2121 qnae
1775 2059 1947 2122 potius
1968 2060 2033 2110 ad
2061 2061 2237 2112 Nilum
2261 2065 2547 2126 pertinent.
2591 2065 2701 2115 De·

1638 2136 1814 2201 nique,
1829 2136 1905 2186 sic
1923 2137 2001 2186 vir
2015 2136 2200 2190 doctus
2216 2139 2372 2203 plane
2388 2144 2699 2205 praetermit·

1639 2213 1706 2262 tit
1727 2214 2033 2264 intermedia
2056 2211 2233 2281 verba,
2263 2219 2477 2283 AEgypto
2511 2220 2702 2283 quidem

1635 2305 1788 2354 soepe3
1807 2305 1978 2357 neque
2002 2294 2251 2364 ostendit,
2273 2309 2377 2359 quo
2400 2310 2465 2344 ea
2488 2297 2597 2347 sint
2617 2309 2702 2348 re·

1635 2365 1876 2418 ferenda.
1938 2370 2038 2420 Vix
2083 2372 2221 2422 enim
2267 2373 2370 2423 ista
2413 2374 2704 2437 collatrent,

1636 2458 1721 2495 nec
1748 2445 2002 2509 obsequens
2060 2448 2206 2498 Nilus
2247 2451 2461 2514 AEgyplo
2514 2451 2705 2515 quidem

1635 2537 1761 2587 ωερε
1771 2522 1951 2587 fluxit,
1972 2528 2056 2589 ξε.
2089 2523 2355 2578 Schwarz.

1702 2601 1838 2651 CAP.
1864 2615 2054 2652 xxxu.
2076 2604 2234 2659 Quum
2253 2603 2402 2668 nunc]
2422 2604 2488 2654 In
2513 2603 2701 2657 codice

1638 2677 1890 2728 Vaticano
1923 2683 2073 2729 3461.
2107 2682 2231 2731 item
2257 2684 2309 2730 in
2332 2682 2626 2733 Parisiensi
2649 2690 2703 2732 et

1637 2754 2126 2819 Guelpberbytano,
2158 2772 2255 2821 pro
2296 2758 2472 2820 Quam,
2511 2759 2701 2810 vitiose

1637 2834 1890 2897 scriptum
1914 2842 1997 2885 est
2021 2836 2278 2892 Quoniam.
2344 2836 2498 2887 Quod
2521 2838 2700 2889 vitium

1640 2926 1707 2961 ex
1743 2913 2054 2977 compendio
2090 2916 2364 2981 scripturae
2399 2916 2495 2972 Qm
2525 2924 2700 2968 ortum

1637 2997 1783 3054 puto.
1819 2990 1971 3041 Idem.

1704 3068 1766 3117 Ia
1785 3068 1941 3133 fidem
1980 3074 2192 3120 nostram
2232 3069 2577 3135 ditionemque]
2616 3070 2703 3121 Ita

1637 3146 1815 3208 populi
1840 3145 1962 3195 vieti
1992 3146 2300 3197 dicebantur
2328 3162 2385 3197 se
2409 3147 2622 3197 tradere
2645 3154 2702 3198 et

1637 3221 1947 3285 permittere
1967 3225 2018 3274 iu
2041 3224 2216 3288 tidem,
2240 3226 2291 3273 h.
2313 3239 2359 3275 e.
2390 3225 2442 3274 in
2477 3227 2699 3276 tutelam

1636 3303 1693 3348 et
1714 3300 2019 3351 societatem
2040 3302 2272 3351 victoris.
2340 3302 2555 3352 Sallust.
2578 3302 2702 3365 Jug.

1636 3391 1755 3442 cap.
1788 3382 1872 3429 62.
1910 3385 1923 3408 ⁸
1947 3381 2258 3444 ,Iugurtham
2293 3380 2404 3429 sine
2434 3380 2541 3430 nlla
2580 3391 2699 3444 pac-⁴

1637 3456 1778 3507 tione
1802 3471 1918 3506 sese
1954 3472 2268 3523 regnumque
2291 3472 2436 3507 sunm
2461 3458 2512 3508 in
2537 3459 2699 3523 impe·

1637 3536 1823 3585 tatoris
1866 3535 2018 3585 Rom.
2073 3535 2226 3586 fidem
2277 3534 2525 3588 tradere.’
2593 3537 2697 3587 Sed

1636 3611 1794 3661 etiam
1833 3611 2164 3674 dicebantur,
2186 3613 2201 3641 ‘
2228 3612 2388 3677 recipi
2418 3613 2471 3662 in
2508 3612 2701 3663 fidem-⁹

1637 3688 1750 3738 Cic.
1778 3686 1890 3739 off.
1914 3703 1951 3739 1.
1974 3693 2058 3738 11.
2092 3689 2107 3715 ‘
2134 3690 2205 3738 Ut
2227 3689 2281 3746 ii,
2318 3690 2403 3754 qui
2438 3688 2701 3744 civitates,

1635 3773 1724 3815 aut
1747 3766 2000 3825 nationes,
2026 3767 2259 3816 devictas
2285 3766 2440 3822 bello,
2465 3766 2517 3815 in
2542 3766 2699 3816 fidem

1635 3841 1982 3907 recepissent,
2023 3858 2198 3892 earnm
2247 3844 2452 3908 patroni
2508 3851 2736 3906 essent,-

1636 3933 1780 3968 more
1804 3918 2088 3983 majorum-⁹
2125 3921 2316 3970 Durius
2340 3925 2456 3969 erat
2479 3926 2496 3950 ‘
2521 3921 2698 3971 venite

1635 3995 1687 4044 in
1720 3995 1967 4045 ditionem
2005 3994 2256 4060 alicujus,'
2277 3997 2320 4046 i.
2353 4011 2401 4046 e.
2443 3998 2700 4060 potestati

1635 4078 1691 4123 et
1742 4073 1961 4136 imperio
2003 4075 2119 4138 ejus
2161 4071 2368 4138 subjici.
2434 4074 2697 4140 Pompon.

1635 4150 1703 4202 de
1759 4150 1914 4215 Orig.
1959 4149 2126 4215 Juris,
2172 4164 2237 4201 11.
2279 4155 2362 4201 32.
2413 4145 2702 4203 ‘Totidem'

1633 4234 1903 4293 praetores,
1925 4237 2050 4295 quot
2070 4228 2350 4294 provincias
2369 4227 2422 4278 in
2444 4228 2696 4279 ditionem

1632 4315 1903 4364 venerant,
1941 4307 2107 4358 creati
2144 4304 2300 4357 sunt.'
2362 4304 2509 4357 Ditio
2554 4319 2697 4370 vero,
