3017 4942
695 433 758 481 c.
808 430 1051 482 unum
1099 431 1433 484 saeuum
1481 437 1754 488 Panae.
1827 441 1881 489 ι.
1907 425 2018 491 64.

284 578 352 630 te,
385 584 576 623 summe
607 574 837 640 Jupiter,
873 592 1070 642 qnoeso,
1106 577 1323 644 Amphi-

284 652 441 702 truoni
464 658 521 700 ut
543 667 750 715 semper
770 655 934 702 iratus
959 654 1098 704 sies.’
1162 653 1321 718 Apud

283 728 387 776 Liv.
418 742 455 776 ι.
485 732 570 778 24.
611 736 628 759 ⁶
649 729 703 778 Si
738 729 802 778 Ρ.
837 730 899 778 R.
943 730 1084 794 prior
1120 731 1324 781 defexit

283 804 481 866 publico
510 807 746 870 consilio,
780 805 901 855 dolo
937 807 1103 868 malo;
1141 815 1196 857 tu
1231 808 1322 858 illo

280 881 372 937 die,
392 881 613 945 Jupiter,
650 883 894 946 populum
929 884 1212 933 Romanum
1246 885 1321 934 sic

279 955 436 1016 ferito,
461 964 516 1005 ut
539 973 636 1021 ego
667 959 802 1007 bunc
834 973 1041 1021 porcum
1064 952 1147 1009 hic
1168 960 1321 1010 hodie

275 1029 464 1094 feriam,
492 1041 741 1097 tantoque
771 1036 936 1097 magis
963 1032 1137 1096 ferito,
1161 1051 1322 1101 quan·

276 1116 329 1157 to
367 1110 526 1172 magis
577 1117 743 1174 potes,
790 1110 1097 1176 pollesque.’
1160 1112 1319 1178 Apud

274 1184 417 1236 enn'd.
440 1199 567 1236 1¹1.
585 1190 669 1236 4⁵.
702 1187 719 1214 ‘
744 1187 947 1249 Agnum
985 1189 1114 1237 loeva
1148 1204 1321 1255 manu,

274 1259 481 1311 dextera
512 1262 729 1319 silicem,
754 1264 1003 1319 retinens.
1027 1264 1070 1312 si
1093 1263 1322 1328 falleret,

271 1336 467 1399 Jovem,
483 1346 791 1404 ceterosque
807 1346 1049 1403 precatus
1063 1340 1228 1403 Deos,
1243 1341 1322 1393 ita

272 1427 323 1461 se
339 1422 643 1470 mactarent,
657 1414 1088 1480 quemadmodum
1104 1416 1214 1478 ipse
1234 1426 1322 1480 ag·-

270 1502 381 1539 num
403 1498 703 1541 mactasset.
747 1490 1043 1542 Secundum
1064 1495 1321 1556 precatio-

271 1580 378 1617 nem
396 1577 557 1633 caput
577 1568 790 1632 pecudis
812 1564 936 1618 saxo
970 1569 1146 1620 elisit.’
1181 1571 1320 1622 Vide

270 1643 415 1695 Grot.
452 1645 519 1695 de
554 1646 686 1698 Jure
725 1646 792 1695 B.
829 1654 884 1695 et
920 1647 985 1695 P.
1022 1660 1088 1697 11.
1125 1651 1205 1698 18.
1241 1652 1322 1698 10.

270 1720 517 1772 Quoniam
552 1722 713 1786 igitur
743 1721 897 1772 homo
931 1723 1148 1774 violator
1159 1724 1321 1789 juris-

260 1796 465 1859 jurandi
487 1797 844 1848 devovebatnr
868 1800 982 1849 Deo
1005 1800 1071 1849 ad
1096 1814 1321 1871 paenam,

265 1874 304 1921 is
337 1873 551 1924 ‘sacer’
583 1874 890 1935 habebatur,
923 1886 981 1927 nt
1018 1882 1035 1905 ⁶
1054 1877 1204 1941 cujus
1231 1894 1318 1928 ca-

267 1955 354 2012 put
370 1950 491 2002 Jovi
517 1965 722 2001 sacrum
744 1953 915 2002 esset.’
983 1954 1098 2003 Liv.
1121 1969 1211 2004 111.
1235 1961 1317 2006 55.

264 2025 394 2076 Sie‘
413 2029 612 2078 sacrari
629 2029 645 2051 ’
678 2034 733 2079 et
766 2037 782 2060 ‘
801 2033 1096 2081 consecrari
1112 2030 1127 2053 ’
1151 2033 1239 2082 iras
1264 2040 1319 2083 et

266 2118 424 2166 poenae
461 2106 651 2156 divine
689 2107 999 2159 dicebantur
1034 2110 1189 2159 etiam
1230 2111 1318 2160 alii

264 2179 506 2247 homines,
530 2183 739 2247 publice
761 2185 922 2234 noxii.
988 2186 1103 2236 Liv.
1125 2199 1211 2237 ιιι.
1232 2191 1320 2238 48.

264 2257 402 2315 “Tess
424 2259 598 2325 inquit
619 2261 908 2324 Virginius,
931 2263 948 2290 ‘
969 2260 1129 2326 Appi,
1150 2269 1316 2313 tuum·

263 2348 356 2398 que
390 2345 571 2402 caput,
610 2338 857 2403 sanguine
883 2339 992 2388 -boc
1036 2340 1319 2391 consecro.’

264 2410 404 2463 Idem
429 2426 492 2463 ιι.
514 2419 565 2464 8.
598 2413 614 2441 ‘
637 2413 775 2464 Ante
812 2430 989 2465 omnes
1029 2417 1094 2466 de
1132 2431 1318 2481 provo-

263 2489 456 2541 catione
492 2492 742 2541 adversus
774 2493 1106 2556 magistratus
1132 2495 1204 2543 ad·
1224 2509 1317 2559 po-

261 2566 448 2628 pulum,
486 2569 846 2633 sacrandoque
887 2583 1004 2619 cum
1044 2571 1190 2620 bonis
1229 2585 1315 2621 ca·

260 2643 364 2706 pite
394 2645 528 2710 ejus,
560 2646 650 2710 qui
682 2646 832 2709 regni
871 2646 1164 2709 occupandi
1194 2660 1317 2697 con·

262 2720 370 2770 silia
403 2719 652 2772 inissetz’
688 2723 777 2772 ubi
797 2723 1036 2773 Marcell.
1063 2725 1319 2787 Donatus,

260 2798 541 2850 ‘Sam-atum
565 2815 690 2864 ergo
717 2806 858 2863 caput
881 2815 1107 2864 expono,
1123 2814 1316 2851 exerra-

260 2879 354 2924 tum
371 2893 391 2935 ;
414 2877 622 2928 Graecis
652 2875 952 2940 'euripo-ros)
1018 2878 1107 2927 Sic
1131 2877 1317 2927 Horat.

258 2950 362 3003 Sat.
392 2967 455 3004 11.
480 2959 532 3004 8.
555 2957 670 3004 181.
708 2959 723 2984 ⁸
742 2953 1063 3005 Intestabilis
1086 2962 1142 3005 et
1166 2969 1317 3005 sacer

257 3031 400 3081 esto?
446 3033 601 3083 Idem.

318 3109 413 3160 Iroe
458 3110 780 3175 consecraret]
831 3112 1052 3162 Plautus
1096 3111 1314 3176 Amphi-

256 3189 519 3240 truone2··‘
542 3189 599 3238 Si
618 3186 759 3245 fallo,
778 3194 884 3237 tum
911 3196 982 3248 te,
1003 3202 1198 3237 summe
1218 3189 1313 3243 Ju-

2322 427 2450 494 86⁷

1397 582 1599 644 sulem3
1633 584 1761 650 sive,
1780 586 1916 651 quod
1939 585 2133 647 fecisti,
2149 599 2266 637 cum
2289 580 2457 650 primo

1396 660 1576 708 consul
1613 673 1772 711 esses.
1840 664 2125 713 Fu‘it'vero
2162 664 2239 714 M.
2270 665 2458 730 Ulpius

1395 736 1653 799 Trajanus
1671 738 1921 800 Crinitus,
1941 755 2040 788 una
2057 755 2174 789 cum
2194 742 2269 790 Μ.
2288 741 2458 792 Acilio

1396 811 1936 877 Glabrione,·primum
1957 819 2131 866 consul
2150 817 2458 876 ordinarius,

1394 886 1471 937 Α.
1488 888 1554 937 U.
1580 889 1642 939 C.
1663 894 1778 941 844.
1811 895 1922 941 sive
1950 900 2065 955 post
2085 893 2342 944 Christum
2365 909 2459 945 na-

1395 970 1527 1029 tum,
1546 963 1614 1014 A.
1637 970 1718 1016 91.
1746 982 1860 1017 cum
1885 968 1996 1032 ipse
2027 970 2459 1034 adhucpriratus

1396 1050 1557 1104 esset,
1589 1049 1643 1093 et
1674 1043 2009 1108 quidemsub
2042 1046 2340 1097 Domitiano
2358 1050 2459 1098 im-

1397 1126 1660 1181 peratore.
1726 1119 1927 1171 Iterum
1963 1125 2144 1173 consul
2178 1123 2278 1174 fuit
2303 1125 2368 1175 A.
2393 1125 2458 1176 C.

1394 1195 1479 1242 98.
1517 1208 1632 1243 cum
1669 1194 1983 1261 imperatore
2019 1198 2246 1250 Cocceio
2279 1201 2461 1251 Nerva

1395 1280 1479 1317 lv.
1514 1268 1606 1318 sed
1633 1276 1757 1320 tunc
1780 1271 1895 1335 jam
1927 1281 2043 1323 erat
2064 1273 2262 1335 Caesar,
2287 1288 2458 1340 neque

1395 1358 1460 1394 eo
1502 1351 1739 1410 tempore
1777 1348 2142 1411 jusjurandum
2184 1353 2458 1402 consulare

1396 1420 1603 1471 dedisse
1631 1423 1854 1487 videtur,
1878 1439 1996 1474 cnm
2017 1424 2204 1476 absens
2225 1433 2381 1489 esset,
2402 1434 2459 1478 et

1393 1497 1779 1562 expeditionem
1793 1502 1844 1549 in
1858 1500 2145 1551 Germania
2164 1502 2355 1553 obiret.
2377 1504 2460 1553 Id.

1462 1572 1619 1631 Istud,
1640 1577 1762 1638 quod
1792 1583 2034 1639 moeeunoe
2063 1580 2218 1643 nullo]
2254 1580 2361 1629 Pro
2391 1580 2458 1630 is-

1394 1652 1498 1707 tud,
1521 1650 1714 1701 habent
1735 1653 1855 1702 illud
1877 1654 2026 1703 ambo
2048 1656 2258 1705 codices
2282 1658 2460 1707 Vene-

1395 1727 1457 1790 ti,
1494 1734 1551 1777 et
1586 1729 2123 1796 Guelpherbytanus.·
2161 1733 2268 1782 Pro
2310 1735 2457 1799 nuno,

1394 1804 1562 1854 codex
1604 1805 1915 1857 Parisiensis
1949 1809 2070 1868 iuo,·
2119 1823 2216 1873 pro
2249 1826 2312 1860 an
2349 1811 2456 1873 hor,

1392 1882 1800 1947 Salisburgensis
1843 1887 1896 1934 ia
1937 1886 2059 1944 &⁰03
2114 1901 2208 1951 pro
2246 1886 2457 1949 jurasti,

1394 1958 1533 2009 idem
1555 1959 1980 2025 Salisbnrgensis,
2008 1962 2247 2027 primum,
2267 1964 2455 2026 υἰιαεεί,

1395 2035 1589 2087 deinde
1611 2051 1677 2086 ex
1700 2039 2045 2103 correctione,
2059 2039 2263 2101 jurasti.
2324 2038 2456 2091 Trea

1393 2112 1478 2161 vel
1516 2112 1737 2178 quatuor
1759 2115 1913 2178 hujus
1943 2115 2047 2166 loci
2081 2113 2459 2179 explicationes

1393 2189 1735 2254 deprehendi,
1787 2207 2008 2257 quarum
2063 2207 2190 2242 vero
2243 2194 2458 2251 nullam,

1390 2264 1579 2324 fateor,
1601 2268 1676 2318 ita
1699 2268 1822 2318 mihi
1847 2284 1915 2320 ex
1945 2268 2083 2320 omni
2116 2276 2267 2333 parta
2302 2269 2459 2318 satis·
2505 2273 2515 2286 '

1390 2340 1588 2404 facere,
1610 2345 1732 2407 quin
1755 2344 1806 2393 in
1832 2346 2087 2407 acumine,
2105 2344 2242 2409 qnod
2276 2351 2457 2409 capta·

1391 2419 1470 2469 vit
1503 2420 1725 2477 Plinius,
1762 2421 1956 2486 aliquid
1997 2421 2078 2470 vel
2124 2419 2332 2484 frigoris
2368 2421 2456 2471 vel

1391 2494 1744 2558 obscuritatis,
1760 2497 2054 2559 relinquere
2064 2496 2328 2545 videatur.
2344 2496 2458 2546 Ca-

1391 2578 1596 2620 tanoeus
1622 2571 1675 2619 in
1705 2570 1960 2634 prioribus
1992 2571 2309 2621 editionibus
2341 2571 2456 2621 haec

1390 2644 1552 2694 Plinii
1577 2645 1736 2695 verba
1766 2647 1831 2695 de
1863 2646 2114 2710 exemplis
2137 2645 2455 2696 anteceden-

1391 2721 1519 2771 tium
1551 2721 1920 2784 imperatorum
1952 2721 2271 2784 explicavit:
2308 2727 2324 2750 ‘
2343 2721 2456 2771 Ne-

1390 2796 1536 2861 scio,’
1558 2798 1742 2862 inquit,
1778 2798 1794 2826 ‘
1814 2796 2192 2847 laudabiliusne
2213 2797 2281 2846 sit
2301 2796 2454 2857 illud,

1388 2874 1526 2938 quod
1561 2880 1833 2940 praeeunte
1864 2875 2028 2937 nullo,
2049 2873 2110 2940 (i.
2127 2888 2176 2923 e.
2213 2875 2454 2939 exemplo

1388 2950 1579 2999 nullius
1598 2951 1851 3013 proeteriti
1869 2950 2243 3017 imperatoris,)
2255 2966 2340 3013 an,
2352 2951 2454 3002 alio

1390 3034 1676 3089 praeeunte,
1691 3027 1917 3090 jurasti3
1952 3028 2087 3091 quod
2111 3042 2297 3092 nempe
2320 3027 2450 3079 alins

1387 3102 1674 3168 imperator
1721 3104 1813 3154 tibi
1863 3105 2073 3156 dederit
2124 3108 2455 3172 exemplum.'

1388 3177 1464 3228 At
1501 3179 1761 3231 laudabile
1796 3181 2007 3247 quidem
2031 3182 2237 3246 suisset,
2260 3186 2302 3234 si
2323 3186 2452 3236 Tra-

256 3262 404 3322 piter,
420 3250 621 3328 quasso,
643 3264 1004 3329 Amphitruoni
1026 3274 1087 3313 ut
1108 3279 1315 3329 semper
1377 3256 1537 3320 janus
1557 3258 1653 3308 hac
1675 3258 1726 3308 in
1750 3273 1809 3308 re
1831 3261 2197 3312 antecedentia
2233 3263 2453 3314 aliorum

217 3374 232 3389 .
255 3336 412 3389 iratus
434 3338 579 3390 sies-⁹
640 3342 939 3391 Brissonius
964 3341 1030 3391 de
1054 3342 1309 3392 Formulis

256 3412 335 3464 lib.
356 3429 483 3466 vm.
506 3415 732 3466 videtor.
780 3418 920 3481 Lips.
965 3428 972 3445 *

279 3504 284 3510 ·
316 3491 755 3558 Iroeconsecraret]
790 3495 1017 3543 Soleune
1041 3494 1308 3557 juramen·

255 3570 356 3617 tum
381 3568 521 3634 apud
543 3577 800 3619 nostrates
827 3571 947 3632 lege
973 3570 1042 3618 in·
1059 3571 1131 3620 D.
1156 3571 1308 3621 Bald.

254 3654 314 3690 ιι.
342 3649 392 3695 9.
427 3644 495 3695 de
527 3646 750 3695 Casibus
785 3645 1129 3696 Conscientiae
1166 3647 1308 3697 circa

254 3718 571 3773 Juramenta.
619 3722 773 3771 Rern.

287 3795 478 3861 -Dig'na
508 3797 814 3862 pradicatio]
849 3798 966 3847 Hoc
997 3797 1176 3848 ordine
1206 3798 1306 3848 ista

256 3874 405 3923 verba
428 3875 629 3938 scripta
649 3882 770 3924 snut
790 3875 843 3923 in
868 3874 1137 3924 codicibus
1160 3873 1314 3924 Vati-¹

253 3951 405 4008 canis,
456 3951 760 4015 Parisiensi,
810 3959 1033 4015 utroque
1079 3951 1306 4007 Veneto,

254 4023 643 4090 Salisburgensi,
701 4027 1188 4090 Guelpherbytano,
1252 4034 1309 4075 et

255 4113 392 4163 ineo;
412 4102 556 4168 alias,
573 4103 857 4165 predicatio
872 4103 1040 4165 digna.
1069 4103 1306 4154 Schwar-

258 4175 372 4225 zins.
411 4181 421 4198 ⁸
633 4208 638 4215 ·
1161 4178 1200 4189 '⁶

318 4254 453 4310 Quod
473 4253 652 4318 primo]
687 4254 734 4303 1.
760 4269 807 4305 e.
831 4254 967 4321 quod
996 4255 1161 4321 primo
1182 4270 1305 4307 con·

1388 3333 1638 3386 bonorum
1663 3337 1956 3401 principum
1987 3341 2227 3405 exempla
2248 3339 2455 3391 habuis·

1385 3420 1485 3477 set,
1511 3420 1821 3478 secutusque
1844 3423 2016 3466 essetz
2052 3431 2233 3468 verum
2256 3418 2453 3476 nescio,

1388 3501 1488 3552 quo
1511 3491 1750 3539 acumine
1774 3488 2066 3541 dubitasset
2099 3499 2190 3542 aut
2227 3493 2448 3544 interro·

1386 3573 1560 3625 gasset
1584 3567 1806 3624 Plinius,
1839 3582 2010 3618 annon
2044 3568 2354 3621 ,laudabilius
2392 3575 2450 3621 et

1384 3642 1634 3694 illustrius
1668 3642 1826 3700 foret,
1855 3645 1899 3693 si
1932 3646 2202 3710 Trajanns,
2223 3647 2335 3695 sine
2357 3660 2450 3696 ex-

1383 3720 1558 3784 emplo
1598 3720 1719 3782 alio,
1757 3734 1968 3782 prorsus
2014 3722 2318 3775 inusitatum
2355 3724 2449 3772 hu-

1382 3795 1650 3844 manitatis
1673 3803 1729 3844 et
1763 3795 2032 3845 civilitatis
2069 3797 2332 3860 specimen
2355 3798 2450 3848 de·

1382 3871 1580 3930 disset;
1649 3879 1705 3920 et
1758 3870 2014 3934 quomodo
2056 3886 2157 3921 non
2198 3880 2447 3924 constare

1384 3949 1636 4012 potuisset
1663 3948 1855 4005 Plinio,
1877 3958 2153 4001 secutusne
2178 3950 2244 4000 sit
2265 3951 2446 4015 Traja-

1381 4039 1476 4076 nus
1499 4028 1595 4079 bac
1629 4026 1682 4077 in
1717 4040 1772 4075 re
1808 4027 2042 4090 exempla
2076 4028 2312 4084 aliorum,
2345 4043 2446 4079 nec

1380 4116 1465 4151 ne.
1521 4103 1586 4153 In
1612 4101 1982 4165 posterioribus
2004 4102 2322 4152 editionibus
2346 4105 2448 4154 Ca-

1380 4186 1600 4238 tanaeus,
1635 4178 1840 4227 dimissa
1871 4179 2035 4241 prima
2072 4177 2445 4242 explicatione,

1382 4255 1541 4305 verba
1583 4253 1746 4304 Plinii
1791 4253 1860 4304 de
1906 4255 1988 4317 iis,
2035 4254 2123 4320 qui
2170 4253 2442 4309 formulam
