3017 4942
325 4638 416 4661 *hd

498 374 632 442 844

499 540 643 585 tatus
664 540 777 586 est:
810 534 828 566 ‘
864 535 1010 587 Dicit
1038 537 1352 602 Secundus,'
1376 539 1565 604 inquit,

501 620 517 644 ⁶
543 616 723 664 borum
770 617 1093 666 consulatum
1141 615 1301 666 fuisse
1356 619 1565 667 minoris

500 691 793 756 dignitatis,
828 707 983 758 quem
1008 695 1336 759 accepissent
1360 710 1391 744 a
1426 697 1565 746 Ner·

503 784 586 831 va,
618 783 770 835 qnam
806 769 1036 833 tertium,
1062 785 1214 835 quem
1237 772 1567 834 accepissent

502 859 535 893 a
550 845 795 909 Trajano,
816 847 902 909 qui
919 846 1087 910 maj0r
1110 854 1225 896 erat
1250 855 1401 911 patre
1428 849 1565 898 Ner·

502 919 606 971 val
637 921 750 971 Etsi
773 935 897 972 vero
916 922 1115 972 Plinius
1139 923 1295 981 infra,
1320 938 1563 976 mxxxix.

500 1003 551 1048 1.
586 1013 685 1062 per
715 999 1094 1064 τροσωποποιΐαν
1133 1003 1388 1053 allocutus
1427 1005 1566 1054 Ner·

501 1089 620 1125 vam
645 1076 803 1141 dixit,
835 1077 852 1106 ‘
878 1078 1046 1129 Quam
1071 1080 1251 1129 'laetum
1287 1081 1402 1138 tibi,
1425 1081 1563 1145 quod

500 1158 833 1216 comparatus
868 1152 976 1204 filio
1010 1161 1100 1204 tuo
1124 1155 1395 1205 vincerisl'
1427 1165 1565 1207 atta·

500 1242 623 1277 men
662 1235 787 1279 tunc
825 1244 925 1280 non
965 1238 1124 1295 negat
1161 1232 1383 1289 Plinius,
1415 1249 1564 1298 aeque

499 1305 676 1369 magni
734 1307 993 1358 oeslimata
1041 1306 1201 1357 fuisse
1260 1310 1449 1359 Nervae
1502 1326 1565 1360 ac

501 1380 718 1446 Trajani
756 1382 1029 1434 beneficia·
1112 1386 1183 1435 Et
1213 1386 1328 1450 quis
1363 1388 1567 1449 credat,

500 1458 783 1523 Trajanum
816 1463 978 1526 aequis
1009 1462 1217 1513 auribus
1254 1465 1432 1514 audire
1473 1480 1564 1528 po-

503 1535 671 1586 tuisse
709 1536 859 1587 istam
896 1539 1123 1596 nimiam,
1154 1547 1210 1590 et
1235 1546 1435 1591 tanturn
1462 1550 1564 1593 uon

503 1610 557 1659 in
587 1611 820 1663 Nervam
854 1616 1279 1666 contumeliosam
1315 1628 1567 1668 extenua-

503 1687 888 1754 tionem,=quam
911 1691 962 1740 hi
980 1692 1294 1758 interpretes
1310 1694 1564 1757 affingunt

505 1764 719 1815 Plinio?
755 1767 947 1823 Quanto
968 1769 1142 1826 minus,
1175 1786 1331 1835 quam,
1354 1774 1567 1836 ponitur

502 1854 621 1906 pro,
642 1844 868 1905 quantulo
887 1845 1060 1903 minus,
1088 1862 1257 1909 quarm
1294 1855 1450 1912 atque
1473 1862 1565 1898 ex·

499 1922 588 1967 tra
641 1918 1102 1985 interrogationem
1160 1932 1216 1974 et
1266 1927 1566 1976 exclamati-

501 2007 653 2044 onem
677 1995 814 2046 idem
840 2005 937 2055 est,
972 1998 1128 2063 quod,
1151 2001 1167 2030 ‘
1193 1999 1305 2051 fere
1328 2003 1565 2066 perinde,

500 2083 656 2134 quam
675 2086 706 2121 a
731 2073 913 2136 teipso
932 2073 1109 2124 datum
1126 2075 1161 2138 ς’
1194 2078 1323 2135 sive,
1347 2078 1364 2106 ‘
1382 2095 1565 2143 parum

503 2147 673 2207 abest,
695 2149 820 2212 quin
853 2151 1152 2201 consulatus
1189 2153 1276 2202 ille
1310 2170 1341 2205 a
1374 2158 1566 2220 teipso

500 2221 653 2271 datus
683 2222 975 2275 ‹videatur-⁹
1040 2228 1295 2279 Nimirum
1342 2231 1566 2291 Plinius,

500 2305 561 2349 ut
579 2310 926 2364 exaggeraret
940 2304 1065 2353 illud
1083 2304 1410 2366 beneficium,
1427 2310 1565 2374 quod

498 2376 748 2451 Trajanus
784 2378 929 2430 Julio
963 2382 1233 2448 Frontoni,
1280 2393 1333 2435 et
1373 2386 1566 2439 Acutio

500 2453 713 2519 Nervae,
745 2456 947 2508 duobus
993 2461 1208 2511 tertium
1243 2465 1567 2529 consulibus,

477 2533 836 2594 prestiterat,
881 2536 1076 2600 quippe
1119 2553 1248 2603 quos
1304 2541 1355 2589 in
1406 2543 1567 2592 tertio

500 2610 773 2661 consulatu
812 2626 925 2669 suo,
959 2613 1175 2663 alterum
1210 2616 1417 2679 quidem
1447 2624 1570 2681 post

503 2685 747 2749 alterum,
792 2687 892 2737 sibi
947 2688 1250 2741 adsciverat
1304 2694 1566 2759 collegas3

501 2771 890 2822 commemorat,
946 2766 1038 2815 lios
1094 2773 1345 2832 utrosque
1401 2785 1570 2836 nuper

501 2840 827 2890 consulatum
862 2842 1145 2892 secundnm
1181 2847 1400 2907 gessisse
1423 2863 1451 2897 a
1477 2864 1567 2912 pa-

501 2918 583 2964 tre
605 2915 783 2965 Nerva
816 2916 944 2981 ipsis
979 2920 1243 2983 delatum3
1280 2933 1435 2989 atque
1468 2927 1569 2976 hoe

501 2991 637 3042 idem
659 2995 1030 3057 propemodum
1055 3012 1188 3061 esse,
1212 3012 1273 3050 ac
1296 3002 1338 3050 si
1364 3003 1431 3051 ab
1455 3004 1569 3066 ipso

500 3081 705 3133 quoqne
724 3069 948 3133 Trajano
973 3072 1112 3121 illum
1135 3076 1356 3126 alterum
1381 3091 1567 3128 consu·

500 3144 664 3194 latum
689 3148 1020 3211 acceperint=
1056 3151 1178 3214 qnia
1198 3166 1387 3217 nempe
1410 3154 1567 3214 filius,

500 3220 777 3284 Trajanns,
802 3223 924 3287 jure
960 3227 1249 3291 meritoque
1280 3229 1331 3278 in
1361 3238 1567 3294 partem

489 3308 564 3345 ‘ac
579 3297 889 3348 societatem
914 3301 1078 3351 laudis
1095 3312 1329 3367 paternae
1355 3308 1530 3358 veniat
1547 3324 1563 3371 ;

501 3379 557 3422 et
578 3374 701 3438 quia
723 3375 971 3439 Trajanus
1006 3385 1131 3429 tunc
1166 3383 1368 3445 collega
1400 3384 1566 3449 impe·

483 3451 909 3518 ⁴ratoris,.atque
958 3456 1068 3519 jam
1118 3457 1231 3522 ipse
1280 3459 1567 3524 imperator

500 3528 787 3593 consulque
810 3526 987 3588 fuerit,
1018 3540 1076 3583 nt
1109 3534 1240 3585 adeo
1275 3535 1340 3585 ab
1365 3539 1567 3605 ‚utrius-

500 3617 600 3669 que
623 3604 951 3668 imperatoris
988 3615 1041 3658 et
1066 3612 1291 3660 consulis
1315 3614 1565 3665 ordinarii

497 3681 765 3730 ‚voluntate
808 3696 871 3732 ac
915 3698 1168 3735 consensu
1213 3688 1338 3737 illud
1397 3690 1565 3754 ipsum

498 3756 808 3809 beneficium
835 3760 1164 3825 pependerit.
1231 3765 1469 3830 Vestigia
1497 3768 1567 3816 si-

498 3834 632 3884 milis
655 3834 891 3887 formulae
915 3840 1071 3889 etiam
1093 3842 1215 3891 alibi
1240 3844 1567 3896 animadver-

497 3910 690 3974 timus3
725 3928 774 3962 v.
810 3929 860 3978 g.
892 3916 1147 3968 Quinctil.
1185 3920 1419 3971 Declam.
1459 3935 1566 3974 xn.

502 3989 582 4035 18.
601 3986 635 4017 -‘
662 3988 823 4039 Paeue
843 4005 874 4039 a
896 4002 1184 4057 conspectu
1209 3997 1326 4045 vela
1348 4012 1563 4049 conver-

501 4075 558 4110 sa
573 4072 739 4126 πυτς
772 4070 1020 4132 quantulo
1056 4072 1243 4131 minus,
1266 4089 1415 4139 quam
1440 4090 1564 4127 con·

501 4138 636 4200 gesti
677 4139 926 4194 frumenti
975 4147 1242 4210 pulverem
1289 4152 1508 4202 vidimus
1527 4151 1565 4203 ἓ*

498 4215 927 4283 Elegans,inquit
951 4221 1295 4283 Burmannus,
1316 4229 1562 4288 elocutio,

499 4293 802 4360 pro,‘quam
824 4294 1203 4352 ferevidimus?
1226 4303 1453 4373 Aliquid,
1469 4308 1562 4360 sed

1194 392 1413 445 NoTAE
1463 392 1873 446 VARIORUM
1924 394 2010 446 IN

1642 541 1869 604 paullum
1894 539 2082 599 defuit,
2115 553 2178 590 ne
2203 541 2354 605 plane
2381 536 2716 591 videremur!

1642 615 1728 664 Ita
1749 629 1931 679 nempe
1952 623 2106 665 extra
2127 617 2592 681 interrogationem
2613 615 2709 665 eti·

1641 708 1722 741 am
1747 696 1761 721 ‘
1779 695 1949 756 paullo
1969 694 2136 743 minus
2151 693 2166 716 '
2205 702 2486 756 usurpatur
2510 707 2543 741 a
2566 693 2711 742 Suet.

1641 769 1757 819 Tib.
1782 775 1931 820 c.26.
1969 776 1984 798 ‘
2010 771 2224 820 Civilem
2261 769 2541 819 admodum
2573 769 2712 817 inter

1641 845 1806 907 initia,
1828 861 1890 895 ae
1928 847 2100 910 paullo
2137 847 2324 903 minus,
2356 860 2513 911 quam
2539 845 2711 909 priva-

1643 921 1939 987 tum,egit.’
2004 924 2175 974 Etiam
2211 939 2242 973 a
2283 922 2560 985 Petronio,
2592 935 2711 984 cap.

1642 1004 1756 1050 107.
1792 1007 1807 1029 ‘
1831 1002 1935 1052 Qui
1959 1000 2164 1065 ignotos
2183 1000 2346 1057 laedit,
2371 1000 2510 1049 latro
2532 997 2714 1061 appel·

1642 1077 1818 1138 latur3
1874 1079 1963 1142 qui
2034 1078 2246 1141 amicos,
2302 1077 2482 1140 paullo
2526 1074 2710 1123 'minus

1639 1167 1794 1218 quam
1837 1153 2139 1217 parricida.’
2199 1155 2254 1203 Si
2301 1154 2430 1203 velis
2464 1152 2584 1201 baec
2619 1158 2714 1214 per

1642 1230 2109 1296 interrogationem
2133 1231 2325 1295 eloqui,
2356 1229 2559 1280 dixeris
2595 1240 2711 1278 cum

1642 1308 1834 1371 Plinio,
1887 1309 1904 1338 ⁴
1939 1309 2041 1359 Qui
2089 1308 2293 1371 ignotos
2350 1305 2520 1361 laedit‚
2577 1305 2713 1354 latro

1641 1387 1970 1450 appellatur3
2006 1388 2095 1453 qui
2131 1387 2345 1448 amicos,
2377 1391 2581 1450 quanto
2620 1385 2713 1435 mi·

1639 1476 1754 1519 nus,
1774 1478 1925 1526 quam
1948 1462 2210 1526 parricida
2226 1462 2266 1511 ?'
2299 1462 2550 1512 Schwarz.

1705 1541 1980 1607 Lictorum]
2031 1541 2112 1591 Ad
2161 1541 2387 1603 insignia
2438 1540 2714 1590 consulum

1640 1617 1982 1681 pertinebant
2005 1618 2163 1667 etiam
2201 1617 2436 1679 lictores,
2467 1630 2715 1682 quorum,

1643 1701 1886 1759 tauquam
1910 1694 2288 1758 apparitorum,
2305 1694 2580 1757 praecipua
2604 1704 2714 1743 mu·

1642 1770 1727 1819 nia
1750 1772 1921 1836 erant,
1941 1769 2111 1820 fasces
2137 1768 2389 1835 praeferre
2410 1769 2638 1833 consuli,
2659 1774 2717 1819 et

1642 1848 1972 1906 submovere,
1994 1856 2152 1913 atque
2174 1861 2409 1910 monere,
2428 1847 2715 1911 obvios‚’u't

1642 1926 1816 1975 locum
1867 1923 2130 1987 facerent,
2170 1924 2508 1989 debitumque
2548 1924 2714 1976 hond·

1645 2014 1754 2050 rem
1810 2007 2136 2052 testarentur
2154 2001 2369 2051 consuli
2403 1999 2677 2051 incedenti
2688 2004 2716 2053 ‘t

1643 2077 1710 2127 de
1733 2077 1920 2141 quibus
1946 2077 2058 2142 jam
2094 2091 2272 2142 supra,
2297 2076 2359 2126 ad
2399 2090 2580 2126 xxm.
2609 2086 2714 2127 non

1636 2155 1767 2203 nibil
1793 2154 1898 2216 egi.
1965 2153 2052 2204 Ab
2073 2154 2222 2204 initio
2257 2152 2466 2218 quidem
2492 2162 2714 2219 uterque

1641 2233 1822 2282 consul
1844 2231 2120 2283 duodecim
2136 2231 2305 2283 fasces
2322 2233 2482 2282 etiam
2507 2233 2558 2281 in
2582 2233 2714 2282 urbe

1641 2308 1902 2371 habebat3
1936 2309 2026 2358 sed
2053 2309 2244 2359 deinde
2276 2324 2342 2358 ex
2372 2310 2488 2372 lege
2513 2309 2712 2361 Valerii

1643 2385 1926 2449 Poplicolae
1952 2384 2131 2436 fasces
2163 2386 2417 2436 duntaxat
2450 2400 2712 2448 penes-u·

1643 2475 1763 2511 num
1790 2462 2074 2528 consulem,
2097 2462 2252 2526 idque
2279 2463 2496 2512 alternis
2522 2464 2712 2514 mensi·

1642 2538 1760 2596 bus,
1793 2538 2023 2603 fuerunt,
2059 2547 2194 2589 teste
2228 2538 2346 2588 Val.
2371 2539 2523 2589 Max.
2560 2553 2641 2589 ιν.
2663 2543 2711 2591 1.

1642 2630 1728 2666 ex.
1750 2620 1797 2665 1.
1841 2617 1979 2666 Ante
2001 2616 2220 2665 alterum
2245 2622 2418 2664 autem
2442 2617 2712 2666 consulem

1643 2707 1911 2758 accensus,
1934 2693 2046 2743 sive
2066 2691 2557 2756 apparitorquidam
2582 2691 2716 2756 pub-

1641 2772 1795 2833 licus,
1817 2771 1961 2832 ibat‘3
1997 2769 2160 2820 ceteri
2186 2768 2398 2818 lictores
2423 2780 2562 2830 pone
2595 2780 2715 2818 cum

1642 2848 1806 2911 virgis
1831 2856 1884 2897 et
1907 2845 2109 2896 bacillis
2133 2844 2505 2909 sequebantur.
2542 2845 2713 2896 διιεῖ.

1642 2924 1753 2976 Jul.
1785 2939 1833 2974 c.
1854 2927 1938 2974 20.
1973 2924 1990 2952 ‘
2016 2922 2300 2988 Antiquum
2335 2921 2495 2970 etiam
2530 2922 2717 2972 retulit

1642 3015 1858 3059 morem,
1875 3007 1952 3064 ut,
1976 3014 2081 3066 quo
2103 3013 2281 3050 mense
2297 2997 2468 3048 fasces
2492 3012 2600 3049 non
2627 3000 2715 3049 ba-

1642 3076 1813 3142 beret,
1838 3091 2089 3128 accensns
2123 3083 2246 3126 ante
2269 3089 2387 3124 enm
2414 3075 2536 3138 iret,
2558 3075 2715 3127 licte-

1640 3167 1728 3203 res
1772 3166 1910 3218 pone
1947 3150 2328 3218 sequerentur!
2391 3151 2503 3203 Per
2540 3152 2713 3216 legem

1642 3228 1878 3293 ejusdem
1904 3228 2104 3278 Valerii
2140 3225 2447 3291 Poplicolae,
2485 3228 2717 3277 consuli-

1644 3304 1739 3354 bus
1756 3305 1865 3354 sine
1880 3304 2150 3354 securibus
2171 3301 2340 3352 fasces
2361 3303 2414 3351 iu
2431 3303 2563 3353 urbe
2580 3318 2714 3368 praec

1640 3379 1967 3442 ferebantur,
1990 3394 2055 3431 ne
2078 3380 2238 3429 nimis
2273 3379 2542 3429 terribiles
2571 3380 2717 3429 vide·

1638 3464 1857 3520 rentur3
1890 3456 2079 3522 quibus
2103 3469 2226 3505 vero
2250 3459 2402 3504 es-tra
2431 3454 2622 3505 urbem
2642 3460 2716 3505 .et

1639 3536 1693 3585 in
1717 3534 2029 3584 militaribus
2060 3530 2481 3596 expeditionibus
2506 3533 2717 3582 omnino

1642 3612 1945 3662 utebantur.
1987 3609 2122 3659 Vide
2146 3609 2261 3665 Liv.
2288 3621 2449 3657 xxiv.
2470 3613 2524 3658 9.
2559 3609 2716 3658 Iden.

1674 3718 1685 3729 ›
1706 3688 1980 3753 Liviorum]
2001 3686 2309 3738 Jubeutium
2331 3684 2718 3746 animadverti3

1642 3765 1695 3816 id
1719 3766 1854 3816 enim
1881 3763 2149 3828 proprium
2172 3768 2255 3812 est
2277 3768 2330 3811 et
2351 3763 2570 3810 solenne
2597 3774 2715 3811 ver-

1639 3843 1782 3894 bum.
1847 3841 2064 3892 Sueten.
2092 3840 2225 3889 Caes.
2250 3853 2298 3889 c.
2322 3840 2404 3887 80.
2427 3838 2443 3866 ‘
2468 3838 2602 3887 Cum
2623 3838 2725 3911 ¹³⁰⁸.

1642 3928 1726 3970 tor
1765 3934 1831 3969 ex
1866 3931 2011 3969 more
2056 3915 2398 3967 animadverti
2432 3913 2712 3978 jussisset-⁹

1641 3998 1805 4048 Licin
1874 3994 2098 4046 Solen-is
2129 3993 2212 4042 ille
2237 3993 2433 4047 clamer,
2465 3992 2580 4050 scil.
2612 4003 2713 4057 quo

1640 4075 1848 4141 plebem
1872 4068 2271 4121 submovebant.
2305 4067 2551 4116 Rittersh.

1640 4184 1645 4191 -
1706 4143 2237 4207 Praeuantiusclmor]
2264 4143 2386 4194 Quo
2397 4142 2709 4206 significant,

1624 4229 1883 4279 -consules
1906 4225 2105 4279 venire,
2131 4223 2318 4271 darent
2340 4221 2530 4270 locum.
2593 4221 2707 4269 Cla·

1641 4321 1753 4358 mor
1795 4311 1931 4369 erat,
1971 4304 1990 4334 ⁴
2014 4297 2420 4352 Animadverte!
2444 4295 2459 4320 '
2524 4297 2704 4363 Supra,
