3017 4942
780 375 849 425 c.
891 371 1141 424 perun
1189 372 1523 425 saeuum
1574 373 1853 428 ranne-
1924 359 2116 428 1.63.

331 515 447 578 puli
490 514 618 578 jura
669 513 1139 579 circumscripsisse
1190 515 1400 566 videtur

331 591 600 653 Tiberius,
623 590 688 641 de
721 605 823 655 quo
848 592 1019 642 Tacit.
1040 591 1231 643 Annal.
1255 606 1295 641 ι.
1317 597 1400 643 15.

328 665 496 718 ‘Tum
536 669 759 731 primum
798 682 832 718 e
865 683 1053 732 campo
1083 670 1295 720 comitia
1333 668 1400 717 ad

326 751 516 807 patres
556 745 809 795 translata
843 754 992 806 sunt3
1031 760 1146 795 nam
1184 745 1249 795 ad
1287 760 1402 796 eam

328 820 498 882 diem,
532 823 630 870 etsi
668 821 934 885 potissima
964 823 1184 872 arbitrio
1209 823 1399 885 princi·

329 897 438 959 pis,
462 898 702 962 quaedam
740 906 915 947 tamen
938 899 1125 948 studiis
1151 899 1408 962 tribuum,

326 971 571 1023 fiebant!
637 974 817 1025 Nihilo
856 976 1024 1024 minus
1067 984 1122 1025 et
1168 977 1264 1026 sub
1301 977 1402 1026 hoc

323 1050 576 1115 principe
596 1048 961 1113 superfuerunt
985 1052 1194 1101 comitia
1215 1066 1401 1101 consu·

323 1125 479 1188 laria,
511 1126 773 1176 referente
802 1128 993 1178 Tacito
1024 1128 1213 1178 Annal-
1246 1142 1286 1180 1.
1315 1133 1399 1178 81.

323 1202 420 1252 ubi
452 1203 699 1254 Tiberius
733 1205 1063 1254 ‘consulibus
1099 1206 1267 1255 edidit
1307 1220 1400 1255 no·

323 1280 471 1329 mina
492 1281 888 1331 candidatorum
907 1297 923 1342 ;
941 1289 1175 1332 ceterum
1190 1297 1255 1331 ea
1272 1283 1402 1347 egit,

324 1369 452 1425 quae
488 1358 727 1420 speciosa
765 1357 959 1414 verbis,
995 1372 1051 1408 re
1085 1359 1276 1416 inania,
1308 1366 1400 1410 aut

321 1432 572 1497 subdola,
609 1441 819 1499 esseut3
865 1442 1162 1502 quantoque
1202 1437 1398 1500 majore

320 1510 588 1560 libertatis
621 1511 847 1574 imagine
884 1511 1212 1575 tegebantur,
1250 1521 1397 1563 tanto

321 1595 585 1650 eruptura
609 1587 673 1636 ad
697 1586 947 1637 infensius
969 1586 1276 1638 servitium!
1345 1590 1396 1639 1·

321 1663 447 1713 dem
481 1664 657 1714 Tacit.
689 1665 830 1717 Hist.
871 1678 936 1715 11.
962 1669 1046 1716 91.
1084 1680 1396 1717 commemo*

322 1750 434 1805 rat,
491 1743 766 1792 Vitellium
820 1744 836 1770 ‘
861 1743 1073 1793 comitia
1126 1746 1395 1794 consulum

313 1808 446 1872 'cum
475 1818 769 1869 candidatis
803 1818 1031 1868 civiliter
1054 1818 1345 1868 celebrasse
1359 1818 1395 1882 ;’

311 1910 481 1960 qnam
511 1894 761 1960 loquendi
797 1893 1067 1944 formulam
1104 1895 1398 1944 luculenter

321 1972 575 2034 exposuit
597 1971 910 2020 Gronovius.
967 1972 1097 2023 Quae
1121 1979 1176 2020 et
1202 1981 1395 2035 quanta

321 2056 563 2113 potestas
580 2050 842 2098 consulum
859 2047 1220 2099 faciendorum
1237 2050 1392 2100 etiam

320 2125 487 2175 fuerit
510 2139 672 2189 penes
692 2126 1059 2188 imperatorem
1097 2127 1172 2175 Fl.
1197 2127 1393 2190 Vespa·

323 2204 550 2265 sianum,
572 2203 883 2268 intelligitur
908 2218 973 2253 ex
999 2202 1295 2268 fragmento
1318 2206 1387 2255 le·

323 2280 404 2342 gis
426 2281 586 2342 regiae
607 2280 745 2343 apud
771 2280 927 2330 Grut.
952 2279 1117 2343 Oper.
1147 2280 1391 2344 Inscript.

321 2371 379 2419 p.
406 2369 611 2407 ccxtu.
649 2369 875 2409 ντιονε.
894 2369 1054 2409 Qvos.
1078 2369 1388 2409 macianu-

319 2446 459 2482 τηε.
480 2446 858 2483 ΡοτΕεΤΑΤΒΜ.
882 2446 1198 2482 IMPERtvM.
1218 2446 1387 2483 evna-

319 2520 652 2569 monemus,
688 2523 869 2560 cvivs.
924 2524 1038 2560 nm.
1104 2522 1388 2561 Pmnwrns

319 2597 582 2636 stanw-
601 2599 953 2640 ΡοΡνιοανΕ.
976 2600 1231 2636 nomano.
1247 2600 1387 2637 com-

321 2664 723 2714 ununavenn.
778 2676 1113 2717 QlevSQvss.
1154 2676 1387 2714 sve-rna·

320 2751 641 2790 canonem·
671 2754 840 2791 ΝΛΜ.
873 2753 1139 2790 nenena·-
1175 2753 1388 2791 Pnonn·

318 2830 499 2868 samm.
531 2806 749 2868 ssonv'n.
781 2818 1036 2867 conia-Is.
1068 2830 1386 2871 ovmvsovn

316 2906 532 2945 axa-na.
548 2907 828 2945 onumen.
848 2906 1044 2944 ΒΑτιο.
1061 2906 1386 2944 uanam-vn.

314 2970 492 3020 Etiam
538 2971 637 3020 sub
684 2970 983 3020 Domitiano
1036 2971 1221 3021 habita
1263 2977 1387 3020 sunt

313 3048 530 3099 comitia
553 3048 862 3097 consularia.
922 3048 1141 3119 Sueten.
1163 3061 1282 3110 cap.
1308 3052 1387 3097 10.

312 3124 507 3180 refert.
540 3125 775 3175 Flavium
803 3124 1048 3174 Sabinum
1073 3140 1102 3173 a
1125 3124 1385 3174 Domitia·

309 3217 385 3253 no
411 3205 747 3252 interemtum
772 3216 906 3258 esse,
927 3201 1063 3266 quod
1086 3215 1202 3250 eum
1226 3201 1384 3251 comi-

313 3280 510 3329 tiorum
551 3279 892 3328 consularium
936 3277 1023 3328 die
1066 3278 1384 3328 destinatum

313 3371 594 3421 perperam
638 3370 816 3419 praeco
859 3369 960 3405 non
1005 3356 1267 3405 consulem
1316 3356 1381 3405 ad

312 3434 590 3497 populum,
618 3430 709 3480 sed
745 3432 1133 3495 imperatorem,
1157 3445 1386 3494 pronun-

307 3511 522 3561 tiasset.
592 3508 831 3573 Interim,
873 3523 1028 3574 quiam
1067 3509 1254 3570 exigna
1290 3523 1381 3572 po-

310 3593 475 3637 testas
500 3585 677 3649 populi
704 3584 926 3633 Romani
945 3582 1106 3633 fuerit
1129 3584 1227 3633 illis
1252 3591 1382 3634 tem·

311 3662 839 3729 poribus‚Juvenalis
874 3661 985 3710 Sat.
1020 3675 1080 3712 x.
1114 3665 1199 3712 79.
1223 3660 1381 3726 seqq.

311 3745 585 3791 testatur:
642 3745 658 3769 ‘
686 3737 789 3789 Qui
833 3736 995 3787 dabat
1039 3737 1161 3787 olim
1206 3737 1382 3801 Impe-

309 3817 468 3877 rium,
501 3806 690 3878 fasces',
727 3813 980 3878 legiones,
1021 3815 1210 3876 omnia,
1241 3827 1382 3864 nnec

311 3907 371 3944 so
395 3892 669 3948 Continet,
706 3896 862 3953 atque
897 3890 1026 3939 duas
1064 3899 1263 3949 tantum
1294 3904 1380 3947 res⁴

311 3968 498 4018 anxius
541 3972 714 4030 optat,
753 3962 950 4014 Panem
988 3971 1043 4014 et
1070 3965 1380 4019 Circense&

313 4044 451 4096 Quid
488 4042 696 4105 mirum,
722 4040 765 4089 si
789 4040 901 4104 jam
931 4042 1167 4091 Lucanus
1198 4041 1262 4091 de
1286 4056 1380 4093 suo

310 4128 565 4184 tempore,
587 4119 686 4169 hoc
708 4125 807 4180 est,
829 4119 1073 4182 Neronis,
1090 4125 1181 4168 ant
1205 4121 1379 4183 potius

309 4194 380 4247 de
422 4195 643 4245 Caesaris
685 4208 817 4251 oevo,
850 4194 1122 4252 cecinerit,
1169 4208 1221 4244 v.
1264 4198 1380 4245 892.

311 4284 456 4339 seqq.
501 4271 720 4337 ‘Fingit
760 4271 994 4323 solennia
1036 4285 1273 4345 campus,
1310 4274 1380 4323 Et

2409 361 2544 449 8⁵⁵

1474 529 1580 566 non
1602 516 1841 567 admissa
1863 517 2065 569 dirimit
2085 515 2333 583 sum-agla
2353 518 2545 585 plebis,

1475 595 1840 660 Decantatque
1862 595 2047 659 tribus,
2064 603 2118 646 et
2140 611 2270 647 vana
2291 604 2466 647 versat
2487 597 2544 647 in

1476 670 1647 722 urna.’
1711 672 1913 724 Quibus
1961 681 2139 723 autem
2195 673 2367 723 verbis
2413 673 2538 738 quid
2563 738 2568 742 ι

1477 748 1618 797 aliud
1639 749 1840 799 indicat
1856 749 2117 813 Lucanus,
2131 764 2309 814 quam,
2333 757 2541 812 postea-

1476 841 1630 892 quam
1656 827 1721 877 ad
1747 842 1902 877 uuum
1927 829 2186 879 Coesarem
2220 828 2394 877 omnia
2429 826 2543 878 fue·

1477 904 1581 952 rint
1601 902 1796 963 delata,
1819 905 1976 954 etiam
2002 904 2054 954 in
2089 904 2329 954 creandis
2352 903 2542 967 magis·

1477 980 1704 1029 tratibus
1728 995 1829 1031 non
1859 981 1960 1031 nisi
1985 980 2340 1044 imaginariam
2377 995 2541 1045 quan·

1476 1056 1594 1104 dam
1638 1056 1962 1106 comitiorum
2007 1057 2060 1107 in
2104 1071 2289 1120 campo
2344 1057 2543 1107 Martio

1474 1131 1655 1181 baberi
1679 1133 1925 1196 speciem,
1945 1133 2098 1182 citari
2121 1147 2152 1182 a
2185 1146 2428 1196 praecone
2454 1134 2542 1182 tri·

1478 1205 1590 1271 bus,
1614 1221 1781 1272 neque
1806 1216 1979 1258 tamen
2007 1209 2214 1258 admitti
2241 1209 2305 1258 ad
2329 1209 2542 1259 distinc-

1477 1289 1534 1332 ta
1574 1282 1845 1349 suffragia,
1886 1299 2003 1334 cum
2047 1283 2246 1334 frustra
2287 1285 2340 1334 in
2382 1286 2542 1335 cistas
2596 1308 2627 1333 „-

1472 1361 1819 1423 conjiciantur
1850 1361 2094 1423 tabellae3
2126 1361 2382 1425 siquidem
2424 1362 2543 1412 Cre·
2572 1354 2579 1361 ’

1474 1451 1561 1486 sar
1595 1438 1707 1502 ipse
1738 1437 1976 1502 designet
2010 1439 2368 1501 centuriisque
2399 1453 2542 1488 com-

1472 1516 1705 1578 mendet,
1731 1530 1882 1579 quem
1909 1514 2054 1578 velit,
2082 1514 2366 1564 consulem.
2432 1514 2541 1564 Im-

1471 1606 1577 1651 mo,
1600 1591 1890 1655 posteriore
1915 1597 2094 1654 aetate,
2120 1592 2275 1640 etiam
2301 1590 2428 1640 illud
2459 1591 2540 1654 ip·

1472 1657 1585 1716 sum
1614 1667 1750 1731 juris
1788 1666 2053 1730 popularis
2089 1665 2422 1716 simulacrum
2448 1667 2539 1716 ali-

1471 1745 1680 1808 quando
1701 1743 1942 1800 cessavit,
1968 1744 2188 1793 maxime
2211 1757 2328 1793 cum
2353 1759 2540 1794 consu·

1470 1819 1546 1870 les
1585 1821 1744 1869 etiam
1780 1828 1932 1869 extra
1966 1820 2178 1871 Romam
2217 1828 2539 1872 crearentur.

1471 1897 1560 1947 Sic
1575 1896 1855 1960 Ausonius,
1873 1914 1902 1947 a
1921 1897 2179 1948 Gratiano
2200 1898 2540 1962 imperatore,

1470 1974 1559 2038 qui
1587 1980 1713 2022 tunc
1735 1973 1908 2022 Sirmii
1930 1972 1980 2021 in
2003 1973 2276 2022 Pannonia
2294 1973 2537 2035 degebat,

1470 2049 1857 2111 consultamus,
1875 2050 2198 2099 consulatum
2219 2049 2336 2099 iniit
2358 2051 2540 2100 Trevi-

1469 2125 1561 2186 ris,
1584 2134 1744 2190 atque
1782 2124 1906 2176 inde
1931 2126 1983 2174 in
2014 2125 2298 2188 gratiarum
2328 2126 2539 2176 actione

1469 2216 1564 2251 sua
1586 2216 1634 2252 c.
1658 2207 1706 2252 5.
1733 2217 1855 2251 vere
1890 2203 2066 2252 dicere
2093 2203 2283 2265 potuit,
2311 2204 2325 2231 ‘
2346 2203 2539 2253 Consul

1468 2292 1585 2341 ego,
1599 2277 1884 2341 imperator
1899 2277 2154 2342 Auguste,
2172 2293 2386 2328 munere
2414 2286 2503 2328 tuo
2522 2295 2538 2328 ε

1467 2367 1570 2403 non
1590 2369 1770 2417 passus
1785 2361 1956 2418 septa,
1970 2350 2136 2419 neque
2151 2370 2415 2419 campum3
2436 2364 2538 2404 non

1464 2427 1733 2491 suffragia,
1774 2435 1874 2479 non
1911 2438 2123 2494 puncta.
2156 2445 2259 2481 non
2304 2431 2537 2492 loculos;

1465 2508 1555 2571 qui
1581 2521 1684 2555 non
1710 2506 2062 2570 prensaverim
2104 2520 2303 2566 manus.
2327 2541 2341 2556 .
2359 2541 2373 2556 .
2392 2540 2408 2557 .
2432 2508 2534 2556 Ro-

1465 2598 1645 2634 manus
1687 2585 1931 2647 populus,
1969 2582 2192 2632 Martius
2223 2597 2460 2647 campus,
2482 2598 2541 2649 eq

1461 2665 1681 2724 quester
1704 2659 1851 2716 ordo,
1884 2666 2076 2723 rostra,
2103 2658 2283 2722 ovilia,
2305 2667 2535 2715 senatus,

1464 2737 1634 2799 curia,
1673 2751 1803 2787 unus
1842 2736 1964 2786 mihi
2000 2737 2174 2786 omnia
2210 2717 2532 2787 Gratidnusss

1464 2815 1537 2863 Et
1560 2828 1678 2874 cap.
1702 2817 1783 2862 18.
1804 2812 1921 2876 ipse
1939 2813 2226 2865 Gratianus
2249 2812 2302 2861 in
2329 2812 2535 2877 Episto-

1462 2890 1513 2938 la
1534 2890 1601 2940 ad
1626 2888 1822 2939 Auson.
1844 2889 1914 2939 ibi
1939 2890 2243 2953 proposita:
2278 2888 2294 2916 ‘
2315 2889 2445 2939 Cum
2465 2889 2532 2940 de

1463 2967 1764 3017 consulibus
1807 2967 1860 3017 in
1903 2980 2092 3016 anuum
2134 2966 2372 3017 creandis
2394 2968 2534 3017 solus

1459 3055 1664 3093 mecum
1707 3042 2013 3107 volutarem,
2038 3078 2051 3094 .
2067 3076 2082 3092 .
2104 3076 2119 3093 .
2137 3077 2154 3094 .
2177 3049 2229 3092 te
2265 3044 2533 3094 consulem

1463 3119 1753 3185 designavi,
1791 3126 1848 3170 et
1887 3118 2171 3184 declaravi,
2213 3125 2269 3171 et
2305 3122 2532 3185 priorem

1460 3197 1799 3262 nuncupavi?
1864 3199 2146 3262 Utcunque
2178 3206 2277 3255 est,
2302 3213 2411 3262 prae
2445 3214 2534 3249 ce·

1451 3272 1590 3324 teris
1617 3285 1789 3325 tamen
1809 3273 2210 3339 imperatoribus
2235 3276 2462 3326 civiliter
2477 3276 2531 3328 in

1458 3351 1698 3402 creandis
1729 3351 2139 3415 magistratibus,
2169 3360 2223 3401 et
2244 3351 2557 3417 sigillatim,'

1457 3427 1774 3488 consulibus,
1811 3427 1980 3490 egisse
2019 3427 2226 3477 videtur
2247 3429 2559 3492 Trajanus.'

1456 3505 1588 3555 Cum
1613 3504 1703 3554 alii
1729 3504 2073 3567 imperatores
2091 3505 2328 3559 contenti
2341 3505 2529 3568 jussis·

1457 3595 1514 3630 se
1556 3594 1614 3629 se
1651 3581 1887 3629 eonsules
1935 3582 2243 3644 renuntiari,
2287 3596 2386 3631 non
2424 3581 2524 3645 ipsi

1457 3657 1773 3706 interessent
1808 3657 2032 3706 comitiis
2061 3658 2435 3720 consularibus,
2469 3665 2526 3709 et

1456 3735 1785 3785 consulatum
1808 3737 1970 3784 etiam
1994 3749 2097 3784 non
2126 3737 2223 3784 nisi
2263 3750 2359 3800 per
2381 3737 2526 3787 edic·

1460 3818 1570 3858 tum
1605 3809 1962 3870 dimitterent3
1998 3811 2109 3873 ipse
2135 3811 2393 3875 Trajanus
2432 3827 2525 3862 no-

1456 3887 1555 3938 luit
1578 3887 1756 3936 cons'ul
1780 3885 1914 3942 fieri,
1948 3900 2115 3950 neque
2140 3889 2409 3938 consulatu
2434 3888 2526 3939 ab·

1456 3963 1553 4026 ire,
1573 3964 1673 4013 nisi
1715 3970 1774 4012 ut
1805 3976 1998 4014 unnsfe
2022 3962 2373 4026 senatoribus,
2390 3978 2526 4030 quos

1456 4042 1584 4092 fecit
1608 4041 1883 4091 consules:
1918 4039 1969 4088 id
1993 4040 2132 4104 quod
2158 4041 2361 4104 Plinius
2395 4043 2523 4094 ube-

1454 4121 1564 4171 rius
1603 4117 1822 4182 exponit
1856 4118 1908 4165 in
1936 4116 2055 4180 hoc,
2089 4114 2519 4183 et‘seqnentibus

1456 4193 1737 4258 capitibus.
1814 4193 1945 4243 Cum
1990 4207 2116 4242 vero
2154 4194 2281 4244 alios
2316 4193 2522 4249 faceret

1457 4272 1715 4329 consules,
1754 4269 1869 4337 ipse
1914 4270 2158 4338 princeps
2202 4273 2515 4341 nominabat,
