3017 4942
755 366 823 417 ο.
868 365 1114 416 unm
1161 365 1493 417 saeuum
1541 366 1819 419 nuso.
1894 369 1942 418 ι.
1983 352 2093 420 80.

328 504 498 556 solete
551 510 653 569 est,
700 506 918 571 alicujus
958 506 1196 571 judicem
1247 521 1381 558 esse.

329 582 442 632 Cic.
481 595 574 645 pro
616 582 793 634 Rabir.
830 599 946 649 cap.
981 589 1032 634 ὅ.
1057 585 1074 611 ⁴
1096 583 1255 634 Modo
1289 599 1380 633 vos

325 656 481 707 iidem
503 660 556 707 in
578 658 642 708 A.
667 658 944 710 Gabinium
967 658 1209 709 sedistis!
1272 659 1382 709 Ad·

326 742 626 784 vocatorum
656 743 830 785 antem
865 750 1072 786 caussas
1102 736 1384 799 agentium,

326 814 385 858 et
425 810 767 874 litigatorum,
808 820 923 861 erat
966 811 1207 861 ‘stares’
1260 812 1382 861 binc

329 884 528 936 Noster
566 901 703 945 taos,
735 889 920 937 ‘stant
956 898 1079 938 ante
1120 895 1171 938 te
1215 889 1382 953 litiga-

327 962 504 1013 tores!
554 964 724 1030 Atque
745 965 882 1015 idem
904 964 973 1015 de
994 975 1212 1030 patrono
1234 979 1384 1015 caus·

326 1052 416 1095 se.
448 1040 615 1103 Epist.
649 1055 687 1091 ι.
707 1045 792 1092 2⁸.
825 1046 842 1071 ‘
862 1043 995 1092 bunc
1031 1041 1267 1091 omnibus
1304 1057 1386 1093 se·

328 1117 599 1168 dentibus.
631 1120 822 1172 stare.'
883 1120 1168 1184 Coperuut
1215 1129 1386 1170 tamen

327 1194 605 1259 aliquande
623 1197 782 1247 etiam
800 1197 1042 1247 sedentes
1066 1212 1220 1260 agere
1241 1213 1385 1246 cans·

325 1284 447 1333 sang
478 1282 631 1335 prout
662 1275 1004 1326 Quinctiiian.
1041 1275 1216 1325 Iustit.
1235 1275 1390 1325 Orat.

327 1359 410 1398 ιι.
446 1354 497 1399 8.
530 1352 765 1401 meminit
801 1366 974 1401 eornm
1009 1353 1095 1418 qui
1144 1353 1389 1403 sedentes

327 1432 522 1486 agant:
565 1429 720 1477 ‘uam
764 1437 821 1479 et
858 1426 1017 1489 fere‚⁸
1067 1431 1251 1496 inquit,
1293 1430 1390 1481 ’ὗε

327 1501 430 1551 hoc
451 1505 504 1552 in
533 1503 685 1554 rebus
719 1506 1020 1565 minoribus.
1043 1516 1098 1558 et
1119 1509 1274 1557 iidem
1298 1509 1389 1557 im·

329 1587 487 1642 petus
508 1584 722 1632 actionis
741 1598 855 1633 esse
884 1599 988 1634 non
1018 1584 1265 1648 possunt,’
1289 1589 1389 1635 ἁο.

331 1655 495 1706 Plura
516 1657 597 1708 bis
620 1659 687 1708 de
720 1660 874 1710 rebus
905 1663 1130 1725 suggerit
1157 1664 1234 1712 vir
1252 1664 1389 1713 cele·

326 1732 601 1806 berrimns,
623 1744 679 1785 et
697 1737 1008 1788 humanioris
1024 1739 1390 1803 jurispruden-

332 1810 423 1859 tie
472 1814 894 1876 consultissimus,
937 1815 1094 1865 Eser.
1136 1815 1289 1879 Otto,
1337 1817 1389 1864 in

326 1887 756 1953 Jurisprudentia
789 1892 1101 1956 symbolica,
1132 1906 1253 1957 pag.
1277 1896 1391 1943 28⁷.

329 1965 457 2014 item
485 1967 688 2031 Jngler,
712 1970 763 2017 in
786 1970 992 2019 erudito
1015 1969 1390 2019 schediasmate

330 2041 401 2091 de
442 2042 635 2095 Jndice
665 2046 916 2097 sedente.
981 2046 1181 2096 Baudio
1217 2054 1391 2096 autem

330 2133 545 2183 prorsus
576 2121 941 2187 intempestive
965 2121 1016 2172 in
1041 2131 1265 2173 mentem
1306 2136 1392 2171 ve·

330 2197 430 2257 nit,
464 2211 635 2247 annon
686 2197 738 2247 in
776 2198 876 2248 boe
923 2198 1081 2248 Plinii
1123 2198 1259 2262 loeo,
1295 2212 1392 2261 pro

329 2274 482 2331 sodes,
504 2274 779 2337 legendum
802 2276 870 2325 sit
886 2275 1066 2326 studea.
1100 2275 1358 2325 Schwart-

399 2352 571 2417 διάη]
605 2352 712 2402 Pro
736 2354 999 2404 tribunali.
1033 2352 1170 2418 Lips-

398 2426 664 2478 Seateatiae
694 2434 792 2479 tac
825 2428 1054 2494 pretium]
1093 2430 1391 2492 cataneus,

333 2505 387 2555 iu
422 2506 680 2569 prioribus
715 2506 1048 2563 editionibus,
1082 2509 1206 2559 item
1231 2507 1390 2558 Paul·

333 2581 415 2630 lus
454 2582 765 2646 Stephanus,
799 2591 855 2635 et
885 2584 1006 2636 Jac.
1032 2582 1251 2640 Chouet‚
1297 2598 1392 2647 pro

334 2671 462 2708 voce
513 2660 738 2725 pretium,
792 2660 1166 2724 evulgaverunt
1223 2661 1392 2723 praci-

327 2748 493 2798 ptnuu.
577 2735 640 2786 In
694 2736 877 2787 codiee
915 2736 1294 2801 salisburgensi
1337 2745 1395 2787 et

334 2826 453 2862 uteo
486 2827 770 2877 pronomen
791 2820 891 2865 ιω
909 2816 1171 2877 omissum,
1194 2825 1250 2866 et
1273 2815 1393 2865 sub·

335 2904 561 2955 sequens
597 2893 831 2951 verbum,
851 2892 1114 2956 judicasse,
1146 2894 1198 2943 in
1236 2894 1394 2943 vindi·

335 2983 463 3018 caue
500 2976 753 3021 mutatum
804 2978 905 3021 est.
968 2971 1125 3021 Prior
1167 2973 1395 3021 varietas

334 3042 476 3096 foret
509 3046 832 3110 tolerabilis;
866 3048 1033 3097 altera
1066 3060 1275 3112 prorsus
1319 3055 1399 3097 est

234 3180 237 3185 ¹
334 3122 570 3185 inutilis;
602 3123 823 3190 ideoque
853 3124 905 3173 in
940 3122 1119 3173 codiee
1139 3122 1399 3173 salisbur-

335 3201 484 3264 gensi
507 3208 730 3265 utraque
764 3202 863 3252 ista
896 3203 1055 3252 lectio
1085 3201 1151 3253 ab
1175 3203 1276 3253 alia
1297 3217 1401 3251 ma·

333 3289 402 3326 nu
438 3285 523 3327 est
560 3278 857 3328 emendata.
920 3279 1123 3329 Plinius
1157 3292 1282 3328 vero
1320 3279 1399 3327 in-

333 3364 496 3404 nuere
540 3355 724 3417 valuit,
766 3354 1050 3420 Trajanum
1101 3355 1245 3405 nullo
1299 3355 1400 3405 alio

333 3430 435 3481 snb
475 3431 710 3495 proemio.
743 3434 888 3481 nullo
932 3432 1079 3483 lucro
1118 3430 1401 3497 fructuque

336 3508 462 3569 alio,
496 3507 687 3558 obiisse
709 3508 930 3572 judicia,
964 3522 1118 3572 quam
1152 3515 1214 3559 ut
1252 3517 1399 3558 recte

327 3583 611 3648 judicaret.
675 3585 793 3637 Qua
814 3584 866 3635 in
888 3585 1149 3635 sententia
1169 3585 1402 3650 sequitur

333 3659 555 3723 stoicos,
599 3660 688 3726 qni
729 3661 977 3723 docuere,
1012 3661 1262 3711 virtutem
1298 3674 1400 3713 non

336 3749 456 3785 esse
490 3736 881 3792 mercenariam,
903 3735 995 3785 sed
1023 3749 1138 3786 esse
1161 3736 1259 3787 sibi
1284 3750 1403 3800 pre·

339 3811 489 3863 tium.
557 3812 697 3862 Hinc
718 3812 920 3862 Seneca
943 3813 1111 3877 Epist.
1132 3815 1217 3863 81.
1250 3813 1268 3842 ‘
1283 3813 1402 3862 Vir-

337 3891 508 3938 tutum
531 3889 759 3939 omnium
793 3890 1017 3954 pretium
1048 3890 1098 3939 in
1131 3888 1257 3955 ipsis
1287 3897 1397 3939 ests

336 3979 443 4016 non
475 3967 613 4015 enim
652 3973 970 4017 exercentur
1000 3966 1063 4015 ad
1105 3967 1400 4031 praemium

338 4052 488 4093 recte
505 4042 637 4093 facti
653 4058 850 4094 merces
869 4051 968 4098 est,
985 4041 1209 4094 fecisse?
1254 4043 1404 4093 Idem

335 4119 405 4170 de
445 4120 573 4169 Vita
599 4119 786 4181 Beata,
825 4134 941 4183 cap.
962 4123 1012 4168 9.
1044 4122 1060 4147 ⁶
1083 4119 1404 4184 Interrogas,

337 4195 462 4261 quid
502 4202 675 4259 petam
699 4209 764 4245 ex
789 4196 1022 4245 virtute?
1058 4196 1243 4260 ipsam.
1309 4198 1404 4247 Ni-

337 4275 412 4325 bil
435 4276 573 4324 enim
596 4280 679 4324 est
701 4274 903 4337 melius,
932 4274 1042 4337 ipsa
1079 4277 1303 4338 pretium
1327 4276 1406 4331 sni

2375 353 2508 421 983

1455 508 1574 559 est.¹
1628 510 1775 561 Idem
1797 509 1866 561 de
1889 510 2147 561 Clement.
2166 522 2206 563 r.
2224 513 2272 561 1.
2300 511 2318 541 ‘
2339 512 2506 564 Recte

1454 583 1710 636 factorum
1743 601 1899 638 verus
1927 586 2128 638 fructus
2160 598 2258 653 eat,
2291 587 2510 655 fecisse3

1453 676 1554 712 nec
1578 664 1735 713 ullum
1771 664 2016 716 virtutum
2052 666 2274 730 pretium
2296 666 2398 716 iilis
2417 681 2509 717 ex·

1457 745 1539 789 tra
1560 740 1698 802 ipsas
1722 741 1840 791 est.’
1905 741 2066 792 ovid.
2088 756 2154 792 ex
2176 727 2350 793 Ponto
2371 757 2434 794 11.
2458 747 2509 794 8.·

1455 819 1539 866 88.
1572 817 1589 844 ‘
1610 817 1863 868 Mercede
1896 826 2062 882 caret,
2096 832 2190 883 per
2229 830 2387 882 seque
2418 834 2511 884 pe·

1459 893 1618 944 tenda
1647 902 1730 944 est
1762 895 2005 945 Exteruis
2026 896 2189 946 virtus
2211 895 2511 945 incomitata

1458 969 1640 1020 bonis?
1706 971 1768 1021 In
1808 972 1887 1021 bis
1927 979 2100 1022 tamen
2136 971 2406 1023 sententiis
2438 972 2512 1024 ia-

1460 1053 1572 1096 tere
1594 1049 2081 1112 magniloquentiam
2106 1048 2357 1113 quandam
2377 1049 2514 1099 stoi*

1459 1138 1590 1181 cam,
1612 1125 1818 1174 ostendi
1852 1126 1903 1174 in
1938 1124 2145 1175 dissert.
2168 1125 2236 1175 de
2266 1125 2513 1175 abusione

1459 1199 1826 1251 abstractionis
1854 1202 2221 1265 metaphysica
2245 1202 2298 1252 in
2321 1202 2515 1252 doetri-

1459 1293 1528 1328 na
1557 1293 1784 1330 morumt
1819 1289 2017 1329 certum
2051 1280 2183 1328 enim
2224 1288 2325 1341 est,
2353 1280 2517 1330 virtu-

1461 1362 1568 1405 tem
1603 1370 1775 1404 veram
1815 1356 1963 1404 simul
1998 1364 2056 1406 et
2085 1357 2349 1407 honestam
2383 1370 2514 1412 esse.

1459 1439 1518 1481 et
1546 1431 1842 1495 jucundam,
1858 1440 1915 1482 et
1938 1433 2144 1492 utilem;
2171 1447 2407 1497 eumque,
2427 1434 2517 1499 qui

1460 1508 1718 1558 attributa
1749 1508 1850 1560 ista
1882 1510 2220 1573 separaverit,
2256 1509 2394 1558 ltatid
2431 1523 2520 1558 vea

1462 1599 1572 1634 ram
1618 1585 1823 1635 virtutis
1867 1586 2100 1650 rectique
2144 1584 2300 1635 officii
2347 1584 2517 1635 ideam

1458 1663 1681 1724 babere3
1703 1663 1798 1712 nisi
1822 1663 2101 1727 intelligat,
2122 1664 2309 1714 nullam
2332 1662 2521 1727 jucun·

1461 1738 1705 1801 ditatem,
1747 1739 2149 1803 utilitatemque,
2191 1739 2519 1803 qnoerendam

1462 1829 1598 1872 esse,
1635 1830 1753 1880 quae
1785 1830 1887 1865 non
1922 1830 2039 1865 cum
2076 1818 2269 1865 virtute
2301 1816 2370 1866 sit
2399 1829 2523 1865 con-

1454 1893 1664 1957 juncta.
1699 1891 1947 1941 Sekoan-

1533 1969 1666 2018 Beae
1693 1967 1960 2032 judicasse]
1996 1968 2176 2019 stoam
2214 1970 2371 2031 sapit,
2404 1982 2520 2032 quo

1463 2047 1482 2075 ⁴
1504 2046 1724 2095 honesta
1766 2059 1866 2094 non
1910 2045 1961 2094 iu
2008 2045 2301 2095 mercedem
2349 2042 2525 2093 coiit.’

1465 2121 1664 2172 Eadem
1722 2121 1809 2170 ille
1844 2120 2009 2170 stuic.
2044 2120 2145 2185 Ep.
2194 2125 2277 2171 81.
2322 2119 2524 2171 ‘Recte

1465 2195 1613 2254 facti,
1657 2194 1846 2247 fecisse
1901 2210 2100 2246 merces
2154 2194 2290 2245 est.'
2373 2196 2524 2246 Idem

1466 2273 1634 2323 Ciem.
1668 2286 1708 2322 1.
1739 2277 1819 2323 12.
1847 2274 1864 2302 ‘
1883 2273 2048 2323 Recte
2081 2271 2335 2323 factorum
2372 2287 2524 2322 verus

1465 2347 1671 2400 fruetus
1698 2350 1787 2412 sit,
1807 2347 2014 2412 fecisse,
2042 2364 2141 2400 nec
2170 2351 2329 2400 ullum
2365 2351 2527 2399 virtu·

1465 2435 1578 2477 tum
1600 2427 1823 2490 pretium
1848 2426 2056 2489 dignum
2090 2427 2189 2476 illis
2220 2432 2371 2477 extra
2392 2427 2528 2490 ipsas

1467 2504 1571 2555 sit.'
1638 2503 1945 2553 Claudiau.‘
1965 2503 2092 2567 Ipsa
2126 2502 2333 2569 quidem
2365 2503 2527 2552 virtus

1467 2582 1691 2647 pretium
1734 2580 1832 2629 sibi
1876 2581 2086 2644 solaque
2133 2581 2239 2629 late
2281 2579 2527 2628 Fortunas

1465 2674 1652 2710 secura
1675 2657 1848 2707 nitet.'
1886 2658 2059 2707 Tacit.
2079 2655 2341 2707 Ananim.
2359 2656 2375 2683 ‘
2391 2657 2530 2706 Con·

1468 2736 1690 2786 scientia
1709 2733 1838 2784 facti
1862 2733 1973 2798 (vel
2007 2739 2066 2782 ut
2088 2733 2234 2797 Lips.
2269 2732 2334 2782 ad
2369 2746 2529 2797 marg.

1453 2811 1637 2878 saetis)
1660 2813 1789 2862 satis
1809 2810 1931 2860 est.’
1961 2811 2117 2861 Bern-

1536 2891 1617 2940 De
1637 2887 1860 2950 smmis
1887 2887 2012 2953 sais]
2046 2888 2179 2937 Post
2208 2886 2325 2937 boec
2351 2886 2530 2942 verba,

1469 2968 1524 3017 in
1545 2966 1728 3018 codice
1747 2964 2150 3028 stlisbnrgensi,
2171 2970 2228 3013 et
2261 2977 2400 3025 meo,
2418 2964 2530 3013 siue

1473 3046 1580 3094 ulio
1602 3058 1716 3101 usn,
1742 3043 2008 3092 adduntur
2029 3041 2105 3090 bo
2131 3040 2415 3105 particule,
2438 3055 2532 3090 noa

1470 3108 1654 3180 aetnam·
1686 3135 1803 3185 que
1843 3119 2088 3169 videntur
2128 3119 2182 3168 in
2227 3126 2532 3169 contextam

1471 3200 1743 3263 irrepsisse
1777 3197 2046 3261 e·‘glossis;
2076 3195 2283 3261 quando
2312 3194 2534 3247 fortasse

1472 3288 1633 3340 snper
1654 3275 1814 3325 verba
1833 3276 1951 3338 ista,
1982 3265 2282 3336 desert-ai}
2294 3275 2412 3336 suis,
2441 3275 2536 3324 mi·
2615 3276 2624 3329 ζ

1473 3367 1572 3403 nus
1596 3350 1797 3402 utiliter
1818 3353 2070 3416 scriptum
2104 3350 2226 3409 fuit,
2255 3367 2351 3401 noa
2383 3354 2536 3402 solent

1473 3431 1533 3478 de
1550 3429 1785 3489 fortuitis.
1814 3429 2073 3479 Schwarz.

1541 3507 1624 3557 De
1643 3513 1729 3558 tua
1750 3506 2124 3570 existimatione]
2140 3506 2310 3557 Proba
2325 3506 2437 3555 bae
2453 3512 2536 3556 est

1476 3586 1656 3647 lectio,
1677 3591 1734 3634 et
1767 3584 1818 3632 in
1854 3583 2086 3647 pluribus
2110 3582 2379 3632 codicibus
2405 3583 2534 3634 Mas.

1476 3676 1539 3711 sc
1563 3660 1711 3710 libris
1733 3660 1999 3723 impressis
2021 3657 2204 3720 obvia3
2235 3659 2338 3708 etsi
2357 3658 2412 3706 in
2434 3659 2536 3706 Va·

1475 3737 1654 3786 ticano
1675 3737 1823 3785 ⁸461.
1849 3734 2120 3795 scriptum,
2150 3741 2207 3783 et
2241 3735 2293 3782 in
2327 3734 2536 3797 quibus·

1475 3812 1599 3861 dam
1624 3811 1893 3873 impressis
1916 3823 2163 3859 excusum
2185 3808 2271 3867 sit,
2292 3816 2378 3859 lua
2403 3812 2539 3858 oesti·

1474 3888 1681 3938 mione
1692 3900 1725 3947 ,··
1736 3888 1966 3951 itemque
1990 3887 2043 3936 in
2066 3886 2246 3936 codice
2262 3887 2539 3950 Patavino,

1477 3973 1537 4016 et
1581 3964 1717 4014 libro
1758 3964 2033 4020 Vossiano,
2074 3969 2157 4013 tan
2199 3963 2506 4014 extimatione
2515 3980 2536 4023 ,-

1476 4042 1677 4095 adbaec.
1721 4040 1773 4089 in
1816 4040 2193 4104 salisburgensi
2242 4041 2442 4104 codiee,
2479 4048 2537 4092 et

1478 4133 1618 4181 meo,
1637 4119 1712 4168 tui
1732 4117 2104 4168 existimatione.
2170 4119 2235 4168 P.
2255 4118 2426 4170 Faber
2447 4122 2540 4171 sa·

1478 4196 1764 4253 merianus,
1789 4196 1840 4243 in
1864 4194 2113 4246 brevibus
2135 4196 2268 4245 notis
2288 4197 2351 4246 ad
2371 4198 2537 4247 Pane·

1479 4274 1713 4338 gyricum
1757 4270 1938 4335 Plinii,
1970 4286 2084 4336 quoe
2128 4271 2343 4323 editioni
2387 4274 2537 4324 Pari-
