3017 4942
747 436 814 482 c.
865 433 1106 485 ommi
1158 433 1491 487 sncuNm
1544 434 1821 485 Panno.
1901 419 2085 485 aas.

304 582 580 629 mutar.
615 576 870 628 Schwart-

378 656 442 706 Si
475 655 697 720 velimus]
729 656 793 706 In
839 655 1007 706 Paulli
1040 655 1290 721 Stephani
1321 662 1378 705 et

313 733 468 784 Petri
508 733 716 783 Chouet
747 733 995 795 editione,
1038 734 1127 782 illa
1166 733 1376 798 quidem

313 824 400 861 an.
423 815 571 861 1601.
604 811 703 861 hac
744 825 826 861 an.
863 815 1009 861 1643.
1045 826 1138 874 pro
1164 811 1377 866 velimus,

311 889 509 950 legitur
527 889 780 939 vellemus.-
813 887 906 939 sed
936 895 1080 952 puto,
1110 888 1264 937 istam
1291 902 1375 936 va·

311 965 588 1015 riationem
637 966 819 1015 deberi
870 966 1078 1030 ingenio
1121 965 1337 1015 editoris
1362 981 1378 1026 ς

312 1041 437 1105 qnia
465 1056 582 1091 mox
613 1042 772 1092 etiam
810 1056 906 1106 pro
936 1041 1095 1092 verbo
1117 1042 1376 1105 vincemur,

310 1119 539 1182 positum
563 1124 642 1167 est
665 1119 975 1169 vincerentur.
1012 1119 1181 1169 Idem.

380 1197 601 1259 Certore,
618 1194 879 1259 vincemur]
901 1196 1149 1261 Loquitur
1175 1195 1375 1246 Plinius

311 1271 384 1322 de
420 1273 744 1322 ‘certamine
780 1271 1167 1322 adulationum'
1205 1273 1256 1321 in
1288 1286 1378 1322 ex·

309 1351 602 1415 cogitandis
629 1353 772 1402 novis
817 1352 980 1403 titulis
1011 1361 1067 1403 et
1098 1352 1377 1403 honoribus

310 1431 585 1494 principis,
607 1430 673 1481 de
696 1445 798 1497 qno
821 1431 1028 1481 dixerat
1052 1445 1163 1481 mv.
1184 1436 1233 1479 5.
1269 1431 1378 1480 Pro

309 1509 576 1569 vincemur,
600 1523 703 1558 non
734 1515 938 1559 tantum
969 1508 1138 1558 Paull.
1157 1508 1378 1572 Stepha-

308 1599 426 1647 nus,
458 1593 515 1635 et
553 1585 744 1639 Petrus
767 1586 988 1649 Chouet,
1014 1585 1107 1635 sed
1143 1590 1264 1635 ante
1284 1585 1379 1635 hos

309 1662 469 1711 etiam
506 1662 847 1725 Puteolanus,
872 1661 1176 1719 Beroaldus,
1198 1668 1254 1712 et
1280 1663 1378 1713 Ca·

311 1742 535 1801 tanaeus‚
584 1738 862 1788 ediderunt
901 1739 1208 1789 vinceremur.
1271 1736 1377 1788 Sed

309 1812 591 1862 retinenda
622 1820 703 1863 est
736 1815 897 1865 lectio
928 1829 959 1865 a
993 1815 1207 1880 reliquis
1235 1815 1377 1865 libris

308 1889 523 1953 scriptis
572 1892 882 1956 excusisqne
926 1891 1247 1942 confirmata.
1283 1892 1378 1942 -In

309 1978 429 2015 meo
469 1967 655 2017 codice
699 1969 944 2019 mendose
1002 1970 1255 2034 scriptum
1300 1975 1380 2019 est

309 2045 571 2093 vincemus.
640 2045 886 2096 Pertinet
906 2047 1007 2096 huc
1031 2048 1174 2096 locus
1196 2062 1261 2096 ex
1286 2047 1379 2096 Se·

310 2134 461 2170 necae
504 2121 672 2184 Epist.
709 2126 792 2172 45.
820 2125 926 2188 jam
966 2138 996 2173 a
1033 2124 1282 2173 Catanaeo
1324 2130 1381 2174 et

310 2196 492 2258 Lipsio
509 2206 935 2261 praeoccupatus:
960 2207 975 2230 ⁸
990 2198 1237 2249 Adulatio
1257 2199 1380 2250 ami·

309 2272 490 2322 citiam
515 2287 618 2323 non
647 2273 880 2324 imitatur
910 2282 1129 2339 tantum,
1155 2276 1247 2326 sed
1274 2277 1379 2327 vin·

312 2352 407 2414 cit,
452 2358 508 2400 et
549 2352 824 2416 praeterit.’
890 2352 1026 2403 Item
1068 2368 1133 2402 ex
1173 2353 1380 2403 Horatii

313 2427 451 2478 Arte
480 2428 630 2479 Poiit.
656 2444 732 2478 vs.
749 2433 867 2480 481.
891 2433 907 2460 ⁸
931 2430 1004 2480 Ut
1027 2433 1112 2496 qui
1138 2429 1381 2481 conducti

310 2506 520 2570 plorant
557 2506 607 2555 in
632 2504 838 2570 funere,
860 2506 1039 2558 dicunt
1065 2506 1148 2558 Ac
1181 2505 1381 2556 faciunt

312 2596 480 2646 prope
500 2583 653 2646 plura
674 2574 970 2635 dolentibus
993 2598 1060 2633 ex
1082 2585 1283 2645 anim03
1309 2584 1383 2634 sic

312 2661 537 2711 Derisor
554 2660 894 2725 [assentator]
920 2676 1043 2712 vero
1068 2662 1184 2727 plus
1205 2660 1378 2711 lauda·

314 2745 432 2786 tore
457 2739 735 2788 movetur.’
779 2738 867 2789 Ita
899 2740 1201 2803 plerumque
1236 2739 1381 2787 nimi·

310 2829 398 2863 nm
444 2830 559 2865 esse
595 2817 748 2881 solet,
778 2818 913 2882 quod
952 2824 1035 2867 est
1069 2817 1381 2867 simulatum.

312 2893 624 2957 Exemplum
648 2897 882 2960 capimus
915 2910 945 2944 a
980 2904 1163 2946 senatu
1191 2894 1383 2944 Roma·

318 2986 403 3035 no,
431 2975 725 3035 gratulante
751 2974 944 3025 Othoni
981 2975 1045 3023 de
1085 2975 1304 3024 victoria
1326 2979 1384 3024 et

313 3050 463 3098 crede
488 3049 696 3112 Galbae,
716 3051 853 3116 quod
871 3050 1033 3101 refert
1047 3051 1222 3101 Tacit.
1239 3051 1383 3101 Hist.

316 3138 355 3174 ι.
377 3130 464 3175 45.
501 3133 518 3154 ‘
539 3128 710 3178 Ruere
742 3130 915 3178 cuncti
939 3129 991 3178 in
1020 3136 1213 3191 castra,
1238 3134 1382 3177 ante·

314 3200 683 3268 ire‘proximis,
698 3212 903 3255 certare
922 3220 1036 3255 cum
1060 3218 1385 3270 praecurren·

319 3277 481 3341 tibus,
506 3276 779 3343 increpare
799 3281 1042 3343 Galbam,
1066 3281 1277 3331 laudare
1292 3280 1385 3330 mi·

316 3356 465 3405 litum
515 3356 789 3421 judicium,
836 3359 1124 3408 exosculari
1162 3358 1384 3408 Othonis

318 3444 557 3494 manum;
585 3441 882 3498 quantoque
905 3434 1066 3498 magis
1090 3432 1218 3483 falsa
1237 3439 1389 3482 erant

320 3520 435 3571 quae
457 3506 669 3564 flebant,
699 3516 849 3558 tanto
868 3511 1014 3573 plura
1033 3508 1244 3558 facere?
1267 3509 1347 3558 Id.

378 3583 614 3647 Cer-tore]
649 3585 832 3635 'ritulis
852 3591 907 3634 et
926 3584 1182 3635 laudibus.
1217 3585 1354 3649 Lips.

390 3661 674 3727 Vim-emar]
706 3664 846 3713 Nam
883 3670 940 3713 nt
978 3665 1180 3713 Seneca
1220 3665 1386 3728 Epist.

317 3742 400 3789 46.
423 3740 440 3768 ⁶
459 3739 692 3790 adulatio
719 3740 998 3792 amicitiam
1024 3756 1128 3791 non
1153 3741 1389 3790 imitatur

322 3823 548 3881 tantum,
565 3817 655 3868 sed
679 3818 838 3869 vincit
858 3827 911 3869 et
931 3817 1200 3883 praeterit.'
1234 3818 1391 3868 Idem.

384 3894 714 3958 Ingeniosior]
735 3896 875 3944 Vera
899 3910 1100 3958 caussa,
1126 3894 1210 3958 qui
1235 3894 1388 3943 simu·

319 3970 453 4031 lant,
491 3970 654 4035 magis
688 3973 1025 4021 connituntur
1047 3977 1102 4019 et
1132 3970 1388 4033 ingenium

323 4044 617 4098 intendunt.
683 4047 814 4097 Ideo
834 4047 1097 4097 delectant
1117 4062 1208 4095 nos
1233 4047 1391 4095 simu·

321 4123 428 4172 iata
452 4125 548 4181 ira,
574 4124 884 4181 tristitia,'et
908 4124 1128 4186 similia3
1170 4139 1285 4189 quae
1313 4130 1390 4172 ta·

323 4212 438 4248 men
483 4199 538 4248 in
579 4213 632 4248 re
672 4205 928 4264 spectata,
967 4207 1179 4264 angunt.
1251 4197 1393 4248 Vide

325 4275 666 4399 ξΙιιιεπεΙιιιιτι
704 4279 906 4331 Quaest.
942 4278 1214 4329 Convival.
1257 4290 1305 4326 v.
1343 4280 1393 4325 1.

357 4355 477 4406 dem.

2387 421 2518 491 787

1524 578 1852 644 [ingeniosior]
1871 579 1887 609 ⁸
1910 578 2159 630 Adulatio
2177 594 2328 645 quam
2346 580 2521 635 similis

1457 654 1726 711 amicitiae,
1749 670 1850 705 non
1874 656 2107 707 imitatur
2137 664 2338 707 tantum
2362 658 2525 721 illam,

1453 733 1546 782 sed
1572 731 1766 783 vincit.’
1814 733 2000 784 Senec.
2021 733 2188 797 Epist.
2203 737 2287 784 45.
2327 734 2523 785 Horat.

1456 821 1471 843 ⁸
1493 814 1567 864 Ut
1590 815 1679 878 qni
1717 814 1967 866 conducti
2004 815 2211 880 plorant
2240 815 2293 866 in
2319 813 2523 879 funere,

1454 891 1637 942 dicunt
1663 891 1741 943 Ac
1764 891 1958 944 faciunt
1982 907 2147 960 prope
2171 894 2322 959 plura
2344 892 2523 945 dolen-

1456 969 1595 1019 tibus
1614 984 1680 1020 ex
1701 969 1909 1021 animo.'
1943 972 2096 1022 Bm.

1517 1045 1599 1095 Ad
1632 1047 2025 1113 excogitandum]
2060 1048 2265 1098 Plinius
2298 1046 2453 1109 infra,
2473 1063 2521 1097 e.

1457 1135 1634 1172 Lxxn.
1657 1127 1707 1172 7.
1744 1127 1760 1154 ⁸
1781 1124 1934 1174 Nosti
1962 1126 2329 1176 necessitatem
2362 1126 2523 1175 servi-

1457 1199 1622 1260 tutis3
1660 1199 1868 1263 quando
1892 1202 2058 1252 simile
2085 1201 2280 1267 aliquid
2312 1201 2522 1263 audisti,

1456 1281 1512 1324 et
1555 1275 1761 1340 quando
1807 1276 2029 1328 dixisti?
2096 1278 2269 1329 Multa
2309 1278 2523 1343 quidem

1457 1353 1726 1417 excogitat
1750 1362 1940 1418 metus,
1962 1356 2054 1405 sed
2089 1371 2207 1420 quae
2232 1363 2527 1420 appareant

1455 1433 1678 1496 quaesita
1700 1431 1764 1481 ab
1797 1430 2006 1483 invitis?
2073 1433 2187 1483 Nec
2210 1433 2395 1482 mir-nm
2418 1437 2521 1494 est,

1455 1521 1551 1556 cnr·
1590 1507 1644 1569 ii,
1676 1507 1763 1572 qui
1797 1507 1881 1556 vel
1913 1514 2102 1572 sponte
2141 1507 2405 1570 simulant,
2437 1507 2521 1555 vel

1456 1583 1695 1635 simulare
1721 1597 1934 1633 necesse
1963 1583 2178 1646 hahent,
2215 1583 2523 1649 ingeniosio-

1457 1677 1542 1713 res
1565 1676 1681 1712 esse
1705 1663 1910 1712 soleant
1938 1661 2002 1711 ad
2039 1660 2409 1724 excogitandos
2433 1661 2522 1711 ho·

1455 1753 1626 1796 nores,
1659 1737 1960 1804 laudesque,
1983 1738 2034 1788 in
2069 1738 2291 1802 gratiam
2324 1751 2522 1800 eorum,

1456 1818 1644 1883 quibus
1669 1817 1976 1878 adulantnr3
2007 1815 2166 1866 veriti
2190 1815 2346 1871 enim,
2371 1822 2431 1864 ut
2454 1828 2527 1865 ex

1458 1895 1629 1945 animo
1652 1895 1790 1956 loqui
1814 1899 1870 1943 et
1892 1908 2046 1957 agere
2067 1893 2361 1948 videantur,
2383 1892 2424 1941 si
2447 1892 2524 1941 in·

1458 1978 1542 2021 tra
1578 1969 1990 2020 mediocritatem
2033 1969 2337 2029 subsistant,
2379 1967 2522 2033 inge-

1459 2048 1598 2098 nium
1622 2048 1951 2112 animumque
1969 2046 2133 2111 magis
2147 2043 2447 2110 intendunt,
2465 2051 2527 2095 ut

1460 2125 1525 2177 ad
1555 2124 1828 2187 tegendam
1850 2124 2226 2189 velandamqne
2243 2123 2527 2173 simulatio·

1460 2215 1579 2250 nem
1605 2200 1886 2262 insigniora
1916 2199 2157 2265 quedam
2193 2198 2396 2250 honoris
2421 2198 2528 2247 lan·

1459 2278 1646 2342 disque
1691 2277 2005 2327 documenta
2052 2283 2325 2342 promant;
2366 2288 2527 2340 quan·

1463 2368 1617 2418 quam
1663 2368 1726 2403 eo
1769 2352 1882 2418 ipso
1916 2367 2135 2404 excessu
2174 2351 2527 2417 sagacioribus

1460 2446 1603 2495 saepe
1658 2431 1821 2493 magis
1879 2429 2104 2495 prodant
2149 2428 2529 2479 simulationem

1461 2523 1626 2559 suam.
1694 2508 1885 2573 Itaque
1925 2507 2196 2558 Plutarch.
2235 2506 2287 2555 in
2332 2505 2526 2566 libello,

1461 2587 1516 2636 in
1535 2600 1637 2650 quo
1662 2585 1903 2650 exponit,
1936 2583 2191 2649 quomodo
2215 2583 2381 2647 possit
2402 2583 2529 2632 adu»

1461 2665 1596 2715 lator
1633 2662 1698 2712 ab
1735 2663 1902 2712 amico
1944 2660 2245 2716 internosci,
2282 2672 2404 2722 pag.
2441 2662 2527 2707 63.

1460 2739 1708 2796 ostendit,
1751 2738 2105 2789 adulationem
2150 2738 2377 2786 veritate
2411 2748 2529 2786 esse

1460 2815 1861 2879 ingeniosiorem
1899 2820 1954 2863 et
1992 2813 2373 2877 operosiorem3
2403 2810 2529 2860 adu-

1462 2891 1641 2942 latoris
1679 2887 1816 2941 facta
1852 2889 1977 2940 nihil
2014 2903 2211 2946 verum,
2250 2888 2376 2937 nihil
2409 2888 2529 2937 sim·

1462 2969 1603 3033 plex.
1660 2967 1783 3017 nihil
1838 2966 2074 3029 liberale,
2125 2965 2317 3014 hahere
2342 2979 2358 3024 ς
2408 2977 2528 3012 eum

1460 3042 2017 3105 sudare,„discurrere‚
2053 3042 2300 3102 clamare,
2330 3040 2529 3088 vultum

1462 3121 1792 3181 contrahere,
1817 3127 1873 3170 ut
1898 3119 2186 3181 ministerio
2209 3117 2434 3182 speciem
2457 3117 2531 3164 la·

1463 3197 1682 3247 boriosae
1710 3211 1770 3246 ac
1807 3192 2031 3246 difficilis
2066 3208 2239 3259 operae
2269 3191 2530 3245 conciliet.

1461 3274 1611 3325 Idem
1636 3274 1911 3339 Plutarch.¹
1942 3273 1996 3322 in
2027 3272 2154 3322 Vita
2176 3270 2453 3329 Demetrii,
2477 3284 2531 3333 p.

1460 3356 1584 3403 90³.
1605 3358 1798 3409 monet,
1826 3349 2352 3400 inconstantissimum
2376 3347 2532 3397 bene-

1464 3431 1711 3480 volentiae
1737 3427 2081 3478 multitudinis
2116 3425 2324 3490 regibus
2359 3431 2411 3473 et
2437 3424 2532 3487 dy·

1464 3507 1630 3556 uastis
1654 3518 1766 3554 esse
1786 3503 2052 3564 indicium,
2067 3499 2260 3551 effusos
2276 3501 2496 3553 honores
2512 3514 2529 3558 ς

1463 3584 1671 3634 eosdem
1717 3582 1855 3631 enim
1889 3594 2029 3643 sepe
2064 3586 2120 3629 et
2159 3593 2188 3627 a
2229 3575 2533 3627 timentibus

1464 3659 1702 3723 decerni,
1736 3667 1793 3709 et
1826 3657 1892 3707 ab
1928 3655 2251 3715 amantibus;
2287 3661 2341 3702 at
2375 3667 2531 3701 unum

1464 3743 1827 3800 argumentum
1853 3750 1964 3783 esse
1983 3745 2117 3782 verae
2134 3730 2534 3790 benevolentia»,

1465 3816 1508 3862 si
1529 3814 1583 3876 ii,
1609 3813 1794 3876 quibus
1817 3808 2128 3860 deferuntur
2144 3808 2383 3866 honores,
2408 3819 2533 3855 con·

1465 3890 1557 3937 scii
1580 3889 1675 3937 sibi
1705 3889 1827 3945 sint,
1860 3900 1916 3935 se
1950 3883 2104 3934 factis
2130 3891 2186 3933 et
2211 3883 2402 3931 virtute
2429 3895 2534 3929 me-

1467 3966 1651 4018 ruisse.
1681 3964 1923 4014 Schwurz.

1533 4039 1715 4103 Simul]
1751 4040 1906 4089 Hanc
1938 4035 2248 4102 particulam
2275 4050 2371 4099 pro
2400 4042 2415 4065 ⁴
2443 4034 2541 4091 etl*

1461 4119 1550 4168 vel
1582 4126 1597 4149 ⁴
1624 4115 1818 4172 etiam‚’
1852 4116 1993 4179 poni,
2016 4114 2126 4179 J‘am
2160 4114 2439 4163 Catanaeus
2478 4122 2534 4163 et

1469 4198 1786 4248 Arntzenius
1827 4200 2161 4245 annotarunt.
2230 4193 2316 4246 Ita
2361 4203 2534 4242 orator

1468 4282 1645 4325 noster
1675 4276 1832 4324 etiam
1862 4271 1996 4323 infra
2029 4273 2275 4336 loquitur,
2311 4282 2532 4320 mxxxii.

1465 4359 1518 4404 8.
1563 4354 1762 4405 ‘Simul
1804 4351 2017 4418 cogito-⁸
2078 4351 2165 4401 Sic
2202 4357 2259 4400 et
2288 4349 2398 4400 Cic.
2439 4362 2537 4412 pro
