3017 4942
520 348 655 418 882

520 508 699 562 Divin.
732 524 772 563 1.
805 515 890 563 28.
926 508 945 541 ‘
968 512 1097 564 Cum
1134 517 1191 563 tu
1227 527 1366 579 equo
1402 513 1592 566 advec-

523 596 607 640 tus
642 589 709 641 ad
750 590 1009 656 quandam
1048 592 1224 655 magni
1257 590 1484 642 fluminis
1525 592 1593 641 ri·

521 679 644 730 pam
678 678 958 731 provectus
992 667 1185 730 subito,
1221 676 1377 733 atque
1411 669 1592 733 delap-

520 759 610 794 sus
632 745 686 794 in
707 742 920 807 flumen,
938 760 1039 795 non
1060 746 1429 809 apparuisses.'
1468 746 1592 796 Vir-

520 820 609 885 gil.
644 821 764 874 AEn.
801 836 869 873 11.
904 826 1018 873 606.
1075 830 1090 853 ⁴
1116 823 1459 874 Provehimur
1498 839 1591 889 pe·

517 897 655 962 lngo,
671 899 840 949 vicina
858 899 1119 951 Ceraunia
1131 900 1324 964 juxta)
1367 901 1592 961 Deinde,

519 974 659 1039 quod
676 976 831 1040 vulgo
846 984 1072 1039 constat,
1086 991 1181 1040 per
1198 979 1591 1029 translationem

518 1050 678 1101 etiam
703 1058 718 1081 ⁸
742 1051 806 1101 ad
837 1051 1058 1103 honores
1080 1056 1296 1117 provehi
1312 1054 1328 1077 ’
1347 1055 1589 1107 dicimur.

517 1128 685 1178 Tacit.
711 1127 903 1180 Annal.
924 1142 1053 1180 xm.
1071 1133 1155 1180 20.
1188 1131 1205 1157 ‘
1218 1130 1476 1180 But-rhum
1494 1131 1588 1181 eti-

519 1219 603 1256 am
638 1206 918 1258 demovere
942 1205 1260 1271 prefectum
1280 1209 1590 1273 destinarat,

520 1291 764 1347 tanquam
807 1281 1117 1348 Agrippinas
1154 1285 1318 1348 gratia
1372 1299 1591 1347 provec-

518 1357 667 1408 tum!
684 1368 688 1373 ·
705 1359 835 1423 Ipse
853 1366 1028 1410 autem
1046 1359 1250 1410 Plinius
1266 1362 1435 1410 locum
1453 1361 1591 1412 hunc

517 1436 671 1493 infra
698 1437 751 1487 in
785 1436 890 1487 fine
923 1437 1261 1504 Panegyrici,
1290 1439 1487 1502 optime
1522 1438 1591 1488 ad

516 1529 575 1566 se
598 1515 768 1578 ipsum
786 1514 1052 1579 applicat.
1086 1516 1102 1543 ‘
1119 1516 1173 1566 Si
1193 1531 1346 1566 cursu
1367 1516 1589 1603 quodam

518 1668 659 1731 cipe,
677 1667 1027 1734 (Domitiano,
1030 1666 1053 1732 )
1076 1677 1356 1733 antequam
1381 1668 1591 1732 profite-

515 1753 665 1795 retur
685 1744 859 1799 odium
882 1745 1154 1800 bonorum,
1173 1754 1445 1809 postquam
1472 1760 1591 1809 pro·

517 1819 687 1871 fessus
709 1829 811 1882 est,
836 1819 1081 1878 substiti,’
1101 1824 1204 1871 ἅο.
1239 1822 1485 1872 Schwarz.

583 1897 876 1962 Improvisus
902 1897 1040 1946 turbo
1064 1899 1357 1962 perculerat]
1394 1899 1593 1949 Puteo-

515 1971 690 2035 lanus,
713 1971 1026 2029 Beroaldus,
1048 1982 1107 2024 et
1140 1973 1485 2031 Philomusns,
1515 1975 1592 2024 uti

517 2047 647 2107 dixi,
665 2051 860 2107 omisso
877 2052 1156 2115 participio
1172 2057 1434 2115 provectos,
1449 2054 1592 2102 evul-

519 2132 727 2190 garunt,
742 2127 1022 2191 improvisos
1038 2126 1176 2177 turbo
1194 2131 1479 2192 perculerat.
1522 2130 1592 2179 Et
1610 2160 1611 2163 =

517 2216 815 2268 quanquam
839 2203 1117 2252 Rhenanus
1147 2203 1427 2254 adsciverit
1450 2203 1591 2255 istud

515 2280 872 2344 participium,
884 2280 1210 2330 nihilominus
1226 2289 1419 2344 tamen,
1435 2283 1594 2333 inter·

518 2357 694 2421 posito
710 2355 920 2422 quidem
934 2363 1213 2421 commate,
1227 2360 1443 2410 eandem
1461 2361 1595 2410 hanc

514 2435 801 2486 lectionem
852 2436 1117 2500 procudit.
1206 2437 1310 2489 Sed
1360 2451 1467 2498 res,
1506 2439 1594 2488 vel

517 2523 765 2573 persona,
793 2526 912 2576 qnae
946 2526 1013 2560 ex
1050 2511 1319 2577 inopinato
1352 2522 1409 2564 et
1444 2515 1595 2564 dere·

517 2595 681 2652 pente
714 2589 926 2651 accidit,
957 2589 1065 2638 sive
1100 2592 1427 2652 supervenit,
1461 2596 1476 2619 ‘
1499 2591 1593 2640 im·

518 2664 756 2730 provisa'
779 2664 986 2731 quidem
1009 2666 1223 2730 dieitur,
1240 2680 1342 2716 non
1363 2681 1485 2716 vero
1503 2669 1593 2718 ho·

514 2742 705 2800 mines,
739 2744 929 2810 quibus
969 2743 1088 2798 talis
1124 2759 1206 2793 res
1245 2753 1331 2793 aut
1371 2759 1596 2808 persona

519 2818 736 2882 accidit,
753 2819 860 2870 dici
882 2819 1054 2869 solent
1077 2821 1093 2848 ‘
1121 2822 1389 2884 improvisi
1406 2821 1439 2883 ς’
1472 2823 1525 2871 h.
1545 2839 1594 2874 e.

516 2900 535 2924 ‘
559 2894 871 2961 improvisus
888 2896 903 2919 ’
931 2912 1034 2947 non
1067 2899 1238 2948 active
1268 2907 1324 2948 et
1347 2901 1595 2950 neutrali·

517 2976 602 3022 ter
648 2975 869 3024 sumitur
914 2989 1010 3038 pro
1049 2976 1362 3040 improvido,
1400 2979 1594 3042 impru-

518 3047 703 3105 dente,
732 3049 956 3107 iucauto,
989 3051 1316 3115 inopinante,
1340 3068 1439 3102 non
1474 3068 1594 3117 spe-

519 3134 700 3187 rante3
734 3119 825 3175 sed
853 3127 1057 3189 passive
1082 3128 1287 3186 dicitur,
1306 3130 1456 3194 quasi
1490 3145 1595 3180 non

520 3208 852 3265 expectatus,
874 3217 976 3252 non
1000 3214 1263 3267 speratus,
1286 3221 1389 3256 nou
1419 3209 1596 3272 provi-

520 3292 641 3341 sus3
678 3293 976 3344 quanquam
1011 3281 1193 3331 similis
1218 3284 1440 3333 mutatio
1467 3284 1596 3334 alios

519 3355 677 3406 etiam
701 3364 945 3406 auctores
964 3354 1167 3407 infecit.
1226 3359 1313 3409 Sic
1330 3359 1470 3423 apud
1488 3360 1596 3410 Ve-

522 3439 634 3495 get.
660 3431 727 3481 de
753 3432 830 3482 Re
853 3432 971 3481 Mil.
988 3447 1079 3484 111.
1097 3437 1180 3483 20.
1210 3435 1450 3498 legimus,
1483 3438 1500 3465 ⁸
1520 3436 1596 3488 Ut

520 3522 589 3557 ex
622 3518 847 3573 utroque
880 3524 1045 3560 cornu
1078 3512 1386 3575 improvisos
1421 3514 1597 3564 hostes

520 3592 699 3636 vertas
734 3586 786 3636 in
810 3584 985 3649 fugam
1003 3586 1037 3649 ;'
1074 3587 1165 3638 ubi
1188 3589 1384 3639 rectius
1408 3591 1596 3641 rescri-

519 3660 746 3714 bendum
769 3664 1072 3727 improvisus,
1111 3666 1347 3729 quamvis
1385 3680 1482 3715 nec
1507 3681 1595 3717 ve·

522 3744 689 3789 tustus
728 3741 896 3791 codex
940 3756 1085 3791 meus
1131 3742 1344 3806 vegetii
1390 3743 1456 3792 ab
1494 3744 1597 3795 ista

521 3816 726 3864 macula
745 3817 813 3866 sit
830 3818 1088 3867 immunis.
1143 3817 1450 3882 Item,apud
1475 3822 1596 3870 Vic-

519 3897 629 3940 tor.
653 3891 720 3940 de
745 3892 888 3941 Viris
914 3894 1116 3944 Illustr.
1135 3910 1182 3943 c.
1197 3899 1282 3946 23.
1316 3897 1597 3963 ‘Qui(Ca·

521 3966 720 4032 millus)
743 3968 926 4018 absens
946 3970 1174 4020 dictator
1197 3973 1386 4034 dictus,
1405 3966 1597 4026 collec-

524 4042 592 4091 tis
625 4044 876 4109 reliquiis,
900 4046 1080 4096 Gallos
1105 4049 1409 4112 improvisos
1434 4051 1596 4100 inter·

526 4121 745 4170 necione
767 4122 1011 4172 oceidit·'
978 4159 994 4183 ,
1046 4124 1136 4174 ubi
1160 4125 1339 4174 itidem
1361 4140 1453 4190 pro
1472 4136 1596 4178 casu

528 4204 714 4261 quarto
750 4198 960 4261 pluralis
995 4201 1195 4250 numeri
1229 4203 1413 4253 melius
1440 4218 1597 4267 repo-

526 4274 671 4325 nitur
704 4289 855 4325 casus
898 4277 1094 4341 primus
1133 4279 1335 4330 numeri
1370 4280 1598 4345 singula·

1217 368 1439 421 NOTAE
1492 368 1898 420 vammum
1943 369 2029 419 11«

1665 514 1755 571 ris.
1787 514 2102 579 improuisus,-
2141 520 2295 578 prout
2315 512 2515 568 Justin.
2536 527 2643 565 vn.
2675 518 2730 564 6.

1667 591 1937 655 loquitur:
2006 593 2022 621 ⁸
2055 592 2368 642 Thessaliam
2422 591 2733 655 improvisus

1666 668 1974 732 expugna&
2039 669 2252 720 Curtius
2288 682 2367 719 vt.
2398 673 2450 718 ὃ.
2489 670 2506 698 ‘
2528 668 2734 732 Impro-

1665 746 1808 795 visus
1833 747 1967 795 hosti
1990 744 2327 810 supervenit?
2392 745 2483 795 Sic
2503 746 2520 774 ⁸
2543 747 2735 809 impro-

1665 822 1805 871 visus
1838 821 2024 873 turbo’
2058 823 2250 872 dicitur
2281 821 2556 886 repentina
2579 829 2638 871 et
2659 822 2736 869 in·

1665 899 1877 962 opinata
1921 907 2233 964 tempestas;
2282 899 2318 947 i.
2357 913 2405 948 e.
2447 899 2736 948 calamitas.

1663 974 1823 1038 Apud
1856 976 2024 1026 Tacit.
2061 977 2246 1025 Annal.
2281 989 2359 1025 tv.
2383 980 2468 1025 62.
2502 976 2520 1004 ‘
2544 975 2738 1039 Ingen-

1666 1051 1794 1100 tium
1816 1051 2066 1103 bellorum
2083 1051 2284 1101 cladem
2301 1052 2529 1116 aequavit
2546 1053 2740 1101 malum

1664 1127 2037 1190 improvisum?
2101 1129 2164 1180 In
2194 1130 2330 1179 libro
2357 1129 2616 1179 vossiano
2645 1142 2740 1193 pro

1660 1207 1948 1268 perculerat,
1970 1214 2223 1256 annotata
2252 1213 2335 1255 est
2359 1205 2538 1254 insulsi
2563 1205 2742 1268 cujus·

1665 1281 1784 1330 dam
1800 1281 1996 1330 librarii
2012 1282 2270 1345 scriptura
2281 1282 2572 1346 procuderet.
2608 1281 2742 1332 Quae

1666 1359 1927 1420 scriptura
1943 1359 2108 1422 petita
2123 1358 2332 1409 videtur
2349 1373 2414 1408 ex
2432 1358 2623 1407 codice
2639 1357 2741 1406 Pa-

1668 1435 1875 1495 tavin05
1913 1434 1967 1482 in
2001 1450 2103 1500 quo
2139 1440 2309 1484 tamen
2343 1435 2410 1484 ab
2439 1434 2549 1483 alia
2582 1448 2742 1483 mauu

1663 1524 1821 1574 supra
1843 1512 2093 1576 scriptum
2116 1519 2196 1561 est
2218 1512 2508 1576 perculerat.
2582 1513 2741 1561 Pror-

1665 1602 1752 1636 sus
1776 1602 1897 1638 vero
1917 1589 1967 1636 iu
1985 1589 2118 1639 lianc
2135 1590 2448 1638 sententiam
2467 1587 2612 1637 dixit
2629 1587 2743 1636 Cic.

1665 1677 1760 1727 pro
1792 1664 1995 1728 Sextio,
2020 1680 2068 1715 c.
2091 1670 2175 1716 67.
2207 1672 2223 1694 ⁸
2242 1664 2362 1715 Alia
2392 1664 2639 1729 qnaedam
2672 1663 2745 1713 ci·

1665 1754 1781 1789 vem
1813 1742 2080 1805 egregium
2111 1742 2271 1806 iniqui
2294 1742 2484 1806 judicii
2507 1742 2746 1806 procella

1668 1820 1958 1882 pervertit;
2003 1820 2168 1869 ceteri
2208 1834 2334 1868 vero
2372 1818 2656 1882 repentina
2695 1817 2745 1868 vi

1665 1898 1890 1960 perculsi
1914 1912 1975 1948 ac
2004 1902 2337 1962 tempestate,
2361 1911 2456 1959 per
2487 1895 2744 1960 populum

1669 1983 1838 2024 tamen
1867 1975 2039 2039 ipsum
2062 1976 2283 2024 recreati
2315 1979 2439 2024 sunt
2469 1979 2634 2038 atque
2666 1986 2748 2021 re·

1665 2051 1879 2102 vocati.'
1944 2053 2016 2103 Et
2051 2067 2143 2116 pro
2176 2051 2365 2112 Coelio,
2389 2066 2440 2100 c.
2462 2054 2551 2101 32.
2589 2052 2607 2078 ‘
2635 2049 2747 2099 No·

1665 2127 1761 2177 lite
1784 2129 1921 2179 hunc
1946 2138 2192 2194 tanquam
2211 2128 2421 2179 turbine
2440 2127 2640 2193 aliquo,
2656 2130 2749 2176 aut

1667 2206 1838 2257 subita
1854 2214 2189 2271 tempestate,
2205 2208 2551 2270 pervertere:
2573 2203 2748 2254 Tacit.

1666 2282 1860 2333 Annal.
1881 2298 1960 2335 tv.
1977 2289 2063 2335 63.
2100 2285 2117 2312 ‘
2137 2285 2325 2348 Neque
2350 2282 2474 2332 dum
2497 2295 2746 2345 comper·

1669 2367 1742 2417 to,
1767 2375 1894 2424 quos
1928 2362 2017 2410 illa
2040 2361 2116 2410 vis
2142 2359 2468 2424 perculisset,
2491 2359 2659 2410 latior
2682 2371 2747 2406 ex

1669 2434 1873 2487 incerto
1897 2435 2097 2487 metus-⁹
2128 2436 2280 2486 Idem.

1734 2515 1877 2572 Quod
1905 2514 2055 2579 enim]
2092 2513 2201 2562 Pro
2227 2512 2370 2576 quod,
2390 2509 2611 2560 edidere
2634 2509 2750 2574 quid

1669 2593 2011 2654 Puteolanus,
2040 2636 2043 2643 ,
2073 2589 2382 2652 Beroaldus,
2441 2588 2748 2650 Catanaens,

1669 2666 1856 2732 Aldus,
1889 2668 2252 2731 Cuspinianns,
2288 2666 2648 2728 Philomusus‚
2684 2665 2746 2713 R.

1669 2744 1981 2807 Stephanus,
2003 2743 2273 2807 Gryphius
2308 2756 2392 2792 an.
2415 2743 2570 2792 1681.
2641 2740 2745 2789 Na·

1669 2818 1802 2878 vius,
1837 2819 2133 2869 sichardus.
2209 2818 2312 2868 Sed
2353 2815 2745 2882 praeferenaum

1669 2903 1753 2945 est
1784 2898 1939 2960 quod,·
1971 2895 2055 2946 cui
2088 2897 2236 2945 locus
2258 2901 2341 2945 est
2366 2895 2421 2944 in
2456 2893 2659 2962 ceteris
2689 2893 2748 2941 li·

1671 2971 1777 3024 bris
1802 2988 1956 3024 manu
1978 2974 2218 3039 typisque
2237 2972 2540 3035 exscriptis.
2572 2972 2727 3021 Idem·

1680 3094 1689 3099 .
1739 3053 1896 3101 Tanta
1916 3049 2115 3113 leuitas]
2137 3050 2245 3100 Pro
2269 3063 2396 3099 voce
2421 3049 2620 3105 levitas,
2645 3061 2745 3098 non

1671 3129 1836 3177 solum
1873 3127 2106 3181 codicem
2132 3125 2446 3176 Vaticanum
2479 3123 2744 3175 8461.sed

1672 3205 1830 3254 etiam
1866 3203 2124 3253 editiones
2151 3195 2405 3260 Cat'anaei,
2442 3201 2595 3264 Aldi,
2625 3200 2750 3252 Phi-

1671 3283 1876 3345 lomusi,
1912 3282 2092 3346 Navii,
2130 3280 2356 3346 Grypltii
2390 3295 2476 3331 an.
2499 3284 2655 3330 1542.
2691 3285 2747 3329 et

1672 3361 1813 3414 forte
1847 3361 2063 3411 aliorum
2098 3360 2378 3422 occupavit
2412 3359 2626 3417 lenitam·
2662 3371 2748 3406 ve·

1674 3453 1789 3488 rum
1816 3443 2038 3502 praestat
2062 3436 2226 3486 lectio
2262 3435 2537 3497 vulgatior,
2567 3447 2745 3499 quam·

1672 3516 1751 3565 vis
1782 3514 1959 3566 lenitas
1981 3528 2011 3562 a
2035 3514 2286 3565 Catanaeo
2323 3525 2419 3576 per
2454 3512 2743 3561 simulatio-

1671 3607 1792 3642 nem
1846 3591 2076 3642 lenitatis
2138 3590 2458 3654 explicetur.
2548 3589 2755 3645 Magna·

1672 3669 1808 3719 enim
1850 3669 2030 3732 utique
2069 3675 2152 3716 est
2181 3667 2364 3716 levitas
2396 3660 2554 3713 animi
2576 3667 2631 3709 et
2666 3659 2741 3706 in·

1672 3745 1966 3797 constantia
1988 3760 2166 3796 eornm
2192 3743 2501 3808 principum,
2522 3749 2738 3801 qnorum

1670 3820 1824 3872 favor
1844 3832 1898 3872 et
1926 3821 2191 3871 blanditiae
2223 3819 2393 3869 subito
2424 3812 2476 3861 iu
2516 3813 2647 3862 iram
2685 3817 2739 3861 et

1673 3897 1927 3947 saevitiem
1960 3896 2360 3947 commutantur.
2392 3888 2546 3938 Idem.

1740 3973 1956 4024 Facilius
1977 3970 2124 4032 esset]
2157 3967 2412 4017 Constans
2432 3963 2738 4023 lnaeclectio‚

1672 4066 1844 4117 neque
1882 4048 2038 4099 facile
2081 4041 2424 4104 solicitanda3
2458 4038 2738 4091 solicitavit

1673 4135 1851 4178 tamen
1869 4141 1981 4175 eam
2004 4121 2231 4185 Lipsius,
2250 4119 2510 4182 opinatus,
2532 4123 2739 4166 senten·

1675 4205 1800 4255 tiam
1836 4204 1956 4252 iude
2003 4185 2158 4249 reddi‘
2189 4195 2455 4259 frigidam,
2492 4193 2588 4242 nisi
2630 4190 2735 4240 ani-

1673 4289 1863 4337 metur,
1886 4279 1930 4328 si
1945 4280 2088 4340 legas
2101 4273 2315 4334 felicius.
2360 4270 2547 4336 Neque
2564 4275 2735 4318 tamen
