3017 4942
2313 305 2352 330 Ἴ

528 376 665 444 674
942 417 991 429 ·.
1124 415 1127 424 ·
1233 393 1449 444 κοτε
1502 392 1910 444 umorum
1964 393 2049 445 ιιι

598 535 692 587 Sui
730 534 1068 600 parentumque
1096 533 1347 599 peniteat]
1379 536 1596 587 Scilicet

530 615 706 679 potuit
729 614 869 665 cives
889 613 984 664 sub
999 623 1219 679 tyranno
1236 616 1471 665 viventes
1487 629 1593 680 poe·

531 694 703 742 nitere
721 699 1039 756 posterorum
1064 708 1290 755 suorum,
1311 708 1437 757 quos
1455 708 1594 757 mag-

531 768 611 817 uis
647 768 856 833 quidem
894 770 1030 818 curis
1066 769 1424 834 laboribusque
1464 771 1592 820 edu-

529 847 794 908 caveriut3
815 861 951 896 nunc
975 862 1098 897 vero
1116 847 1372 905 viderent,
1391 849 1592 911 rapaci-

529 924 650 986 tati,
669 929 724 973 et
743 923 1062 988 crudelitati,
1087 923 1387 989 libidinique
1413 930 1591 988 tyran-

528 1000 602 1057 ni,
642 1001 943 1064 expositos3
979 999 1311 1063 inprimis-‚si
1348 1007 1591 1062 parentes

526 1075 629 1140 ipsi
668 1076 936 1139 supplIciis
966 1074 1186 1124 filiorum
1217 1075 1471 1125 interesse
1502 1090 1589 1125 eo-

529 1160 815 1215 gerentur:
849 1151 987 1217 quod
1012 1149 1209 1202 factum
1232 1159 1314 1202 est
1337 1153 1590 1215 Caliguloe

527 1229 864 1294 temporibus,
887 1235 1024 1279 teste
1046 1229 1261 1280 Suetou.
1290 1228 1453 1293 Calig.
1470 1243 1588 1293 esp.

524 1309 609 1355 27.
655 1306 923 1356 Poeuitere
949 1320 1036 1355 eos
1061 1306 1231 1369 potuit
1253 1304 1270 1333 ‘
1286 1304 1363 1353 sui
1380 1303 1413 1365 ς’
1446 1305 1586 1368 quod

523 1398 580 1434 se
600 1382 857 1433 servarint
885 1390 990 1432 tarn
1013 1382 1154 1432 duris
1178 1381 1587 1447 periculosisque

525 1460 867 1525 temporibus,
919 1465 979 1508 ut
1026 1457 1284 1507 servirent
1330 1458 1584 1508 voluntati

522 1536 750 1600 tyranni,
783 1549 881 1585 nec
914 1549 1022 1585 suae
1052 1534 1260 1584 virtutis
1284 1533 1424 1582 aliud
1449 1548 1586 1597 prae-

521 1612 700 1669 mium,
736 1626 886 1677 quam
925 1611 1228 1675 cruciatum,
1264 1610 1501 1670 exitium,
1529 1617 1586 1662 et

520 1698 760 1747 mortem,
775 1705 804 1740 a
825 1698 1046 1754 tyranno
1065 1693 1428 1753 expectarent.
1464 1689 1584 1738 1³oe-

518 1766 686 1817 nitere
722 1767 948 1830 denique
984 1764 1192 1814 eosdem
1229 1765 1388 1814 etiam
1409 1766 1584 1828 potuit

517 1844 534 1873 ‘
547 1850 823 1909 parentum
841 1842 875 1904 ς’
897 1842 1033 1907 quod
1059 1842 1126 1891 ab
1149 1840 1228 1891 bis
1251 1843 1360 1892 nati
1387 1848 1583 1906 essent,
1660 1879 1675 1896 .
1700 1879 1715 1896 .
1737 1880 1752 1896 .

517 1936 550 1970 a
576 1922 782 1985 quibus,
804 1934 898 1983 per
920 1918 1173 1969 saevitiam
1200 1919 1472 1982 principis,
1497 1921 1582 1969 vel

514 2000 719 2059 occisis,
742 1996 1165 2059 velexspoliatis
1184 1996 1432 2045 nonsatis
1455 1994 1580 2045 edu-

515 2076 645 2140 cari,
666 2088 763 2124 nec
795 2074 1022 2137 aliquam
1052 2071 1398 2123 hereditatem
1422 2086 1580 2137 cape·

515 2168 593 2210 re,
619 2153 899 2216 potuerint.
935 2153 1087 2201 Idem.

588 2232 659 2281 Ut
674 2231 899 2291 ferarum
923 2231 1094 2296 catuli]
1137 2231 1204 2280 Ut
1220 2230 1404 2290 ferar-ii
1431 2200 1583 2282 catuli

514 2309 822 2359 Grut.1ta
846 2310 1050 2375 quidem
1079 2310 1260 2372 editio,
1284 2325 1435 2375 quam
1462 2325 1580 2374 pro-

512 2386 715 2437 curavit
732 2386 880 2437 nobis
899 2388 1124 2451 optimus
1144 2387 1404 2436 Livineius
1416 2405 1432 2448 3
1465 2387 1579 2448 sed,

511 2479 629 2515 cum
653 2465 809 2516 abeat
832 2466 988 2517 verbo
1013 2480 1114 2514 uno
1136 2482 1167 2515 a
1188 2466 1452 2529 scriptura
1475 2469 1580 2517 vul·

510 2554 652 2608 gata,
670 2559 837 2609 neque
862 2545 1014 2595 ullius
1039 2544 1337 2594 mutationis
1360 2545 1577 2594 mentio-

508 2639 630 2674 nem
648 2623 807 2675 faciat
832 2624 881 2673 iu
905 2624 1043 2674 notis
1067 2624 1190 2688 suis,
1214 2623 1465 2687 suspicari
1490 2638 1576 2673 eo·

508 2714 619 2764 gor,
633 2700 756 2750 illud
765 2701 947 2761 feraris·
963 2715 1074 2751 esse
1095 2713 1368 2763 operarum
1390 2714 1575 2764 pecca·

508 2783 638 2833 tum,
664 2777 1121 2841 reponendumque
1133 2774 1372 2836 ferarum.
1403 2777 1557 2826 Grut-

573 2855 804 2905 Ferarum
837 2854 1009 2917 catuli]
1044 2853 1265 2913 Navius,
1300 2853 1576 2918 Livineius,

505 2936 561 2979 et
608 2930 933 2981 Parisieuses
977 2945 1061 2979 au.
1103 2933 1252 2979 1643.
1294 2930 1573 2980 ediderunt

488 3005 673 3064 feraris·
721 3007 887 3055 catuli.
973 3006 1107 3057 Quae
1153 3004 1315 3054 lectio
1363 3011 1573 3067 prorsus

504 3080 613 3131 abit
642 3096 672 3129 a
699 3081 959 3144 scriptura
984 3082 1214 3144 vulgata,
1236 3086 1295 3128 et
1315 3078 1379 3129 ab
1407 3082 1571 3130 omni·

501 3156 598 3206 bus
631 3156 898 3207 codicibus
931 3156 1063 3205 Mss.
1092 3157 1248 3206 immo
1279 3162 1334 3205 et
1365 3156 1432 3205 ab
1456 3157 1570 3222 ipso

501 3247 597 3282 usu
612 3229 805 3297 linguae
826 3233 1048 3282 Latinae.
1100 3232 1277 3292 Unde,
1294 3246 1415 3281 cum>
1431 3233 1570 3283 Gru-

501 3316 643 3359 terus
665 3325 778 3359 eam
799 3310 1073 3359 lectionem
1098 3308 1380 3358 invenisset
1403 3309 1454 3357 in
1480 3311 1569 3359 Li·

502 3385 653 3436 vineii
690 3385 946 3442 editione„
973 3400 1142 3452 neque
1172 3384 1569 3435 animadvertis·

499 3468 601 3523 set,
620 3461 908 3511 Livineium
936 3463 1089 3511 ullius
1108 3461 1406 3511 mutationis
1428 3476 1568 3511 men-

499 3537 692 3588 tionem
726 3536 900 3588 facere
923 3539 974 3588 in
999 3538 1133 3587 notis
1162 3538 1299 3598 suis;
1334 3539 1567 3602 suspica-

497 3620 582 3664 tus
621 3621 722 3679 est,
758 3614 885 3664 illud
911 3616 1096 3675 ferar-ii
1135 3629 1250 3663 esse
1288 3629 1566 3678 operarum

496 3700 791 3757 peccatum,
836 3693 1293 3757 reponendumque
1322 3692 1564 3753 ferarum.

494 3769 603 3821 Sed
639 3771 819 3833 miror,
840 3772 1143 3834 nequidem
1178 3768 1487 3824 Gruterum,
1509 3769 1563 3817 iu

490 3847 909 3898 Francofurtaua
923 3847 1152 3897 editione
1165 3862 1246 3896 an.
1263 3850 1407 3896 1007.
1422 3859 1566 3895 men-

493 3924 614 3974 dum
633 3925 757 3973 illud
775 3925 1146 3974 emendandum
1163 3936 1391 3973 curasse.
1408 3920 1559 3973 Quod

493 4001 536 4049 si
576 4013 717 4063 vero,
741 3997 943 4048 fatente
982 3997 1288 4059 Columella,
1311 3998 1362 4046 in
1394 3994 1562 4046 Praef.

488 4077 582 4127 lib.
605 4090 645 4125 ι.
671 4076 736 4125 de
762 4078 839 4125 Re
865 4078 1011 4126 Rust.
1049 4075 1208 4126 etiam
1242 4075 1259 4102 ‘
1284 4073 1462 4138 praida
1497 4088 1563 4123 ex

488 4150 671 4202 militia
690 4159 843 4214 capta
867 4152 1014 4200 nobis
1031 4151 1157 4200 nihil
1180 4151 1289 4199 siue
1310 4151 1559 4214 sanguiue

490 4235 547 4279 et
576 4227 810 4277 cladibus
840 4226 1020 4275 alienis
1047 4224 1200 4276 affert
1219 4224 1254 4287 ς’
1290 4240 1440 4291 quam
1463 4225 1558 4275 fle·

488 4303 613 4368 bile,
637 4316 834 4369 quaeso,
857 4309 912 4353 et
934 4316 1090 4367 quam
1121 4303 1449 4366 tyrannicum
1473 4307 1558 4353 est

1671 536 2000 595 beneficium,
2017 537 2061 588 si
2084 536 2234 588 liberi
2257 537 2462 602 civium,
2482 538 2744 603 sauguine·

1667 621 1723 666 et
1744 615 1996 676 coedibus,
2014 617 2065 665 b.
2085 631 2134 668 e.
2162 616 2310 666 bouis
2333 619 2617 667 occisorum
2641 618 2735 667 ali-

1668 705 1813 742 orum
1835 693 2042 756 civium,
2067 693 2392 742 nutriantur!
2426 693 2671 743 Salman-

1732 768 1932 818 Nemini
1969 774 2041 818 est
2078 768 2314 832 ereptum]
2353 770 2465 819 Cic.
2501 768 2657 819 Offic.
2692 783 2734 820 ι.

1667 848 1747 894 14.
1771 844 1856 895 ubi
1876 846 1984 908 agit
2005 845 2073 895 de
2097 844 2437 895 beneficentia
2458 859 2521 895 ac
2545 845 2737 896 libera-

1663 922 1833 986 litate,
1855 924 2058 986 multas,
2078 937 2271 988 easque
2295 924 2593 987 praeclaras,
2614 938 2738 988 quae

1664 999 1762 1049 buc
1786 1009 2050 1064 spectant,
2068 999 2354 1050 sententias
2374 997 2555 1059 affertz
2595 1008 2610 1030 ‘
2625 1001 2734 1053 Qui

1665 1076 1779 1125 aliis
1816 1075 2044 1134 nocent‚'
2081 1077 2268 1142 inquit,
2302 1077 2393 1125 ‘ut
2423 1077 2476 1126 in
2505 1077 2636 1127 alios
2675 1077 2735 1126 li-

1663 1152 1867 1203 berales
1889 1155 2011 1218 siut,
2029 1154 2080 1204 in
2105 1154 2289 1204 eadem
2311 1158 2433 1203 sunt
2456 1152 2738 1217 injustitia,

1664 1239 1730 1280 ut
1754 1231 1796 1281 si
1829 1232 1880 1281 iu
1903 1246 2048 1281 suam
2073 1246 2183 1281 rem
2209 1231 2380 1280 aliena
2401 1238 2733 1290 convertant.

1662 1307 1795 1357 Sunt
1828 1315 2001 1359 autem
2036 1307 2200 1365 multi,
2225 1317 2281 1357 et
2310 1306 2519 1372 quidem
2553 1308 2734 1370 cupidi

1659 1385 1952 1448 splendoris
2005 1392 2061 1436 et
2116 1385 2313 1448 glorie,
2362 1384 2449 1448 qui
2469 1421 2478 1432 ,
2499 1383 2736 1447 eripiunt

1658 1460 1788 1524 aliis,
1810 1461 1948 1526 quod
1971 1462 2084 1511 aliis
2105 1461 2412 1524 largiantur.
2438 1494 2453 1509 .
2472 1491 2487 1507 .
2509 1492 2527 1508 .
2550 1461 2733 1512 Quare

1660 1539 1722 1588 L.
1744 1539 1923 1605 Sullae,
1946 1545 2003 1590 et
2032 1540 2094 1590 C.
2121 1539 2363 1596 Caesaris,
2391 1538 2732 1602 pecuniarum

1659 1616 1924 1666 translatio
1949 1631 1979 1666 a
1999 1615 2159 1680 justis
2194 1615 2417 1665 dominis
2439 1614 2504 1664 ad
2531 1616 2731 1680 alienos

1658 1705 1761 1742 non
1793 1692 1955 1743 debet
1986 1693 2216 1742 liberalis
2246 1691 2447 1742 viderit
2483 1691 2614 1739 nihil
2650 1698 2735 1741 est

1657 1771 1793 1819 enim
1815 1766 2050 1833 liberale,
2066 1770 2203 1835 quod
2230 1784 2331 1819 non
2352 1769 2489 1818 idem
2503 1769 2729 1833 justum.

1788 1848 1935 1898 Inest
1971 1854 2145 1897 autem
2183 1848 2238 1897 in
2272 1846 2367 1897 tali
2404 1847 2729 1898 liberalitate

1657 1925 1919 1988 cupiditas
1949 1926 2253 1990 plerumque
2283 1923 2537 1987 rapiendi,
2560 1930 2617 1973 et
2641 1937 2731 1973 au·

1655 2001 1880 2060 ferendi,
1906 2017 2002 2067 per
2034 2004 2297 2068 iujuriam,
2319 2009 2377 2051 ut
2402 2001 2469 2051 ad
2500 2001 2730 2065 largien-

1655 2078 1776 2129 dum
1796 2086 2080 2144 suppetant
2099 2076 2303 2142 copias?
2351 2077 2488 2127 Haec
2504 2077 2620 2126 loca
2635 2076 2730 2126 eti-

1656 2171 1737 2206 arn
1763 2157 2123 2219 Berueggerus
2137 2155 2246 2219 jam
2272 2153 2546 2203 excitavit.
2597 2153 2728 2202 Cre-

1654 2232 1767 2295 das,
1783 2234 1962 2283 Latin.
1972 2234 2227 2283 Pacatum
2243 2229 2481 2280 habuisse
2497 2229 2726 2280 Plinium

1652 2309 1705 2359 iu
1745 2311 2003 2366 manibus.
2038 2324 2176 2371 eum,
2218 2320 2409 2357 xxvu.
2446 2309 2492 2356 1.
2533 2305 2729 2369 similia

1652 2386 1940 2436 scriberet:
1975 2388 1991 2434 ἕ
2016 2382 2500 2450 Est.iimproborum
2533 2382 2726 2446 priuci-

1650 2462 1813 2528 pum,'
1834 2462 2021 2528 inquit,
2040 2463 2341 2525 ‘postrema
2361 2456 2725 2515 defensio,sau-

1649 2539 1787 2589 ferre
1821 2536 2347 2601 donandigratiaset
2368 2533 2618 2584 invidiam
2644 2549 2724 2584 ra.-

1651 2615 1888 2680 pinarum
1926 2612 2287 2677 magnitudine
2327 2624 2598 2660 munerum
2634 2610 2726 2660 de-

1649 2692 1897 2755 precari.
1880 2690 2078 2741 ’.ldem
2639 2715 2644 2718 ν

1659 2807 1664 2814 .
1716 2768 2026 2833 EreptumJ‘
2051 2766 2155 2819 Qui
2189 2765 2308 2825 aliis
2339 2727 2554 2826 nocent,
2576 2770 2637 2814 ut
2671 2764 2723 2812 in

1649 2845 1778 2896 alios
1799 2846 2040 2895 liberales
2070 2844 2196 2906 sint,
2218 2842 2270 2892 in
2294 2841 2477 2892 eadem
2502 2850 2625 2890 sunt
2647 2841 2724 2890 iu-

1609 2955 1614 2959 ·
1640 2925 1869 2989 justitia,
1889 2931 1946 2974 ut
1967 2924 2009 2974 si
2032 2924 2082 2974 in
2109 2936 2252 2980 suam
2276 2934 2387 2970 rem
2407 2920 2578 2968 aliena
2598 2932 2721 2968 con-

1650 3002 1892 3066 vertant,'
1923 3002 2040 3051 Cic.
2064 2998 2171 3051 Off.
2196 3013 2237 3048 1.
2272 3005 2288 3027 ‘
2313 2996 2505 3061 Cupidi
2542 2996 2716 3060 splen·

1645 3078 1787 3128 'doris
1828 3086 1883 3129 et
1917 3078 2106 3142 ‚gloriae
2152 3075 2383 3139 eripiunt
2424 3072 2559 3137 quod
2606 3073 2719 3121 aliis

1647 3153 1974 3219 largiantur}
2030 3153 2172 3203 idem
2224 3151 2352 3201 ibid.
2410 3152 2427 3179 ‘
2466 3149 2589 3199 Non
2641 3155 2720 3199 est

1644 3233 1817 3295 magni
1850 3231 2024 3287 animi,
2056 3230 2144 3295 qui
2181 3231 2247 3280 de
2288 3228 2459 3277 alieno
2489 3224 2718 3275 liberalis

1645 3316 1758 3370 est3
1792 3309 1883 3359 sed
1919 3308 2028 3370 ille,
2052 3307 2156 3371 qui,
2179 3304 2315 3370 quod
2352 3302 2505 3358 alteri
2538 3302 2720 3357 donat,

1644 3383 2244 3446 sibidetrabitw'Senec
2269 3382 2403 3431 Ben.
2425 3394 2467 3430 1.
2488 3382 2582 3429 20..
2606 3379 2715 3428 ‘Ea

1641 3461 1962 3511 liberalitate
1996 3468 2223 3519 utamur,
2243 3473 2360 3522 qnae
2395 3457 2558 3519 prosit
2590 3456 2715 3505 ami-

1643 3552 1737 3599 cis,
1757 3544 1943 3592 noceat
1972 3534 2191 3591 nemini,
2190 3533 2343 3583 ’Cic.
2370 3529 2477 3583 Off.
2504 3545 2542 3579 ι.
2608 3531 2711 3580 Sed

1638 3614 1899 3678 'PraJanus
1923 3627 1954 3662 a
1978 3610 2214 3676 pecuniis
2230 3608 2412 3658 alienis
2436 3615 2491 3655 et
2516 3605 2712 3670 injustis

1641 3690 1875 3746 caedibus
1898 3687 2168 3738 abstinuit.
2209 3685 2335 3735 Dio.
2371 3684 2540 3748 Rern..
2693 3722 2707 3736 .

1705 3769 1813 3819 Nec
1834 3768 1958 3816 hunc
1974 3763 2184 3829 quidem]
2220 3760 2400 3812 Codex
2427 3758 2709 3810 Vaticanus

1638 3848 1787 3895 3461.
1822 3855 1916 3907 pro
1956 3855 2085 3891 voce
2118 3840 2260 3902 bunc,
2297 3837 2457 3886 babet
2488 3835 2575 3888 12oe
2590 3844 2632 3894 ‚·,⁴
2655 3841 2710 3883 ut
2782 3891 2788 3898 .

1638 3933 1926 3984 pronomen
1975 3916 2126 3982 quasi
2165 3915 2430 3964 referatur
2469 3913 2535 3961 ad
2575 3913 2707 3960 inte·

1636 3995 2145 4060 gramssententiam..
2204 3990 2306 4040 Sed
2346 3986 2575 4054 praefero
2603 3988 2707 4037 lec·

1636 4072 1831 4122 tionem
1858 4071 2167 4135 reliquorum
2192 4067 2439 4117 librorum
2463 4063 2704 4116 omnium.

1636 4148 1743 4198 Cur
1773 4152 1946 4197 autem
1965 4144 2246 4209 princeps,
2265 4140 2603 4206 locupletatis
2632 4139 2702 4189 ci·

1637 4224 1804 4282 vibus,
1830 4236 1932 4278 non
1949 4222 2249 4287 pauperior
2284 4218 2550 4273 reddatur,
2574 4214 2701 4270 indi.-

1634 4308 1722 4354 eat
1736 4301 1875 4354 idem
1890 4300 2279 4352 Lat-Pacatus:
2302 4298 2317 4326 ⁴
2327 4294 2699 4363 Imperatori...-
