3017 4942
743 411 808 459 c.
858 409 1100 460 emim
1148 410 1479 461 saeuum
1531 412 1808 462 Panno.
1889 413 1939 461 t.
1983 397 2093 464 57.

303 578 314 601 a
361 553 522 604 Initio
558 552 882 619 principatus]
955 552 1368 616 Intelligendum

296 638 378 681 est
404 631 609 681 initium
633 633 817 682 summi
841 638 896 682 et
931 632 1069 695 pleni
1105 633 1367 697 priucipa-

298 713 403 761 tus,
418 721 574 770 quem
595 707 850 771 Trajanus
868 709 1073 758 demum
1099 718 1215 773 post
1233 725 1366 761 mor·

297 790 405 833 tem
431 785 650 847 Nerva»,
677 792 915 849 tanquam
953 784 1221 848 Augustus
1254 799 1368 834 sus-

296 863 462 925 cepit.
530 862 724 926 Pagius
750 862 803 913 in
842 864 1063 913 Dissert.
1099 863 1369 929 Hypatica

297 937 484 992 tradit,
519 937 816 1001 Claudium,
853 940 942 1003 qni
1000 953 1136 989 anno
1173 939 1368 990 Christi

297 1015 700 1079 quadragesimo
723 1015 888 1079 primo
910 1031 1139 1080 praeesse
1162 1017 1237 1066 rei
1264 1018 1367 1067 Ro·

296 1105 462 1141 maura
509 1092 694 1156 coepit,
737 1094 957 1157 primum
1002 1109 1070 1143 ex
1115 1093 1367 1158 Augustis

296 1169 432 1217 hunc
474 1183 670 1218 morem
721 1170 996 1234 invexisse,
1041 1177 1097 1220 ut
1142 1169 1366 1233 Augusti

296 1261 416 1296 mox
440 1247 539 1298 snb
559 1248 756 1297 initium
776 1250 1006 1313 suscepti
1022 1248 1366 1313 principatus,

273 1326 545 1389 -proximis
568 1326 810 1377 Calendis
829 1328 865 1379 J
869 1327 1109 1382 attuariis,
1125 1326 1365 1377 consules

292 1401 544 1452 ordinarii
571 1404 938 1465 processerint,
953 1404 1157 1468 sicque,
1174 1417 1364 1452 assum·

293 1483 349 1527 to
372 1480 672 1543 consulatu,
692 1481 835 1544 quasi
873 1479 1241 1542 possessionem
1271 1478 1364 1528 im·

293 1556 428 1618 perii
467 1555 747 1607 firmarint.
813 1556 906 1614 At,
945 1558 1103 1621 Casp.
1144 1556 1363 1607 Barthio

290 1641 581 1684 annotante
617 1634 683 1685 ad
721 1634 1082 1698 Claudianum,
1116 1633 1168 1682 in
1205 1634 1362 1685 Cous.

291 1709 496 1761 Honor.
525 1724 613 1758 ur.
637 1726 689 1773 p.
709 1714 826 1760 477.
851 1725 961 1760 mos
996 1711 1106 1775 ille,
1138 1723 1362 1759 summos

289 1798 467 1834 rerum
491 1786 759 1851 principes
794 1788 1065 1836 consulare
1089 1801 1272 1836 munus
1296 1787 1361 1837 si·

285 1862 395 1912 mul
438 1878 623 1927 gerere
663 1865 905 1921 voluisse,
954 1865 1140 1915 ducem
1181 1864 1362 1915 babuit

291 1938 352 1988 L.
389 1940 611 1996 Sullam,
658 1941 746 2004 qni
802 1941 1032 1991 dictator
1077 1942 1359 1992 secundum

288 2017 473 2066 consul
495 2031 612 2066 esse
635 2017 817 2075 voluit,
842 2026 901 2067 ut
923 2026 1074 2069 notat
1094 2018 1362 2082 Appianns

286 2094 355 2143 Β.
399 2095 464 2144 C.
501 2094 590 2160 lib.
629 2109 669 2143 ι.
705 2094 793 2145 ubi
827 2101 1026 2157 narrat,
1064 2096 1361 2159 insequenti

284 2183 426 2219 anno
480 2169 698 2232 Sullam,
752 2169 1070 2220 dictatorem
1114 2172 1364 2236 quamvis,

282 2251 468 2295 tamen
508 2246 574 2295 ad
621 2246 1090 2307 repraesentandam
1133 2247 1359 2310 aliquam

282 2323 591 2386 reipublicae
616 2321 856 2388 formam,
878 2326 1204 2374 consulatum
1230 2325 1360 2377 alte·

281 2415 398 2451 rum
437 2401 720 2464 recepisse,
746 2403 948 2463 collega
975 2401 1196 2450 Metello
1220 2402 1359 2464 Pio;

283 2486 338 2527 et
378 2479 503 2527 hinc
540 2477 684 2529 forte
726 2493 922 2528 morem
968 2478 1265 2535 invaluisse,
1301 2487 1360 2528 ut

277 2563 467 2616 postea
504 2554 723 2603 Romani
748 2569 950 2619 quoqne
977 2555 1231 2612 Caesares,
1269 2569 1360 2619 pe·

278 2645 376 2680 nes
404 2646 535 2695 qnos
559 2639 680 2681 erat.
692 2632 893 2681 creatio
921 2632 1206 2690 consulum,
1233 2631 1358 2693 ipsi·

280 2715 392 2754 met
436 2721 556 2754 eum
583 2708 836 2756 honorem
870 2707 1225 2766 assumserim,
1249 2720 1357 2757 rem

279 2784 560 2846 pulchram
594 2783 869 2845 ducentes,
903 2798 1101 2832 summo
1139 2784 1358 2845 imperio

278 2860 615 2908 consulatum
662 2858 959 2923 adjungere.
1028 2858 1136 2907 Hic
1180 2864 1356 2909 autem

282 2934 488 2983 Plinius
513 2933 710 2984 iaudat
754 2935 1074 2997 singularem
1118 2934 1355 2984 modera-

281 3012 482 3063 tionem
527 3012 757 3075 Trajaui,
801 3011 964 3075 qnod,
1006 3010 1103 3060 snb
1154 3010 1355 3060 initium

279 3086 510 3148 imperii,
554 3086 778 3135 noluerit
835 3086 1066 3149 recipere
1121 3085 1356 3135 consula-

282 3172 416 3222 tum,
438 3164 527 3225 qui
551 3161 648 3212 sibi
687 3176 781 3225 pro
811 3161 1031 3226 Augusti
1055 3162 1177 3226 jure
1208 3161 1354 3212 debi-

273 3246 368 3293 ‚tus
402 3236 607 3292 fuisset.
641 3237 732 3287 sed
767 3251 886 3287 eum
924 3239 1214 3300 permiserit
1251 3239 1355 3301 pri·

281 3316 417 3365 vatis
474 3314 776 3379 gerendum·
857 3316 995 3366 Vide
1039 3317 1106 3367 ad
1152 3330 1264 3367 tvl.
1304 3322 1355 3367 8.

281 3392 535 3442 Schwarz.

271 3497 278 3503 ·
354 3471 425 3519 Ut
437 3469 549 3529 jam
575 3471 850 3534 excusatus]
889 3471 1076 3533 Utjan·
1094 3473 1356 3523 exsatiatus

284 3545 346 3594 C.
368 3546 437 3594 G.
458 3546 693 3609 egregie.
730 3546 897 3597 Licin.

277 3656 284 3665 .
353 3623 424 3671 Ue
447 3621 559 3682 jam
590 3623 869 3686 excusatus]
903 3623 1188 3687 Tamquam
1224 3625 1352 3675 mul·

282 3707 388 3763 tos,
412 3707 504 3749 aut
528 3699 617 3748 diu
642 3700 920 3761 gessissem
957 3700 1176 3765 ideoque
1202 3715 1351 3751 vaca·

271 3777 357 3836 „tio
381 3777 480 3828 tibi
503 3776 573 3826 ab
607 3777 888 3827 honoribus
922 3784 979 3827 et
1011 3778 1197 3828 muniis
1225 3776 1351 3829 dan·

171 3868 178 3873 ·
269 3853 366 3904 da.
401 3855 546 3917 Lips.

273 3967 278 3972 .
344 3932 630 3980 Excusatum
662 3928 940 3992 honoribus]
990 3932 1211 3983 Constat
1252 3933 1349 3985 sibi

271 4007 395 4058 ,ha-c
418 4006 580 4056 lectio
604 4006 655 4054 in
690 4006 929 4055 omnibus
964 4005 1129 4062 libris,
1155 4015 1351 4070 prater

264 4083 587 4148 .Cuspiniani
606 4079 906 4139 editionem,
929 4083 981 4131 iu
1003 4098 1126 4148 qua,
1147 4098 1243 4146 pro
1264 4099 1351 4133 ex·

269 4168 490 4217 ,camum
509 4162 716 4224 iegitur
747 4160 1030 4210 exsatiatus.
1101 4160 1353 4211 Nominat

269 4239 506 4303 ‚quidem-
527 4236 841 4287 Arntzenius
872 4238 1029 4286 etiam
1063 4238 1347 4291 editionem

281 4316 708 4381 Lugdunensem,
735 4313 787 4364 in
811 4328 911 4379 qua
943 4314 1180 4367 similiter
1206 4330 1348 4367 exsa-

2382 397 2516 465 806

1441 557 1594 606 tantus
1614 557 1937 620 inveniatnr3
1971 556 2063 608 sed
2097 573 2161 609 ea
2193 557 2358 611 editio
2380 560 2517 615 ,mim

1440 631 1817 697 hairdcognita
1836 640 1935 685 est.
1984 635 2141 685 Certe
2158 635 2283 687 Seb.
2305 636 2512 701 Gryph.

1441 711 1493 759 in
1529 711 1658 761 edit.
1684 716 1829 761 1⁶81.
1851 720 1907 762 et
1929 716 2077 762 1542.
2107 711 2366 776 vulgatam
2403 715 2509 765 lec.-

1442 786 1638 837 tionem
1661 788 1914 852 sequitur.
1969 789 2214 839 Barthius
2238 788 2305 845 ad
2328 789 2514 845 Claud.

1442 864 1494 913 in
1531 877 1618 915 ur.
1656 865 1812 915 Cous·
1841 866 2047 917 Houor.
2071 882 2146 916 vs.
2175 871 2221 917 l.
2254 882 2370 931 pag.
2391 870 2509 919 477.

1442 940 1529 990 nbi
1566 941 1815 992 excitavit
1849 944 1987 993 hune
2011 944 2164 993 Plinii
2197 944 2389 1005 locum,
2411 944 2513 994 eti*-

1442 1032 1527 1067 ιω
1564 1020 1826 1082 expressit
1861 1021 2163 1078 eaemtiaens‚·
2209 1022 2304 1070 sed
2343 1022 2512 1071 incer·

1443 1103 1552 1145 tum
1589 1104 1688 1152 est,
1721 1110 1890 1146 annon
1926 1097 1970 1145 is
1995 1097 2298 1159 cuspiniani
2334 1111 2509 1147 exem-

1443 1172 1559 1234 plar
1579 1172 1822 1223 habuerit
1855 1180 1977 1223 ante
1998 1174 2193 1224 oeulos.
2260 1174 2416 1224 Fallit
2447 1181 2506 1225 et

1439 1249 1562 1300 Jac.
1586 1249 1673 1300 De
1707 1250 1759 1298 la
1793 1250 1995 1304 Baune,
2023 1250 2111 1314 qui
2147 1250 2202 1301 iu
2236 1251 2368 1301 notis
2401 1251 2509 1303 suis

1442 1324 1626 1380 tradit,
1659 1325 1942 1375 Gruterum
1990 1326 2266 1388 monuisse,
2308 1327 2508 1392 alique·

1440 1401 1601 1452 libros
1639 1402 1834 1455 habere
1876 1402 2163 1453 exsatiatus.
2230 1403 2295 1453 Id
2349 1418 2507 1453 unum

1440 1493 1567 1542 ergo
1589 1486 1790 1531 certum
1813 1486 1918 1541 est,
1937 1479 2104 1529 adhuc
2132 1481 2294 1530 solum
2319 1480 2508 1544 Cuspi·

1436 1555 1648 1605 nisnum
1688 1557 1959 1619 evulgasse
2001 1556 2303 1614 canliacum
2353 1571 2509 1621 quem

1440 1647 1579 1682 nunc
1610 1632 1766 1683 etiam
1810 1633 1864 1682 iu
1901 1647 1995 1683 sua
2030 1633 2259 1683 editione
2293 1640 2510 1685 secutus

1438 1719 1519 1758 est
1555 1709 1904 1769 Arntzenius3
1949 1710 2057 1774 qui,
2096 1710 2291 1774 aliquot
2330 1722 2504 1759 exem-

1439 1787 1540 1851 plis
1572 1789 1761 1850 allatis,
1790 1787 1999 1852 probat,
2023 1788 2191 1837 nullas
2215 1801 2370 1837 voces
2408 1801 2502 1850 po-

1438 1864 1601 1913 tuisse
1621 1865 2014 1915 convenientius
2039 1865 2213 1928 jungi,
2245 1879 2396 1928 qnam
2422 1879 2508 1915 ex·

1435 1941 1645 1990 satiatus
1679 1947 1733 1991 et
1771 1941 2007 2005 expiem.
2083 1941 2172 1990 Ita
2215 1939 2353 2004 loqui
2394 1939 2503 1992 Cie-

1437 2017 1590 2067 Part.
1615 2017 1767 2067 Orat.
1790 2031 1835 2068 e.
1857 2020 1940 2067 27.
1961 2017 1977 2045 ‘
1992 2017 2101 2067 Aut
2121 2015 2187 2065 ad
2218 2015 2504 2079 explendas

1436 2093 1772 2157 cupiditates,
1817 2101 1908 2143 aut
1949 2091 2124 2143 odium
2161 2091 2505 2142 satiandum.'

1437 2169 1578 2220 Item
1600 2171 1667 2219 de
1689 2169 1996 2226 Senectute,
2015 2183 2136 2231 cap.
2156 2173 2235 2218 14.
2255 2169 2271 2197 ‘
2288 2169 2502 2219 Satiatis

1436 2257 1564 2294 vero
1583 2252 1638 2293 et
1655 2244 1877 2308 expletis
1890 2244 2171 2307 jucundius
2187 2250 2269 2319 ert
2281 2241 2501 2295 carere.’

1439 2321 1509 2375 Et
1526 2323 1783 2373 Paradox.
1798 2327 1844 2372 1.
1865 2323 1880 2349 ‘
1901 2336 2072 2385 neque
2095 2322 2229 2371 enim
2250 2324 2499 2387 expletur

1434 2414 1680 2464 unquam,
1715 2413 1812 2449 uec
1844 2400 2067 2448 satiatur
2100 2397 2402 2461 cupiditatis
2433 2400 2498 2451 si-

1435 2476 1539 2527 tis.'
1606 2476 1776 2527 Nemo
1811 2475 2002 2540 aliquid
2029 2474 2408 2525 desideraverit
2445 2475 2499 2524 in

1431 2546 1532 2601 ista
1570 2551 1873 2614 Cuspiniani
1916 2549 2172 2610 lectione;
2222 2550 2499 2600 dummodo

1430 2627 1567 2676 certi
1589 2641 1834 2683 essemus,
1859 2624 2085 2675 Plinium
2120 2626 2278 2675 etiam
2315 2627 2412 2676 lioc
2446 2627 2499 2676 in

1433 2703 1549 2752 loco
1604 2703 1732 2753 istas
1773 2700 1903 2751 duas
1948 2715 2102 2751 voces
2146 2703 2496 2765 conjunxisse.

1434 2780 1691 2842 Exempla
1735 2779 2079 2830 Ciceroniana
2124 2779 2347 2842 probant
2386 2780 2499 2844 qui·

1432 2856 1570 2918 deni,
1589 2857 1817 2907 Plinium
1838 2870 1990 2906 voces
2014 2858 2139 2905 istas
2162 2858 2500 2921 conjungere,

1432 2942 1487 2984 et
1533 2934 1609 2984 ita
1654 2933 1886 2984 scribere
1942 2933 2205 2996 potuisse3
2256 2931 2348 2982 sed
2398 2947 2500 2983 nou

1431 3011 1700 3068 evincunt,
1720 3024 1836 3060 eum
1860 3025 1915 3060 re
1940 3024 2065 3059 vera
2099 3010 2175 3059 ita
2208 3009 2498 3073 scripsisse.

1432 3089 1545 3151 Ego
1581 3103 1707 3138 sane
1741 3087 1966 3139 nondum
2001 3087 2168 3137 audeo
2193 3087 2498 3143 vocabulum

1430 3171 1703 3222 excusatus,
1747 3172 1825 3214 tot
1869 3163 2082 3227 scriptis
2130 3164 2497 3230 impressisque

1431 3242 1575 3292 libris
1597 3240 1980 3296 confirmatum,
1997 3241 2238 3304 rejicere,
2262 3256 2378 3291 cum
2405 3255 2497 3292 ne-

1429 3335 1531 3386 que
1555 3320 1606 3369 iu
1631 3324 1915 3378 structura,
1936 3330 2105 3380 neque
2131 3318 2183 3367 in
2207 3332 2383 3380 sensu,
2406 3320 2500 3371 ali·

1429 3396 1550 3462 quid
1598 3395 1976 3445 incommodum
2019 3401 2077 3443 et
2131 3395 2497 3459 incongruens,

1428 3481 1521 3524 aut
1562 3467 1958 3522 Pliniancsstilo
1990 3470 2272 3533 indignum,
2311 3473 2497 3535 depre-

1425 3549 1671 3599 hendam.
1741 3547 1942 3599 Plinius
1967 3546 2100 3595 enim
2120 3546 2396 3610 Trajanum
2417 3547 2495 3601 di·

1427 3626 1502 3675 cit
1541 3632 1844 3685 excusatum
1886 3623 2199 3683 honoribns3
2249 3624 2371 3687 qnia
2409 3624 2493 3675 uie
2567 3648 2577 3655 ·

1427 3717 1484 3752 se
1507 3710 1810 3751 excusatum
1843 3698 2240 3777 voluerin‘quod
2277 3714 2377 3749 non
2414 3714 2493 3751 re·

1424 3779 1633 3843 ceperit
1665 3790 1842 3838 novos,
1866 3774 2139 3838 denuoque
2171 3776 2270 3825 sibi
2307 3776 2493 3827 decre-

1423 3864 1528 3918 tos,
1547 3853 1843 3905 consulatus
1857 3852 2109 3912 honores;
2141 3866 2259 3901 eum
2280 3867 2369 3902 eos
2394 3846 2504 3907 ite:

1426 3948 1538 3984 rum
1583 3931 1771 3987 absens
1814 3940 1997 3992 gerere
2043 3927 2211 3988 nolit;
2268 3944 2490 3994 cumque

1415 4009 1528 4073 jam
1553 4009 1623 4058 sit
1644 4006 1936 4057 cumulatus
1959 4003 2305 4068 expletusque
2326 4006 2490 4055 liono-

1424 4085 1586 4142 ribus,
1619 4089 1802 4146 utpote
1840 4096 1941 4131 non
1973 4082 2133 4130 solum
2162 4080 2275 4142 jam
2310 4082 2491 4132 Caesar

1424 4170 1479 4210 et
1523 4161 1825 4224 imperator,
1859 4167 1916 4209 et
1953 4171 2163 4207 consors
2203 4157 2488 4209 tribunitioe

1425 4239 1729 4302 potestatis3
1761 4235 1850 4286 sed
1879 4236 2037 4284 etiam
2074 4249 2212 4285 nunc
2235 4234 2490 4286 Pontifex

1421 4316 1707 4379 Maximus,
1727 4321 1785 4365 et
1809 4312 2094 4379 Augustus,
2113 4326 2365 4365 summum
2397 4311 2490 4363 im·
2590 4328 2603 4333 ‘
