3017 4942
722 411 787 459 c.
837 410 1085 461 psum
1136 408 1468 461 saeuum
1519 409 1804 461 nuum
1874 412 1921 459 1.
1965 394 2073 460 43.

291 550 358 604 Iu
385 550 670 603 'codicibus
709 552 844 603 Μαι.
886 553 1013 603 mire
1056 554 1356 606 hallucinati

291 637 412 680 suut
429 627 647 680 librarii.

287 705 618 768 lisburgensi,
639 712 692 755 et
707 705 1020 770 Guelpliico,
1032 705 1225 768 legitur
1243 721 1354 771 pro·

289 781 444 840 kiter-,-
479 782 530 830 in
566 782 849 832 Psrisieusi
878 782 1114 846 probitum
1147 782 1235 832 ubi
1274 788 1354 832 tn·

288 872 407 907 men
434 859 655 920 vestigia
675 858 909 925 quaedsm
935 858 1181 923 temporis
1213 857 1354 909 futu·

290 935 337 984 ri
386 934 669 997 probabitur
707 936 1130 997 enimsdvertas3
1180 936 1232 985 in
1266 951 1354 986 co·

289 1010 409 1061 dice
435 1012 645 1062 Veneto
671 1020 728 1062 et
761 1027 899 1074 meo,
921 1012 1183 1076 probetur-3
1218 1013 1270 1062 in
1294 1013 1354 1063 li-

288 1087 384 1138 bro
402 1090 658 1140 Vossisuo
677 1090 926 1154 probatur,
942 1096 998 1140 et
1029 1089 1095 1139 al.
1110 1090 1353 1154 probetur.

290 1166 464 1219 Idem.

372 1244 675 1294 Probabitur
710 1243 1054 1309 experimento]
1109 1242 1355 1293 Probatur

290 1322 616 1385 experimento
651 1322 820 1373 Lirin.
847 1321 939 1371 sed
972 1321 1253 1385 probabitur
1291 1320 1352 1370 C.

282 1398 500 1461 probiter
525 1399 590 1448 V.
614 1398 752 1448 forte
777 1398 1020 1463 probetur.
1056 1398 1223 1448 Lirin.

357 1474 635 1538 Coguntur]
655 1476 670 1502 ‘
687 1475 923 1526 Tiberius
941 1476 1037 1526 Cn.
1062 1475 1356 1531 Lentulum,

291 1550 376 1600 cui
413 1566 603 1602 census
649 1558 767 1601 erat
807 1553 1083 1616 maximus,
1120 1560 1264 1601 metu
1302 1558 1357 1602 et

287 1628 545 1692 languore
582 1629 646 1677 nd
685 1628 951 1679 fastidium
991 1631 1114 1680 vitae
1150 1631 1358 1691 egit,ut

288 1719 356 1755 ne
379 1719 507 1769 qun,
530 1705 632 1754 nisi
655 1706 766 1770 ipso
788 1706 1004 1766 herede,
1037 1704 1358 1756 moreretur!

289 1782 542 1831 Vitellius
572 1780 837 1844 ‘equitem
861 1782 1010 1831 Rom.
1036 1782 1359 1846 proclaman-

290 1864 420 1916 tem,
444 1871 564 1907 cum
592 1865 869 1921 rsperetur
900 1857 966 1907 sd
1001 1871 1224 1922 poenem,
1250 1857 1357 1907 He·

290 1949 377 1986 res
397 1949 544 1985 mens
568 1932 663 1998 es,’
696 1934 939 1984 exhibere
959 1935 1261 1985 testamenti
1281 1941 1359 1985 ts-

291 2012 441 2063 bulas
463 2011 641 2076 coegit
661 2028 676 2062 t
701 2021 869 2077 utque
879 2012 1031 2076 legit,
1050 2012 1360 2062 coheredem

291 2088 389 2139 sibi
413 2089 665 2139 libertum
686 2089 803 2152 ejus
838 2088 1181 2152 adscriptum,
1203 2089 1359 2153 jugu-

291 2166 387 2216 lori
412 2180 533 2216 cnm
557 2166 748 2215 liberto
771 2167 1062 2230 imperavit.
1098 2166 1250 2217 Be’rn.

353 2245 515 2295 Pater
547 2244 679 2308 tuus]
714 2245 916 2306 Nerva,
953 2243 970 2271 ‘
993 2243 1081 2307 qui
1117 2249 1174 2293 et
1221 2243 1362 2293 bons

292 2322 466 2371 omnia
498 2336 616 2386 quae
651 2320 919 2376 extabunt,
949 2327 1003 2370 et
1028 2319 1359 2369 Domitianus

293 2397 472 2463 inique
495 2397 805 2454 abstulerat,
836 2396 1057 2446 dominis
1089 2395 1356 2457 reddidit;

294 2481 351 2525 et
373 2472 520 2538 plebi
540 2474 788 2524 Romsnae
808 2488 960 2537 agros
996 2472 1120 2522 emit
1145 2487 1206 2523 sc
1228 2472 1361 2522 divi-

294 2551 399 2603 sit:
450 2552 574 2601 Dio.
613 2552 833 2601 Factum
870 2550 1103 2618 ejusdem
1142 2550 1359 2600 liberale

295 2636 353 2678 et
402 2626 740 2679 memorabile
777 2627 827 2677 in
857 2627 1060 2677 Zonsrs
1091 2631 1148 2676 et
1184 2626 1360 2676 Philo-

295 2712 463 2756 strato
479 2705 753 2770 scriptum.
776 2704 1104 2768 Reppererst
1118 2701 1360 2753 Herodes

294 2782 528 2838 Atticus,
571 2781 830 2846 Sophistae
871 2787 1042 2846 poter,
1075 2778 1213 2829 domi
1252 2795 1360 2831 suae

296 2859 564 2923 ingentem
590 2859 903 2909 thesaurum.
951 2857 1249 2907 Calumniss
1272 2871 1360 2907 ve-

299 2936 452 3000 ritus,
482 2933 547 2986 sd
584 2935 872 2999 principem
897 2934 1108 2997 scripsit
1141 2941 1195 2984 et
1224 2933 1360 2983 indi·

297 3015 455 3064 cavit.
513 3014 614 3064 lue
637 3013 925 3079 rescripsit,
963 3014 1204 3066 ‘Utere.’
1253 3013 1358 3064 Sed

296 3090 510 3143 Atticus
534 3106 633 3142 nec
651 3092 729 3142 sie
744 3106 974 3155 securus,
989 3093 1176 3142 iterum
1192 3091 1360 3156 scrip-

297 3172 385 3235 sit,
417 3170 530 3221 ‘At
563 3171 700 3220 enim
731 3171 1007 3221 thesaurus
1038 3171 1230 3236 privati
1270 3171 1360 3220 ho-

297 3248 447 3298 minis
480 3247 829 3298 conditionem
866 3246 1112 3313 superat?
1183 3249 1362 3298 Nerva

297 3325 485 3375 iterum
504 3324 746 3389 animose,
769 3326 927 3389 ‘Ergo
947 3323 1203 3374 abutere!
1224 3324 1363 3387 Lips-

347 3402 537 3467 Multa]
551 3401 776 3452 Consule
790 3403 1011 3452 Dionem
1029 3400 1364 3462 scribentem,

182 3526 187 3532 .
296 3478 430 3532 boun
455 3479 644 3537 omnin,
676 3493 792 3544 quae
819 3478 1147 3530 Domitianus
1176 3491 1362 3541 rapue-

296 3563 390 3612 rst,
411 3557 661 3607 restitute
682 3556 843 3607 fnisse
861 3556 1082 3608 dominis
1103 3556 1362 3621 prioribus

295 3648 324 3683 a
347 3634 530 3684 Nerva
559 3633 894 3696 imperatore,
932 3640 1082 3698 petre
1110 3632 1362 3699 adoptivo

295 3710 531 3774 Trajani.
568 3710 790 3760 Pam-01.

362 3788 580 3839 cesserit
610 3802 778 3852 parum
807 3786 1005 3851 gratus]
1035 3786 1100 3838 Iu
1125 3787 1361 3837 omnibus

292 3865 437 3915 libris
479 3865 596 3915 haec
633 3865 731 3915 sibi
763 3871 973 3915 constat
1004 3865 1186 3920 lectio,
1215 3866 1362 3930 cujus

297 3958 422 3994 vero
446 3945 714 3994 sententis
747 3943 986 3994 Livineio
1021 3945 1127 3994 visu
1148 3943 1250 3995 fuit
1271 3946 1362 3995 ob·

295 4022 524 4085 seuri0r3
558 4035 711 4086 quem
735 4035 862 4086 ergo
897 4023 971 4072 ita
1001 4022 1361 4086 corrigendam

300 4098 524 4155 censuit,
549 4098 791 4147 Cesserint
813 4100 1022 4164 [multa,
1040 4114 1157 4164 quae
1190 4105 1247 4148 tu
1272 4114 1363 4164 pa·

302 4182 485 4239 terque
524 4174 800 4238 donastis,]
838 4190 1008 4238 parum
1032 4176 1230 4236 gratim
1263 4169 1363 4225 'vna-

305 4257 413 4300 neut
454 4257 613 4301 tannen
642 4252 683 4300 ii
714 4252 799 4316 qui
829 4251 964 4302 bonis
995 4253 1092 4302 tuis
1110 4252 1365 4314 fruuntur.

307 4328 375 4377 At
395 4330 471 4380 sic
492 4329 652 4382 etiam
675 4344 773 4396 pro
793 4329 911 4397 eins,
927 4338 1113 4382 contra
1137 4331 1362 4382 omnium

714 629 780 680 In
804 629 1072 680 Vaticanis
1085 632 1240 689 euim,
1260 631 1354 681 Sa·
1376 689 1381 694 ⁴

2363 393 2506 502 6⁹1·

1431 553 1681 605 librorum
1716 554 2081 605 auctoritatem
2117 552 2347 617 reposuit
2382 554 2504 605 wisc

1432 630 1666 694 Lipsius,
1687 645 1783 695 pro
1803 632 2015 694 cesserit,
2040 630 2314 695 legendum
2344 638 2495 693 puta·

1433 708 1508 757 vit
1532 709 1708 772 ceperit
1726 724 1747 767 ,-
1780 708 1882 758 nisi
1914 714 2085 758 temen
2108 706 2224 772 quis
2249 708 2377 756 velit
2398 722 2498 757 ces·

1430 786 1564 843 serit,
1591 799 1683 849 pro
1706 787 1976 842 decesserit,
2000 785 2255 849 accipere.
2317 784 2496 849 Suspi-

1431 861 1591 911 cnber
1626 862 1868 926 primum,
1902 877 2020 912 ntum
2052 862 2250 913 cesserit
2282 875 2499 925 genera·

1431 938 1525 987 tim
1574 953 1667 1002 pro
1701 947 1717 970 ⁸
1740 938 2006 1003 evaserit,’
2052 940 2069 968 ‘
2093 937 2365 993 evenerit,'
2413 939 2496 988 vel

1432 1014 1666 1066 ‘fuerit’
1716 1017 1961 1082 positum,
2002 1021 2057 1066 et
2102 1014 2253 1081 quasi
2294 1015 2497 1065 dictum

1431 1091 1518 1155 sit,
1568 1091 1684 1141 Etsi
1728 1091 1914 1157 uliquis
1970 1106 2170 1148 eorum,
2215 1089 2399 1157 quibus
2436 1097 2494 1140 tu

1430 1175 1688 1233 paterque
1725 1175 1845 1218 tuus
1886 1167 2048 1217 mults
2081 1166 2334 1230 donastis,
2374 1181 2503 1216 evn-

1430 1244 1557 1294 serit
1581 1244 1828 1307 ingratus,
1862 1247 1965 1296 διο.
2035 1244 2130 1295 Uti
2163 1243 2302 1294 Plin.
2342 1256 2497 1294 κων.

1432 1325 1483 1371 8.
1517 1321 1610 1384 sit,
1664 1323 1679 1350 ‘
1706 1328 1859 1385 prout
1910 1328 2064 1386 turpe
2122 1321 2498 1386 honestumque

1432 1397 1567 1447 beno
1587 1413 1650 1448 se
1672 1412 1821 1448 secus
1845 1398 2002 1448 cessit
2017 1397 2050 1460 ς’
2082 1397 2174 1447 sed
2193 1396 2402 1447 videtur
2420 1405 2499 1447 ta·

1431 1489 1550 1525 men
1580 1475 1780 1525 Plinius
1811 1474 1896 1525 hic
1927 1473 1994 1524 de
2017 1472 2253 1538 pleniore
2277 1474 2420 1524 abitu
2443 1475 2508 1523 et‘

1432 1552 1652 1603 decessu
1679 1552 1853 1617 loqui,
1888 1548 2009 1615 quia
2028 1550 2266 1614 sequitur
2284 1554 2500 1612 manent,

1431 1630 1465 1681 i.
1489 1645 1537 1679 e.
1588 1635 1866 1695 supersunt
1915 1627 2150 1691 solvique
2200 1632 2431 1689 manent,
2458 1625 2500 1675 is·

1408 1708 1515 1772 ,qui
1547 1708 1680 1757 bonis
1712 1706 1832 1772 ejus,
1866 1719 2054 1769 nempe
2086 1701 2325 1754 defuncti
2348 1708 2399 1752 et
2421 1702 2500 1751 in·

1434 1785 1567 1847 grati
1591 1784 1830 1845 hominis,
1863 1796 1928 1831 ex
1962 1779 2197 1830 bonitate
2227 1777 2501 1846 principis,

1420 1860 1680 1919 fruantur.
1743 1858 1974 1908 Verbum
2001 1855 2160 1920 igitur
2190 1855 2403 1911 cesserit,
2438 1860 2501 1904 ut

1434 1937 1568 1987 bene
1587 1937 1638 1986 in
1655 1947 1880 1986 mentem
1903 1936 2041 1985 veuit
2061 1934 2355 2000 Lipsio,per
2375 1934 2391 1962 ‘
2408 1934 2503 1984 de·

1434 2012 1688 2064 cesserit'
1723 2015 1804 2063 vel
1827 2012 1844 2041 ‘
1864 2012 2051 2063 obierit
2072 2011 2087 2032 '
2120 2020 2201 2062 est
2234 2012 2502 2075 explicbn·

1434 2091 1576 2141 dum.
1643 2091 1731 2141 Sic
1754 2090 1875 2141 boni
1902 2096 2141 2139 suctores
2173 2088 2364 2153 lingnae
2400 2089 2502 2139 La·

1433 2168 1560 2218 tiuae
1600 2166 1902 2233 frequenter
1933 2165 2138 2231 quidem
2165 2179 2259 2230 pro
2299 2162 2512 2221 ‘mori,’›

1435 2245 1621 2296 dicunt
1661 2245 1953 2295 ‘decedere
1994 2242 2141 2299 vits,’
2186 2248 2276 2292 aut
2308 2242 2503 2292 ‘dece-

1435 2323 1562 2372 dere
1586 2322 1653 2371 de
1678 2322 1787 2371 vita
1804 2320 1841 2383 ;'
1874 2320 2037 2372 nihilo
2060 2320 2227 2370 minus
2250 2325 2422 2370 temen
2445 2324 2503 2369 et

1433 2398 1618 2449 eadem
1674 2400 1887 2447 notione
1958 2396 2266 2460 simpliciter
2319 2395 2512 2446 dicunt·

1430 2475 1726 2527 ‘decedere
1742 2474 1777 2538 ς’
1826 2488 1888 2525 uc
1933 2474 2138 2525 Plinius
2176 2472 2405 2540 quidem,
2446 2473 2500 2523 in

1439 2553 1679 2618 epistolis
1702 2553 1825 2611 suis,
1853 2557 2112 2616 perpetuo
2133 2551 2229 2601 hoc
2253 2551 2364 2601 solo
2387 2563 2502 2600 ver·

1436 2629 1528 2696 bo,
1572 2644 1668 2694 pro
1717 2627 1922 2685 ‘mori,'
1971 2624 2191 2691 ‘obire,'
2238 2640 2357 2676 usus
2398 2631 2499 2677 est.

1436 2706 1626 2772 Itsque
1651 2705 1884 2771 quamvis
1909 2704 2023 2755 Cic.
2040 2703 2252 2752 Tuscul.
2272 2716 2311 2751 1.
2342 2705 2423 2752 15.
2447 2701 2503 2752 iu

1434 2784 1624 2846 Bruto,
1643 2798 1759 2848 esp.
1792 2786 1839 2831 1.
1880 2789 1933 2832 et
1963 2780 2137 2845 Tucit.
2170 2779 2314 2832 Hist.
2334 2791 2398 2828 ιι.
2420 2781 2505 2828 65.

1435 2861 1695 2922 similiter,
1728 2874 1826 2924 pro
1860 2860 1875 2886 ‘
1894 2855 2060 2914 mori,’
2092 2856 2298 2922 plenius
2319 2855 2502 2905 dicant

1433 2944 1450 2968 ⁴
1473 2938 1662 2989 cedere
1685 2936 1828 2998 vits,'
1862 2937 1878 2965 ‘
1898 2936 2088 2987 cedere
2113 2950 2143 2985 e
2169 2935 2275 2984 vita
2293 2931 2329 2996 ς’
2354 2931 2504 2998 quid·

1435 3015 1489 3065 ni
1517 3021 1691 3064 tamen
1731 3013 1933 3063 Plinius
1953 3012 2117 3061 nihilo
2141 3011 2307 3061 minus
2341 3009 2502 3060 etism

1436 3091 1747 3154 simpliciter
1775 3092 1792 3119 ⁸
1812 3089 2002 3140 cedere
2024 3088 2040 3111 ’
2085 3103 2233 3154 reque
2276 3103 2339 3138 ac
2372 3086 2389 3115 ‘
2412 3086 2505 3138 de·

1438 3168 1632 3221 cedere
1650 3166 1665 3190 '
1702 3183 1796 3232 pro
1820 3168 1967 3224 mori,
2005 3181 2202 3231 ponere
2225 3165 2461 3230 potuerit
2484 3167 2504 3215 ?

1438 3246 1540 3297 Cui
1595 3246 1872 3296 sententiae
1936 3245 2094 3295 etiam
2153 3245 2505 3307 adstipuletur

1437 3321 1777 3392 Arutzenius.
1848 3323 1969 3371 Duo
2006 3321 2219 3372 codices
2260 3320 2507 3371 Vaticani

1438 3400 1636 3451 liabent
1659 3405 1852 3451 manent
1877 3398 1971 3449 tibi
1998 3399 2057 3462 is',
2085 3414 2182 3464 pro
2216 3404 2407 3449 manent
2429 3403 2503 3448 ta·

1437 3478 1619 3528 mii.
1651 3478 1905 3527 Schwsrz.
2507 3513 2514 3522 .

1531 3555 1743 3605 cesserit
1787 3569 1956 3619 parum
1992 3552 2190 3618 gram]
2247 3552 2506 3617 Obscura,

1438 3632 1565 3683 milii
1618 3630 1851 3697 quidem,
1892 3633 2173 3694 sententia,
2215 3637 2272 3681 et
2321 3630 2506 3694 ampli·

1440 3725 1521 3773 us,
1547 3725 1727 3776 parum
1747 3724 1890 3760 sans.
1969 3709 2237 3770 Corrisssm
2260 3714 2316 3757 et
2341 3721 2504 3771 expo·

1436 3803 1579 3852 nam,
1603 3789 1844 3839 Cesset-int
1866 3787 2069 3838 scilicet
2093 3788 2255 3836 multu
2279 3786 2368 3836 illa
2402 3798 2504 3849 qua

1439 3867 1606 3931 petris
1641 3864 1798 3927 dona,
1844 3878 1946 3929 qua
1988 3870 2079 3914 tua
2115 3877 2288 3928 purum
2325 3861 2505 3927 gratis,

1438 3949 1630 3994 manent
1662 3947 1840 4005 tamen,
1873 3942 1924 3992 id
1959 3947 2059 3997 est,
2081 3948 2379 4004 supersunt,
2412 3938 2508 3989 im-

1440 4035 1579 4085 pune
1610 4018 1782 4070 ferunt
1818 4019 1877 4078 s‘s',
1913 4019 1996 4082 qui
2028 4017 2159 4066 bouis
2201 4018 2298 4065 tuis
2326 4016 2504 4078 fruun-

1438 4103 1539 4158 tur,
1563 4097 1662 4147 hoc
1686 4103 1787 4159 est,
1812 4094 2012 4160 posteri
2040 4102 2095 4144 et
2117 4092 2356 4148 heredes,
2378 4107 2506 4157 quo-

1440 4188 1553 4223 rum
1595 4174 1916 4234 decessores,
1968 4171 2200 4220 maximis
2246 4186 2275 4220 a
2319 4162 2373 4220 te
2413 4170 2506 4219 bo·

1439 4253 1519 4301 uis
1561 4250 1754 4307 affecti,
1805 4257 1859 4300 te
1913 4249 1966 4299 iu
2020 4254 2332 4297 testamento
2374 4261 2505 4311 prae·

1443 4330 1601 4380 terito
1644 4326 1899 4379 defuncti.
1965 4323 2041 4375 At
2084 4339 2188 4377 non
2228 4322 2281 4375 id
2324 4321 2518 4373 itidem'
