3017 4942
764 402 828 451 c.
877 400 1121 467 enum
1169 401 1507 455 suenum
1557 404 1832 456 mnne.
1906 409 1959 457 1.
2001 391 2110 460 84.

324 556 420 594 nus
440 543 590 594 3461.
624 541 751 594 item
772 544 1103 604 Parisiensis,
1132 545 1390 607 Salisbur·

324 621 520 684 gensis,
540 620 779 672 Venetus
798 626 849 673 2.
881 637 1049 687 meus,
1077 623 1389 690 Patavinns,

323 705 379 749 et
400 698 534 748 liber
550 699 855 762 Vossianus,
878 715 974 763 pro
994 702 1281 758 emrdescit.
1297 701 1390 750 ha·

325 774 451 826 best
473 780 525 827 et
542 776 765 827 macit-
831 778 1067 828 Venetus
1091 779 1136 828 1.
1159 778 1388 843 Gryphi-

324 865 383 902 ιιι
405 866 486 901 an.
511 857 658 904 1681.
679 860 734 905 et
754 854 1053 918 Sicliardus,
1079 853 1389 920 simpliciter

321 930 546 979 ardescit.
611 930 801 981 Tribus
834 945 960 982 vero
995 930 1160 981 modis
1192 930 1389 981 invidia

324 1018 636 1057 concurrere
672 1014 849 1071 potest
883 1023 1000 1058 eum
1036 1007 1388 1060 emulatione.

322 1081 616 1148 Aliquando
648 1086 856 1147 invidie,
883 1102 1002 1151 qun
1037 1084 1147 1136 Cic.
1179 1086 1385 1138 Queat.

322 1159 531 1210 Tuscul.
572 1175 650 1212 iv.
693 1166 745 1213 8.
790 1162 983 1215 dicitur
1022 1160 1388 1222 ‘invidentiass

321 1236 526 1289 scilicet
560 1239 854 1302 ‘egritudo
888 1249 1135 1305 suscepta
1170 1247 1386 1305 propter

319 1313 534 1365 alterius
567 1329 649 1366 res
685 1318 960 1381 secundas,
992 1333 1109 1384 quoe
1144 1316 1270 1368 nihil
1295 1331 1385 1367 no·

319 1397 475 1440 ceant
497 1391 785 1455 invidenti:
811 1395 1126 1445 velut-extra
1148 1394 1384 1444 ordinem

318 1473 378 1523 et
390 1481 487 1530 per
502 1470 742 1520 accidens
760 1473 958 1522 excitat
972 1471 1351 1522 emulationem
1366 1485 1383 1531 3

319 1550 379 1592 nt
405 1543 633 1595 Velleius
663 1547 699 1595 l.
717 1560 769 1596 c.
799 1547 904 1598 ait:
940 1554 955 1578 ‘
976 1547 1132 1597 Nunc
1168 1545 1381 1603 invidia,

318 1632 459 1670 nunc
502 1620 801 1680 admiratio,
847 1623 1206 1674 incitationem
1250 1621 1383 1688 (non

319 1695 446 1744 nulli
488 1697 673 1761 legunt
704 1698 1065 1765 inritatio-ens.)
1100 1697 1412 1750 accendit.'·

316 1769 381 1820 Id
405 1772 543 1836 quod
567 1773 646 1838 fit,
678 1776 726 1825 si
760 1776 913 1826 homo
947 1776 1152 1826 invidus
1176 1790 1384 1840 semper

315 1848 547 1901 attendit
594 1850 660 1900 ad
710 1852 948 1907 alterurn,
989 1860 1044 1902 et
1087 1852 1201 1916 ejus
1246 1866 1384 1917 prae·

315 1924 529 1974 stantia
566 1940 630 1976 ac
664 1925 937 1978 felicitatis
967 1928 1289 1979 incrementa
1319 1928 1380 1978 li·

316 1999 412 2051 mis
435 2000 645 2065 quidem
668 2003 832 2054 oculis
855 2004 1109 2061 intuetur,
1137 2005 1230 2055 sed
1263 2019 1382 2057 sen·

313 2077 430 2140 sim,
452 2079 494 2126 si
530 2080 617 2144 qui
649 2080 866 2144 igniculi
900 2096 1003 2133 non
1040 2083 1279 2146 pessimo
1301 2082 1379 2133 in·

312 2153 446 2205 dolis
470 2155 522 2205 in
544 2170 608 2207 eo
632 2164 852 2217 restant,
873 2159 1205 2210 occasionem
1234 2159 1382 2224 capit

311 2245 431 2283 sese
459 2234 741 2297 excitandi,
772 2241 832 2286 ut
860 2236 1044 2286 eodesn
1077 2236 1270 2300 studio,
1292 2250 1376 2287 ea·

313 2307 537 2372 demque
560 2311 657 2367 via,
679 2326 834 2375 qnam
868 2313 919 2361 in
942 2312 1111 2362 altero
1133 2312 1379 2363 observa·

309 2383 408 2447 vit,
443 2385 580 2436 bona
616 2401 849 2450 quaerere
880 2389 1198 2438 connitatur.
1264 2387 1379 2438 Ali·

310 2462 521 2525 qnando
555 2462 752 2514 invidia
783 2465 1063 2515 comitatur
1093 2464 1378 2515 aemulatio·

312 2551 450 2603 nem,
484 2547 573 2593 aut
607 2541 873 2593 emulatio
904 2541 1130 2608 denique
1161 2542 1213 2595 in
1247 2542 1378 2592 invi-

197 2676 202 2683 ·
312 2612 454 2664 diam
492 2616 766 2682 odiumque
805 2619 1035 2681 desinit3
1067 2619 1188 2669 dum
1226 2619 1378 2671 homo

313 2693 528 2742 amalus
567 2694 719 2744 simul
755 2708 820 2745 ex
858 2695 1013 2744 anirni
1052 2696 1378 2759 malignitate

311 2768 529 2821 aiterlus
555 2785 857 2835 progressus
876 2786 1015 2835 aegro
1032 2770 1154 2834 fert,
1165 2786 1380 2838 eosque,

310 2859 439 2908 quos
460 2848 663 2911 assequi
686 2846 951 2913 desperat,
977 2848 1150 2900 odisse
1175 2850 1380 2913 incipit,

308 2929 387 2983 et,
419 2933 670 2986 quantum
703 2925 758 2974 in
791 2939 848 2975 se
885 2933 991 2990 est,
1027 2925 1284 2991 impedire
1320 2934 1380 2977 et

310 3000 635 3064 supprimere
682 3002 905 3054 nititur:
962 3009 1108 3064 tnnc,
1151 3006 1166 3034 ‘
1199 3003 1378 3055 odium

310 3091 422 3127 esse
445 3077 614 3130 »finem
653 3079 1037 3145 aemulationis,’
1071 3088 1216 3133 recte
1246 3083 1378 3135 dicit

313 3153 536 3205 Plinius.
569 3156 724 3211 Idem,

376 3233 589 3296 Parique
616 3231 841 3297 forenna]
877 3232 1065 3284 Ambae
1097 3234 1236 3287 enim
1267 3233 1376 3289 An·

307 3320 475 3375 gustae
498 3310 674 3363 dictas.
707 3311 927 3363 Potor-ol.

375 3386 529 3438 Nulla
549 3388 787 3438 eontentio
808 3388 906 3452 est]
940 3389 1146 3454 Nempe
1169 3390 1378 3449 vitiosa.

308 3470 361 3515 et
385 3479 500 3514 cum
524 3465 720 3516 invidia
742 3466 1023 3531 conjuncta
1038 3483 1055 3528 ;
1089 3467 1215 3517 alias
1230 3469 1375 3519 ,inter

308 3541 471 3592 bonos
490 3542 670 3606 utique
683 3541 958 3592 laudabilis
974 3543 1242 3594 contentio
1256 3558 1373 3594 esse

309 3627 504 3682 potest.
571 3619 867 3671 Hesiodus:
910 3619 1154 3681 Ἀγιιθὴδ
1171 3618 1375 3681 lpas-lite

304 3698 538 3758 βροτοῖσι.
618 3697 809 3747 Potest
863 3697 1000 3746 enim
1044 3698 1099 3745 in
1153 3698 1374 3749 bonate

307 3760 640 3823 emulatione
680 3774 942 3824 lios-inum
982 3774 1252 3825 erectior-is
1293 3777 1372 3826 in-

305 3848 441 3899 dolis
479 3851 635 3899 etiam
673 3850 1040 3900 benevolentia
1075 3852 1245 3902 locum
1282 3852 1372 3903 ha·

304 3924 450 3975 bere.
514 3926 571 3976 Si
597 3928 735 3976 enim
758 3927 921 3977 bonus
945 3940 1046 3975 non
1069 3934 1244 3990 potest
1268 3942 1370 3978 non

307 4016 480 4053 amare
499 4001 723 4063 bonurn3
761 4003 940 4067 quidni
969 4003 1130 4053 etiam
1153 4005 1371 4054 emulus

305 4092 423 4130 eum
445 4093 622 4129 amare
647 4078 828 4141 possit,
851 4078 1000 4141 cnjus
1033 4080 1279 4144 exemplo
1303 4078 1369 4130 ad

303 4153 442 4204 bona
456 4155 711 4205 sectanda
727 4154 988 4205 excitatur
1004 4155 1023 4203 ?
1057 4154 1371 4218 Hujusmodi

304 4231 667 4282 benevolentia
705 4247 821 4282 cuin
860 4233 1191 4282 aemulatione
1230 4233 1371 4286 Hor·

218 4367 236 4385 ⁶
303 4310 458 4360 tensii
483 4315 643 4376 atque
662 4309 931 4362 Ciceronis
950 4310 1236 4375 conjuncta
1256 4310 1373 4378 fnit,

2357 394 2532 464 10ae

1460 547 1506 598 si
1542 548 1641 613 ipsi
1682 548 1925 601 Ciceroni
1964 549 2099 601 fides
2137 550 2396 605 habenda.
2462 557 2531 607 In

1462 624 1777 689 prefatione
1811 629 1950 679 enim
1974 627 2092 679 libri
2116 628 2181 679 de
2205 631 2373 681 Claris
2394 633 2535 683 Ora·

1465 701 1665 752 toribus
1700 704 1776 754 ita
1811 703 1953 754 inter
1988 705 2092 755 alia
2119 706 2332 758 scribit:
2367 709 2384 736 ‘
2409 710 2532 761 Quo

1464 775 1675 828 tandem
1723 779 1893 829 animo
1936 780 2207 831 Hortensii
2259 782 2528 837 interitum

1464 851 1607 902 ferre
1646 853 1824 921 debui,
1867 869 1981 906 cum
2023 870 2127 921 quo
2164 868 2372 909 certare
2411 868 2532 913 erat

1464 927 1761 992 gloriosius,
1774 944 1926 995 quam
1949 931 2156 983 omniuo
2177 932 2532 987 adversarium

1463 1018 1566 1054 non
1588 1005 1821 1058 habere?
1853 1022 1969 1059 eum
1990 1011 2281 1073 presertim
2300 1025 2404 1062 non
2423 1026 2533 1063 nro-

1462 1081 1532 1132 do
1554 1097 1812 1148 nunqnam
1844 1084 1914 1135 sit
1948 1093 2039 1136 ant
2073 1087 2206 1137 illius
2241 1101 2273 1137 a
2304 1103 2389 1139 me
2411 1104 2529 1141 cur-

1462 1170 1550 1206 sus
1573 1157 1874 1224 impeditus,
1898 1168 1990 1211 ant
2011 1161 2077 1211 ab
2100 1163 2188 1212 illo
2222 1177 2397 1226 menn
2430 1165 2527 1216 sed

1455 1232 1647 1285 'contra
1668 1250 1878 1300 semper
1907 1237 2040 1288 alter
2072 1239 2138 1289 ab
2171 1241 2341 1291 altero
2379 1242 2531 1306 adJu-

1464 1318 1568 1373 tus,
1590 1320 1647 1362 et
1675 1313 2125 1377 communicando,
2156 1322 2213 1367 et
2248 1317 2530 1383 monendo,

1461 1394 1518 1436 et
1553 1385 1818 1443 favendo?
1881 1389 1967 1441 Cf.
2002 1391 2162 1442 Corn.
2194 1393 2337 1456 Nep.
2358 1393 2529 1444 Atuc.

1461 1478 1511 1514 c.
1531 1467 1582 1513 6.
1636 1465 1869 1515 Eandem
1898 1468 2282 1520 aemulationesn
2306 1470 2526 1522 sibi-eti·

1461 1551 1545 1589 am
1591 1552 1707 1590 cum
1753 1541 1939 1592 Tacito
1983 1542 2364 1609 intercessisse,
2407 1546 2527 1610 ipse

1460 1623 1689 1668 testatur
1725 1618 1924 1670 Plinius
1969 1627 2166 1684 noster,
2208 1622 2380 1686 Epist.
2419 1637 2524 1678 vu»

1457 1695 1543 1743 20.
1609 1702 1625 1725 ⁸
1649 1694 1818 1747 Quam
1876 1708 1959 1745 me
2013 1695 2280 1761 delectat?
2333 1699 2528 1765 inquit,

1459 1774 1474 1797 ⁶
1499 1769 1638 1833 quod
1676 1771 1718 1820 si
1762 1786 1866 1836 qua
1908 1773 2134 1837 posteris
2170 1787 2297 1824 cura
2339 1776 2524 1840 nostri,

1456 1860 1824 1914 usquequaque
1845 1850 2160 1909 narrabitur,
2185 1866 2287 1916 qua
2307 1866 2523 1903 concor-

1455 1923 1562 1978 dia.
1614 1924 1965 1989 simplicitate,
2022 1925 2146 1988 fide,
2198 1927 2520 1979 vixerimus!

1456 2001 1585 2053 Em
1608 2016 1781 2053 rarum
1804 2008 1862 2053 et
1884 2003 2110 2067 insigne,
2130 2003 2259 2054 dnos
2289 2004 2525 2055 homines

1455 2087 1615 2131 etate
1635 2079 2008 2143 propemodum
2029 2081 2274 2145 equales,
2288 2096 2391 2131 non
2411 2084 2527 2132 nul-

1455 2154 1555 2205 lius
1587 2155 1638 2204 iu
1674 2154 1838 2205 literis
1875 2156 2113 2219 nominis,
2135 2156 2356 2207 alterum
2392 2158 2522 2210 alte·

1455 2234 1561 2284 rins
1596 2234 1773 2286 studia
1795 2232 2021 2285 fovisset
2056 2236 2298 2301 equidem
2321 2237 2523 2287 adoles-

1455 2312 1714 2369 centulus,
1739 2326 1857 2362 cum
1871 2312 1985 2375 jam
2009 2318 2066 2362 tu
2089 2311 2228 2362 fama
2251 2314 2521 2380 gloriaque

1454 2384 1691 2452 floreres,
1737 2395 1790 2438 te
1842 2390 2008 2454 sequi,
2064 2389 2163 2440 tibi
2209 2390 2384 2454 longo,
2427 2391 2526 2442 sed

1455 2465 1742 2527 proximus,
1778 2465 2074 2529 intervallo,
2105 2474 2160 2516 et
2194 2480 2324 2524 esse,
2346 2474 2403 2517 et
2429 2469 2523 2518 ha-

1453 2539 1600 2591 beri?
1664 2541 1771 2591 Sed
1807 2548 1922 2592 tota
1959 2541 2070 2591 liaec
2105 2542 2333 2605 epistola
2364 2542 2527 2608 digna

1453 2623 1557 2677 est,
1577 2630 1694 2682 quae
1716 2617 1936 2679 legatur.
1970 2616 2218 2667 Schwartz.

1520 2692 1802 2757 Sapis-iant
1834 2689 2061 2753 invicem]
2110 2691 2521 2756 Salisbnrgensis

1453 2768 1625 2819 codex
1668 2776 1724 2819 et
1769 2783 1913 2818 meus
1957 2768 2186 2832 produnt
2230 2770 2523 2834 suscipiunt.

1453 2846 1558 2899 Sed
1601 2855 1820 2912 prestat
1853 2848 2011 2898 lectio
2044 2847 2289 2911 vulgatu
2325 2855 2380 2897 et
2415 2849 2519 2898 ista

1454 2923 1617 2973 verba
1659 2923 1815 2973 etiam
1863 2922 1988 2973 alibi
2033 2920 2283 2972 confundi
2333 2924 2521 2988 solere,

1453 3001 1633 3052 notavi
1647 3002 1756 3065 jan·
1782 3014 1959 3065 supra,
1978 2999 2044 3049 ad
2087 3014 2141 3063 p.
2163 3003 2279 3050 8⁶2.
2310 3000 2463 3050 Idem.

1520 3077 1656 3128 Idem
1676 3077 1890 3141 utrique]
1915 3076 2089 3140 Vulgo
2111 3076 2301 3141 copula
2320 3092 2411 3140 qus
2427 3076 2519 3127 ad-

1442 3155 1683 3220 jungitur
1711 3154 2001 3219 pronomini
2033 3155 2179 3218 iden,
2201 3160 2260 3205 nt
2282 3154 2518 3218 legamus

1453 3232 1679 3296 Idemque
1698 3232 1906 3295 utrique.
1971 3229 2075 3280 Sed
2099 3231 2340 3294 copulam
2363 3230 2521 3281 istam

1453 3310 1624 3369 omisi,
1642 3309 1766 3374 quia
1788 3322 1901 3358 eam
1924 3320 2094 3372 neque
2117 3307 2328 3370 agnovit
2348 3306 2517 3357 codex

1450 3386 1779 3437 Parisiensis.
1838 3386 1963 3439 Jam
2008 3386 2387 3436 Rittershnsius
2427 3385 2520 3436 do-

1453 3465 1582 3524 cuit,
1619 3464 1924 3514 concinnius
1962 3477 2098 3526 esse,
2143 3463 2270 3513 idem
2308 3463 2517 3527 utrique.

1450 3541 1544 3602 Et,
1595 3550 1789 3605 praeter
1840 3541 1987 3601 alios,
2027 3541 2136 3604 jam
2181 3541 2252 3591 Η.
2292 3542 2517 3605 Stepha-

1448 3631 1566 3678 nus,
1598 3617 1831 3679 Elzevir,
1856 3616 2202 3678 Boxhornius,
2240 3618 2517 3682 cellarius,

1450 3693 1686 3751 Hearne,
1709 3694 1872 3755 Cevs,
1891 3693 2128 3755 Patarol,
2151 3694 2438 3758 Gesnerus,
2459 3696 2513 3744 in

1446 3770 1554 3820 suis
1610 3769 1926 3819 editionibus
1983 3769 2201 3819 eandem
2271 3771 2517 3834 copulam

1446 3846 1754 3896 omiserant.
1822 3843 2110 3895 Profitetur
2148 3844 2352 3908 quidem
2377 3845 2514 3895 Arn-

1448 3922 1668 3983 taenius,
1687 3937 1742 3972 se
1765 3921 1988 3984 nescire,
2016 3936 2172 3986 quam
2197 3922 2328 3973 bene
2364 3924 2515 3973 omit-

1449 4008 1608 4051 tatur.
1672 3999 1777 4050 Sed
1814 4012 1914 4062 ego
1950 4006 2095 4063 puto,
2130 4000 2406 4049 admodum
2438 4002 2517 4051 in-

1446 4085 1650 4143 gratum
1671 4093 1783 4128 esse
1806 4077 1948 4126 illum
1964 4091 2277 4127 concursum
2301 4078 2517 4142 syllaba

1446 4171 1555 4220 que,
1579 4163 1635 4204 ut
1659 4155 1755 4204 vix
1768 4153 2015 4204 credatur
2038 4168 2068 4202 a
2093 4153 2265 4203 Plinio
2287 4156 2513 4217 venisse,

1447 4235 1673 4296 Idemque
1705 4231 1911 4295 utrique.
1972 4229 2097 4283 Huc
2131 4230 2352 4294 accedit,
2374 4230 2510 4295 qnod

1445 4325 1550 4362 non
1585 4310 1749 4361 solum
1783 4306 2020 4374 proxime
2046 4309 2329 4360 antecessit
2350 4322 2511 4359 mesn-
