3017 4942
757 412 826 460 c.
871 409 1116 460 unm
1164 409 1502 461 suenum
1556 393 1836 462 pauno.
1913 414 1965 464 1.
1997 398 2108 464 15.

322 553 603 620 plurimum
650 555 818 605 omnis
851 555 1088 606 studiosa
1120 557 1391 620 juventus,

318 632 618 696 praesertim
643 632 806 681 sacris
829 640 1071 696 operata,
1094 633 1270 683 debet.
1298 634 1393 683 .Vi·

324 708 392 758 de
429 718 486 757 et
511 709 742 761 Casaub.
766 709 818 758 in
844 711 1081 760 Exercit.
1106 710 1170 760 ad
1196 711 1390 760 Baron.

316 785 516 836 Annal.
553 801 603 837 c.
625 791 706 838 88.
739 788 971 838 Exercit.
1006 792 1122 838 461.
1154 795 1210 838 et
1243 803 1389 853 seqq.

300 900 304 905 -
328 860 484 912 Rern.

393 938 672 1001 ennesii]
705 938 797 989 Ita
831 939 929 990 boc
967 940 1181 990 verbum
1217 939 1393 1002 expri-

318 1023 478 1065 munt
501 1015 712 1066 codices
735 1015 865 1067 Mss.
891 1016 1174 1080 Livineius,
1197 1016 1392 1068 Grute-

321 1106 436 1154 rus,
461 1092 579 1142 alii:
603 1091 740 1155 haud
767 1099 943 1143 tamen
969 1094 1020 1142 in
1045 1094 1222 1156 paucis
1246 1092 1391 1145 libris

318 1168 540 1233 legitur,
561 1170 865 1221 consuevisti.
898 1170 1162 1222 Schwarz.
1268 1220 1273 1225 .

310 1283 321 1295 .
386 1246 610 1295 Emerita
631 1247 791 1311 orma]
828 1246 1048 1298 Munere
1064 1262 1157 1298 sno
1183 1247 1391 1312 egregie

319 1319 639 1386 perfuncta:
690 1332 748 1372 ut
781 1323 1046 1374 ‘emeriti’
1082 1323 1393 1375 dicebantur

317 1401 537 1464 milites,
555 1402 641 1466 qui
663 1408 783 1466 post
801 1410 1002 1454 certum
1026 1417 1275 1453 annorum
1298 1416 1390 1453 nu·

316 1492 542 1536 merum,
585 1479 776 1544 quibus
826 1480 962 1530 bello
1018 1481 1391 1536 inserviissent‚

304 1557 655 1606 mactationem
679 1557 1050 1620 impetrabant.
1085 1558 1302 1607 Putat-ol.

356 1676 361 1679 .
382 1632 611 1699 Emerita
630 1632 786 1696 mma]
824 1634 858 1682 i.
879 1647 925 1683 e.
947 1649 1106 1691 arma,
1131 1639 1391 1701 quaepost

319 1717 595 1773 peractam
637 1710 896 1767 militiam,
939 1712 1078 1774 pacis
1132 1718 1394 1775 tempore,

310 1785 471 1850 quasi
495 1786 801 1850 quiesscunt3
836 1793 927 1837 aut
965 1802 1105 1852 quae,
1139 1795 1260 1850 post
1294 1788 1388 1836 im·

318 1863 463 1926 pieta
485 1862 764 1927 stipendia,
803 1863 994 1913 milites
1026 1864 1230 1915 emeriti
1264 1864 1385 1913 lari-

317 1938 414 1987 bus
439 1939 843 2003 consecrabant,
864 1938 1386 2005 suspendebantqne;

320 2017 426 2077 vel,
445 2030 562 2079 qnae
586 2015 709 2065 belli
729 2015 908 2078 duces,
930 2016 1019 2079 qui
1048 2029 1102 2066 re
1121 2016 1254 2066 bene
1271 2006 1391 2079 ‘esss

319 2099 377 2142 ta
405 2092 695 2159 redierant,
728 2094 851 2145 Jovi
876 2094 1081 2146 Reduci
1116 2095 1169 2144 in
1194 2095 1387 2158 templo

316 2169 651 2220 dedicabant.
717 2168 802 2220 Ad
824 2187 973 2236 quem
992 2174 1149 2224 ritum
1170 2173 1387 2235 respicit

318 2247 480 2298 ovid.
493 2248 658 2297 Trist.
674 2262 754 2297 ιν.
769 2252 817 2297 8.
833 2253 885 2298 2.
902 2252 918 2277 ‘
935 2251 1110 2312 Miles,
1129 2256 1185 2299 ut
1202 2249 1387 2299 emeri-

317 2324 388 2375 tis
421 2340 525 2374 nou
560 2334 646 2374 est
679 2326 802 2376 satis
836 2327 979 2375 utilis
1013 2325 1186 2382 armis,
1226 2325 1388 2375 Ponit

316 2401 382 2451 ad
412 2402 677 2467 antiquos,
711 2417 826 2466 quse
863 2405 985 2454 tulit
1018 2418 1182 2466 arma,
1215 2402 1387 2453 lares?

316 2478 648 2541 Quamquam
672 2477 744 2526 ibi
771 2479 824 2528 iu
848 2480 1106 2529 nonnullis
1143 2478 1285 2529 libris
1309 2480 1384 2530 le·

314 2561 496 2619 gatur,
519 2561 533 2584 ‘
550 2555 781 2605 emeritis
805 2557 989 2606 annis!
1022 2557 1262 2607 Lucanus
1289 2557 1386 2609 eti-

314 2647 419 2689 am,
434 2646 476 2681 1.
493 2635 611 2682 239.
629 2646 777 2696 seqq.
791 2640 807 2664 ⁸
824 2634 1003 2698 Rupta
1023 2634 1164 2698 quies
1188 2635 1384 2698 populi,

314 2710 607 2774 stratisque
631 2711 804 2759 excita
817 2711 1088 2774 juventus,
1110 2712 1386 2775 Diripiunt

314 2787 475 2836 sacris
517 2785 673 2835 affixa
718 2788 1007 2837 Penatibus
1048 2802 1208 2845 arma,
1249 2789 1383 2840 Quae

312 2878 420 2928 pax
442 2864 603 2928 longa
637 2863 837 2914 dabat)
903 2866 973 2914 Et
1012 2879 1191 2914 rursus
1228 2865 1387 2916 Ovid.

313 2940 536 2990 Heroid.
563 2942 736 3023 Epist.
760 2955 892 3007 χιιι.
909 2945 991 2992 49.
1013 2941 1142 3005 (Βί,
1180 2957 1383 3007 precor.

312 3033 344 3067 a
381 3020 535 3069 nobis
579 3033 732 3068 omen
775 3028 1039 3070 removete
1082 3021 1385 3084 sinistrum3

315 3095 385 3145 Et
409 3111 507 3145 sna
529 3096 620 3145 det
645 3096 849 3148 Reduci
875 3098 951 3146 vir
973 3112 1116 3147 meus
1135 3112 1276 3147 arma
1287 3098 1382 3149 Jo-

318 3169 405 3220 vi.'
477 3171 626 3221 Idem
656 3172 819 3222 Ovid.
842 3173 984 3222 Fast.
1006 3187 1047 3223 1.
1068 3177 1186 3223 665.
1224 3174 1380 3223 etiarn

313 3248 592 3297 ‘aratrum
638 3249 913 3298 emeritum
940 3248 958 3273 ’
1012 3255 1186 3312 vocat,
1243 3249 1382 3314 qnod

272 3358 281 3366 ·
311 3332 434 3388 post
459 3324 922 3389 peractoslabores
945 3325 1382 3389 suspendebatur,

312 3405 369 3449 et
394 3401 537 3450 velut
563 3400 902 3464 quiescebat:
939 3401 954 3429 ⁸
974 3392 1220 3451 Rusticus
1243 3415 1381 3450 eme-

306 3476 477 3526 -ritum
501 3478 621 3538 palo
645 3476 918 3540 suspendit
940 3475 1210 3527 aratrum.’
1276 3479 1384 3527 Pli-

313 3552 456 3601 nium
499 3559 728 3601 nostrum
762 3553 991 3602 imitatus
1036 3555 1154 3604 Lat.
1197 3553 1383 3604 Pacat.

310 3627 522 3692 Paneg.
557 3642 677 3690 cap.
704 3632 785 3677 10.
819 3630 956 3681 ‘Vix
981 3631 1203 3681 emerita
1239 3646 1383 3683 arma
1445 3681 1449 3685 .

310 3705 693 3767 suspenderas;
718 3705 830 3767 jam
865 3706 998 3756 hosti
1036 3715 1265 3758 armatus
1305 3708 1382 3756 iu-

304 3777 525 3831 stabas?
560 3778 799 3830 Schwurz.

306 3898 315 3907 .
384 3857 739 3919 Visendumque
785 3858 1000 3922 undere]
1057 3859 1378 3910 Particulam

312 3931 601 3995 ἑγκλιτικὴν
635 3947 723 3996 que
761 3947 827 3982 ex
866 3934 1053 3984 codice
1088 3935 1191 3986 Ms.
1229 3938 1376 3987 Pari·

306 4007 495 4070 riensi,
539 4013 595 4057 et
632 4013 830 4070 nostro,
862 4011 1186 4074 recepimus3
1224 4028 1377 4077 quam

310 4083 791 4146 etiamLiviueius,
822 4085 1099 4144 Gruterus,
1124 4096 1181 4139 et
1212 4091 1292 4139 De
1326 4092 1378 4140 la

313 4159 644 4223 Bauue,jam
669 4160 963 4224 prodidere.
999 4164 1148 4215 Ideni.

383 4236 620 4301 campus]
687 4237 751 4286 In
808 4253 909 4303 quo
964 4247 1017 4289 te
1074 4241 1378 4292 exercuisti.

313 4315 455 4383 Lips.

441 4395 617 4460 Delph-
637 4401 685 4446 et
711 4396 829 4448 Vdr.
852 4399 985 4447 Clas.

1265 4401 1453 4464 Paneg.
1484 4401 1591 4453 Vei.

2399 401 2531 468 497

1536 556 1838 617 Rffeetiones
1858 562 1969 608 tuas
1995 556 2210 622 arbores]
2244 558 2353 609 Pro
2377 559 2532 610 rusti·

1466 645 1531 685 co
1556 641 1610 683 et
1632 633 1839 684 militari
1868 634 1992 684 item
2020 636 2139 693 ritu,
2160 635 2252 700 qui
2274 635 2417 686 cibos
2443 650 2528 686 ca·

1468 709 1684 772 piebant
1731 717 1747 739 ⁸
1773 719 1992 774 propter
2036 727 2186 776 aqnae
2231 713 2385 770 rivos,
2428 713 2524 764 sub

1462 786 1625 841 ramis
1648 786 1847 835 arboris
1864 787 2021 837 altae.'
2056 788 2206 838 Idem.

1466 896 1471 901 -
1534 861 1761 912 Somnum
1777 863 1920 927 saxa]
1942 860 2530 917 Credemnsnei‘creda·

1466 952 1601 1003 mus,
1658 948 1715 990 et
1753 955 1837 990 res
1881 948 2000 990 est:
2036 941 2194 992 duces
2236 942 2531 1006 militesque

1466 1017 1609 1073 olim,
1641 1031 1754 1073 ,non
1777 1018 1829 1067 in
1866 1018 2117 1075 culcitris,
2154 1018 2246 1068 sed
2284 1019 2336 1067 in
2375 1026 2532 1082 terra,

1464 1103 1559 1142 ant
1583 1095 1835 1158 gramine,
1871 1103 1927 1144 et
1958 1095 2039 1159 (ut
2059 1095 2333 1160 magnum)
2364 1097 2415 1145 in
2439 1111 2530 1146 an-

1468 1175 1571 1226 tro,
1595 1177 1687 1219 aut
1710 1185 1894 1234 specu,
1929 1186 2053 1221 saxo
2090 1173 2428 1236 impendente
2468 1187 2530 1225 ac

1462 1253 1704 1312 tegente,
1741 1248 2015 1299 dormisse.
2077 1250 2280 1301 Marius
2314 1250 2366 1299 iu
2414 1252 2530 1300 Sal·

1468 1324 1662 1393 lustio:¹
1697 1324 1805 1374 ‘At
1839 1326 1924 1373 ills
1964 1327 2129 1375 multo
2152 1327 2353 1389 optima
2375 1327 2529 1377 edoc-

1468 1407 1554 1451 tus
1578 1416 1710 1462 sum,
1745 1401 1965 1453 hiemem
2007 1408 2063 1452 et
2103 1409 2338 1453 aestatem
2368 1404 2532 1467 juxta

1465 1479 1597 1542 pati,
1614 1478 1751 1527 humi
1776 1477 2142 1541 requiescere.’
2174 1479 2324 1528 Idem.

1465 1590 1475 1601 .
1533 1555 1887 1616 Proetexerint]
1939 1554 2141 1611 Plinius
2176 1556 2396 1605 innuere
2440 1570 2530 1606 vo·

1464 1631 1580 1693 luit,
1595 1631 1809 1682 arbores
1829 1638 2053 1695 tautum,
2068 1622 2301 1681 ‘veterum
2317 1632 2526 1689 heroum

1465 1709 1731 1772 exemplo,
1782 1708 2084 1773 Trajannm,
2129 1710 2273 1758 tenui
2313 1709 2429 1759 cibo
2473 1718 2530 1760 et

1430 1785 1680 1851 ‚potione
1702 1801 1757 1835 se
1792 1783 2137 1848 reficientem,
2176 1787 2530 1852 obumbrasse,

1465 1868 1523 1911 et
1541 1876 1670 1911 saxa
1691 1861 1743 1910 in
1766 1863 2027 1925 speluncis
2060 1864 2398 1923 dormientem
2437 1865 2529 1914 ob-

1463 1939 1678 1994 texisse,
1705 1945 1763 1988 ut
1786 1939 1965 1988 saltem
1991 1954 2021 1988 a
2042 1937 2234 2003 frigore
2269 1946 2336 1999 et,
2356 1941 2528 1993 calore

1457 2015 1850 2067 defenderetur.
1916 2016 2113 2068 Eadem
2140 2024 2326 2082 postea
2347 2017 2412 2068 de
2434 2018 2524 2066 be-

1458 2091 1549 2159 roe·
1573 2106 1666 2142 suo
1706 2093 1956 2142 stilicone
1994 2094 2307 2157 praedicavit
2342 2095 2527 2145 Claud.

1459 2167 1527 2219 de
1549 2169 1616 2217 B.
1641 2167 1709 2218 G.
1735 2183 1808 2216 vs.
1830 2172 1946 2219 364.
1969 2184 2115 2234 seqq.
2148 2172 2165 2200 ⁴
2190 2172 2384 2241 Raptus
2406 2185 2529 2221 cou-

1461 2252 1640 2313 tentus
1676 2245 1729 2295 in
1764 2246 1919 2295 armis
1947 2247 2225 2296 Delibasse
2267 2248 2409 2299 cibos
2437 2281 2451 2298 .
2475 2280 2490 2297 .
2514 2282 2529 2299 .

1459 2336 1558 2372 nec
1582 2323 1754 2373 mollia
1768 2321 1903 2371 fesso
1918 2323 2097 2374 Strata
2117 2323 2310 2374 dedere
2336 2335 2526 2377 torum.

1457 2400 1715 2455 Tenebris
1739 2401 1781 2449 si
1805 2415 1946 2450 eaeea
1972 2402 2224 2464 repressit
2249 2403 2370 2452 Nox
2397 2402 2524 2465 iter,

1460 2485 1552 2527 aut
1576 2478 1767 2540 spelaea
1791 2476 1931 2526 subit
1964 2478 2241 2528 metuenda
2283 2476 2530 2536 ferarum,

1458 2551 1571 2615 Aut
1616 2553 1867 2614 pastorali
1916 2552 2088 2615 jac-uit
2144 2553 2237 2603 sub
2285 2555 2528 2621 culmine,

1461 2627 1625 2679 fultus
1649 2629 1919 2678 Cervicem
1954 2627 2180 2692 clypeo?
2247 2631 2526 2694 Speluncae

1466 2718 1591 2754 vero
1615 2704 1792 2767 obtegi
1817 2705 1989 2753 solent
2014 2705 2173 2753 saxis.
2237 2706 2390 2755 Unde
2416 2707 2526 2756 Cic.

1459 2782 1524 2830 de
1548 2782 1700 2838 Fato,
1725 2795 1840 2843 esp.
1865 2785 1909 2828 3.
1935 2782 2135 2842 scribit,
2160 2782 2175 2809 ‘
2195 2797 2260 2830 ex
2279 2783 2530 2845 spelunca

1458 2873 1641 2910 saxum
1666 2859 1716 2906 in
1736 2872 1888 2906 crura
1902 2857 2065 2906 Icadii
2086 2857 2363 2908 incidisse.’
2387 2868 2400 2888 ¹
2419 2859 2525 2908 Pu-

1459 2934 1550 2999 to,'
1584 2934 1774 2998 iuquit.
1812 2934 2051 2994 ‘etiamsi
2078 2935 2287 2984 Icadius
2325 2936 2377 2985 iu
2408 2950 2526 3000 spe·

1452 3015 1614 3073 luuca
1636 3026 1737 3061 non
1762 3009 1968 3072 fuisset,
1987 3027 2168 3061 saxum
2195 3020 2368 3064 tamen
2395 3013 2524 3063 illud

1459 3103 1698 3140 casurum
1724 3087 1918 3136 fuisse!
1953 3089 2196 3138 Schwarz.

1472 3167 1741 3228 -Magnus
1780 3164 1968 3229 hospes]
2017 3165 2334 3215 Claudianus
2370 3167 2524 3218 Bello

1456 3243 1653 3297 ‚Getico
1693 3242 1759 3290 de
1792 3242 2065 3304 Stilicoue,
2099 3243 2261 3292 ‘Stat
2305 3242 2527 3305 pallidus

1455 3319 1667 3381 hospite
1690 3333 1875 3381 magno
1899 3317 2122 3370 Pastor?
2151 3319 2313 3368 Liviu-

1524 3395 1828 3460 Impleveris]
1860 3393 1969 3444 Ant
1995 3396 2365 3458 magnitudine,
2403 3408 2522 3445 nam

1458 3480 1515 3524 et
1537 3487 1756 3536 corpore
1782 3474 1917 3536 talis,
1949 3479 2040 3522 aut
2062 3480 2208 3522 certe
2230 3472 2521 3534 majestate.

1458 3549 1597 3614 Lips.

1524 3627 1589 3677 Iu
1615 3624 1897 3691 prasentia]
1932 3625 2051 3675 Non
2085 3624 2267 3674 habuit
2305 3624 2376 3674 H.
2398 3624 2522 3675 Ste-

1458 3702 1675 3766 phanus,
1698 3717 1792 3753 cur
1833 3702 1899 3751 de
1921 3701 2205 3751 Latinitate
2242 3701 2396 3763 hujus
2418 3699 2520 3750 for·

1454 3782 1609 3832 mulae
1631 3782 1937 3843 dubitaret3
1959 3788 2150 3845 utpote
2179 3781 2265 3830 cui
2287 3781 2336 3828 iu
2356 3781 2518 3830 Pseu-

1456 3856 1663 3911 do·Cic.
1709 3850 1761 3922 p‘.
1791 3862 1873 3908 98.
1897 3859 2127 3921 suspecti
2155 3859 2398 3907 dicuutur
2421 3856 2521 3907 loci

1455 3947 1633 3985 omnes
1660 3934 1797 3997 apud
1833 3935 1943 3983 Cic.
1977 3934 2065 3982 ubi
2102 3934 2292 3997 legitur
2321 3934 2374 3984 in
2394 3949 2518 3997 prae-

1450 4008 1625 4058 sentia.
1671 4011 1799 4061 Vult
1816 4010 1952 4063 enim
1974 4017 2173 4058 tantum
2199 4010 2299 4059 dici
2323 4012 2375 4058 in
2394 4025 2520 4072 μναι-

1452 4087 1599 4148 senti,
1617 4093 1678 4136 ut
1700 4085 2015 4149 respondeat
2038 4087 2236 4152 Graecis
2261 4087 2313 4135 ἐν
2331 4088 2398 4150 τῷ
2425 4104 2516 4136 πα-

1453 4163 1602 4228 ρόντι.
1635 4166 1829 4215 Verum
1850 4165 1984 4214 haud
2011 4165 2260 4216 credibile
2286 4171 2384 4220 est,
2407 4171 2517 4215 tam

1452 4245 1646 4295 multos
1681 4245 1840 4306 locos,
1881 4258 1981 4293 non
2025 4245 2189 4293 solum
2225 4242 2362 4306 apud
2404 4241 2515 4291 Cic.

1453 4320 1546 4369 sed
1571 4317 1906 4387 etiam-apud·
1923 4321 2137 4373 Terent.
2162 4320 2291 4370 Caes.
2316 4320 2514 4382 Nepot.

2290 4402 2321 4447 2
2356 4399 2382 4448 1
