3017 4942
505 382 642 448 '798
1025 388 1030 393 ’
1213 397 1431 450 κοτε
1479 395 1889 448 unionum
1940 397 2022 446 m

512 540 829 594 affluentiam
857 539 1180 604 procuravit,
1201 547 1257 593 ut
1293 555 1456 592 annus
1482 554 1573 592 ex·

511 617 782 678 uberarit;
841 617 1095 681 AEgypto,
1139 632 1256 681 quae
1306 617 1575 682 inopinata

511 695 748 744 siccitate
773 709 931 758 usque
962 692 1027 743 ad
1066 693 1302 758 injuriam
1326 696 1577 744 sterilita-

510 772 580 821 tis
620 777 913 832 exaruerat,
953 785 1124 835 opem,
1152 771 1309 821 misso
1344 771 1411 820 ab
1447 772 1574 823 urbe

510 845 792 903 fruniento,
836 849 987 909 tulit3
1020 849 1325 912 spectacula
1368 848 1573 910 edidit3

511 924 755 988 plurimas
779 925 919 989 leges
943 925 1011 975 de
1034 926 1238 986 oerario,
1252 926 1319 978 de
1341 925 1488 990 fisco,
1507 927 1574 976 de

1652 540 1826 593 Acilio
1847 540 2153 600 Glabrione,
2177 555 2312 592 anno
2335 540 2479 592 urbis
2512 545 2632 593 848.
2666 547 2720 592 et

1651 619 1789 670 huuc
1810 620 2116 682 secundnm,
2148 620 2428 683 adoptatus
2462 635 2493 669 a
2521 621 2719 680 Nerva,

1651 699 1768 745 850.
1832 695 2023 758 Itaque
2054 696 2188 745 bene
2225 696 2396 746 Tacit.
2420 697 2488 745 de
2522 696 2720 748 Morib.

1651 771 1833 822 Germ.
1854 773 1872 800 ‘
1885 771 2211 823 Cimbrorum
2225 788 2369 824 arma
2383 774 2563 824 audita
2583 781 2722 830 suut,

1653 849 1868 900 Caecilio
1891 849 2113 900 Metello
2146 862 2208 900 ac
2231 848 2447 912 Papirio
2479 849 2719 899 Carbone

1653 925 1800 975 Coss.
1836 925 1915 975 Ex
1932 940 2034 990 quo
2052 927 2094 975 si
2121 925 2186 975 ad
2204 927 2426 976 alterum
2445 929 2574 991 imp.
2596 928 2721 976 Tra·

510 1001 861 1052 hereditatum
890 1003 1163 1060 vicesimis,
1185 1003 1253 1052 de
1279 1004 1577 1067 majestate,
1639 1003 1755 1066 jani
1782 1004 2106 1055 consulatum
2124 1012 2504 1070 computemus,
2524 1006 2721 1056 ducen-

512 1079 579 1128 de
604 1080 947 1142 testamentis,
981 1083 1180 1141 sanxlt3
1216 1081 1429 1131 comitia
1452 1095 1575 1131 cou-

513 1155 679 1205 sulum
717 1155 915 1214 habuit,
956 1157 1145 1221 quibus
1181 1159 1295 1222 ipse
1334 1157 1576 1209 interfuit

512 1235 837 1299 candidatus,
860 1234 1173 1300 tertiumque
1208 1237 1415 1299 recepit
1452 1253 1574 1287 con·

512 1309 755 1367 sulatum,
779 1317 833 1360 et
856 1312 1083 1374 collegas
1105 1312 1285 1376 elegit,
1306 1316 1410 1362 fite.
1447 1313 1573 1363 Vid.

511 1386 711 1451 Paneg.
726 1400 841 1452 cap.
856 1401 1099 1439 ιιι-ιη.
1119 1402 1401 1441 Lx.-1.xvt.
1431 1389 1574 1440 Hae-

511 1472 663 1514 tenus
686 1464 998 1514 Massonius.
1034 1467 1183 1516 Idem.

576 1542 656 1592 De
676 1540 888 1602 biennio]
909 1541 1132 1606 Tempus
1159 1543 1239 1592 vel
1262 1544 1383 1594 hine
1408 1542 1576 1607 liquet

513 1619 810 1670 consulatus
834 1618 1083 1682 Pliniani,
1114 1626 1168 1671 et
1189 1620 1346 1672 dicte
1381 1621 1574 1672 oratio·

511 1696 610 1747 nis.
647 1697 784 1760 Lips.

575 1774 658 1823 De
694 1772 1031 1836 moderatione]
1073 1774 1200 1825 Scil.
1242 1775 1292 1824 iu
1330 1774 1574 1840 optandis

511 1852 928 1918 accipiendisque
950 1852 1248 1917 honoribus,
1268 1868 1382 1919 cap.
1404 1868 1577 1919 super.

515 1929 736 1978 Putaroi.
1195 1948 1211 1976 ε

587 2005 657 2055 Ut
672 2004 816 2069 illud]
850 2004 1149 2055 Pronomen
1166 2006 1287 2057 illud
1309 2005 1575 2057 desidera-

513 2085 600 2130 tur
638 2081 693 2130 in
731 2080 1001 2131 codicibus
1034 2082 1305 2133 Vaticanis
1340 2087 1483 2132 1776.
1507 2090 1574 2134 ,et

511 2160 659 2207 8461.
696 2163 752 2206 at
786 2156 838 2206 in
881 2157 1073 2206 ceteris
1112 2159 1347 2209 omnibus
1382 2167 1576 2223 presto

513 2240 612 2285 est.
675 2234 803 2282 Mox
827 2236 985 2284 etism
1018 2235 1068 2283 in
1107 2235 1291 2286 codice
1317 2233 1574 2287 Sa'lisbur·

513 2310 657 2372 gensi
682 2309 863 2360 vitiose
894 2311 1151 2374 scriptum
1184 2318 1267 2361 est
1301 2313 1574 2378 differebat,

515 2401 612 2450 pro
652 2385 911 2446 deferebat.
978 2388 1186 2452 Nempe
1216 2390 1397 2440 Nerva
1433 2392 1574 2454 prin-

514 2477 661 2527 ceps,
686 2464 822 2513 idem
858 2469 913 2513 et
937 2472 1087 2528 pater
1112 2465 1407 2528 adoptivus,
1427 2466 1477 2515 in
1498 2481 1575 2517 se·

510 2549 639 2589 natu
670 2539 737 2590 de
759 2540 984 2604 Trajano
1013 2541 1201 2592 iterum
1234 2543 1286 2591 iu
1307 2545 1574 2594 consulem

513 2615 757 2679 eligendo
779 2618 1047 2668 retulerat.
1084 2617 1326 2668 Sohwurz.

578 2693 848 2744 Secundum
864 2696 1181 2760 consulatum]
1211 2695 1441 2746 Primum
1460 2688 1574 2760 jain

512 2776 744 2831 gesserat
786 2768 884 2818 sub
928 2769 1247 2828 Domitiano,
1304 2785 1405 2821 una
1454 2784 1573 2823 cnm

515 2845 685 2896 Acilio
729 2845 1037 2909 Glabrione,
1090 2860 1227 2896 anno
1281 2846 1420 2896 urbis
1456 2852 1574 2899 844.

514 2923 704 2973 Christi
719 2926 801 2972 91.
820 2922 1104 2973 secundum
1127 2931 1428 2988 computum
1447 2926 1574 2975 Fas-

512 3007 682 3052 torum
705 2997 951 3049 Auctoris
979 3001 1238 3063 anonymi,
1261 3014 1391 3065 quos
1414 3015 1444 3051 e
1468 3003 1573 3052 Ms.

513 3077 695 3127 codice
717 3076 1054 3126 Bibliothecoe
1080 3077 1331 3128 Caesareae
1357 3079 1577 3142 protulit

515 3153 845 3203 Eminentius.
867 3152 1125 3216 dignitate
1148 3153 1348 3216 pariter
1369 3168 1429 3204 ac
1451 3154 1574 3205 doe·

515 3229 651 3278 trina
685 3227 943 3278 Henriens
988 3227 1279 3278 cardinalis
1317 3227 1383 3278 de
1418 3229 1576 3279 Noris

513 3303 565 3354 iu
587 3305 839 3370 praeelaro
853 3318 1011 3367 opere
1029 3302 1095 3353 de
1112 3301 1261 3354 Anno
1278 3310 1331 3353 et
1346 3305 1576 3367 Epochis

514 3380 849 3446 Syromaced.
913 3381 1204 3432 Secundum
1249 3383 1574 3432 consulatum

512 3459 673 3524 gessit
709 3473 811 3508 una
854 3473 969 3508 cum
1015 3458 1330 3522 imperatore
1375 3459 1576 3521 Nerva,

509 3549 645 3587 anuo
679 3534 906 3587 conditae
943 3534 1083 3585 urbis
1116 3539 1231 3584 851.
1263 3534 1459 3586 Christi
1494 3538 1578 3584 98.

511 3611 789 3663 secundum
824 3618 1121 3675 computum
1161 3612 1379 3668 dictum,
1409 3626 1439 3662 a
1473 3627 1577 3677 quo

514 3690 716 3741 distant
750 3704 884 3752 anno
920 3690 1087 3738 minus
1126 3689 1271 3738 Fasti
1307 3688 1486 3740 Graeci
1522 3696 1577 3739 et

515 3766 815 3831 Capitolini,
839 3780 967 3830 quos
987 3764 1297 3828 Sylburgius
1320 3764 1575 3815 exhibuit.

514 3840 882 3893 Annotandum
922 3856 1144 3906 quoque,
1178 3843 1231 3891 in
1277 3842 1441 3891 Fastis
1475 3843 1577 3892 illis

518 3922 714 3970 erfcls
766 3919 1044 3969 secundnm
1090 3920 1415 3969 consulatum
1461 3920 1576 3970 sine

518 3998 714 4058 collega
762 3997 917 4058 poni3
970 3995 1021 4044 in
1080 3997 1394 4059 Capitolinis
1451 4012 1576 4048 vero

522 4074 746 4118 het-vam
778 4086 852 4122 tv.
877 4087 977 4122 non
1002 4086 1088 4123 tu.
1112 4074 1164 4123 in
1203 4075 1454 4136 collegam
1494 4088 1574 4124 as-

522 4150 730 4210 signari..
758 4150 975 4198 Patarol.
1031 4194 1034 4197 Α

586 4224 869 4286 Sccmtdum]
916 4225 1047 4275 Nam
1088 4227 1304 4289 primum
1341 4228 1577 4277 consula·

522 4310 626 4350 tum
658 4302 750 4350 suh
778 4300 1075 4355 Domitiano.
1088 4303 1270 4367 gessit,
1284 4305 1481 4369 collega
1498 4305 1578 4355 Μ.

418 4686 609 4898 h-

1654 1078 1695 1128 ti
1733 1077 1895 1129 ferme
1921 1085 1976 1129 et
2000 1079 2181 1131 decem
2206 1081 2327 1130 anni
2363 1079 2720 1143 colliguntur!

1655 1155 1792 1207 Nam
1836 1155 1912 1205 illi
1951 1158 2209 1221 consules,
2243 1171 2379 1206 anno
2417 1156 2562 1206 urbis
2599 1160 2720 1206 619.

1651 1231 1791 1296 Lips.

1718 1310 1811 1360 Tui
1825 1308 2132 1374 potestatem]
2167 1309 2270 1361 Qui
2302 1309 2412 1373 jam
2445 1309 2545 1361 sub
2569 1313 2723 1373 patre

1653 1393 1709 1438 et
1733 1386 1971 1451 principe
1997 1389 2173 1438 Nerva
2195 1401 2297 1436 non
2321 1401 2481 1437 esses.
2501 1386 2657 1436 Idem.

1722 1464 1816 1514 Tui
1833 1466 2140 1530 potestatem]
2153 1454 2280 1515 Cu'tn
2295 1465 2519 1525 scilicet,
2539 1464 2718 1514 Nerva

1641 1539 1750 1603 jam
1772 1548 1997 1598 mortuo,
2021 1541 2225 1603 legibus
2242 1540 2376 1590 haud
2397 1540 2719 1604 subjaceres.

1651 1631 1715 1667 ac
1754 1632 1820 1668 ne
1861 1633 1892 1668 a
1927 1618 2090 1682 patris
2124 1616 2334 1682 quidem
2375 1616 2631 1681 adoptivi,
2663 1622 2719 1666 et

1650 1692 1900 1757 Augusti,
1918 1695 2186 1744 voluntate
2207 1692 2428 1756 amplius
2452 1692 2720 1755 depende·

1652 1783 1754 1820 res.
1788 1771 1965 1821 Nerva
1991 1785 2114 1820 vero
2137 1769 2190 1818 d.
2212 1773 2294 1820 27.
2311 1769 2552 1823 Januarii
2577 1768 2640 1819 Α.
2658 1769 2721 1818 C.

1649 1851 1732 1898 98.
1772 1856 1998 1905 mortuo,
2033 1846 2288 1911 Trajanus
2328 1845 2607 1907 imperium
2652 1859 2719 1895 ex

1651 1925 1786 1974 omni
1812 1929 1963 1987 parte
1985 1923 2230 1987 suscepit.
2254 1922 2501 1973 Schwarz.

1722 2002 2117 2067 Transtuleruttl]
2156 1999 2513 2051 Transtulert'nt
2549 1998 2722 2051 Livin.

1653 2082 1703 2132 in
1747 2088 1929 2142 textu;
1980 2080 2070 2130 sed
2109 2081 2160 2130 in
2191 2079 2426 2143 margine
2462 2079 2722 2130 transtule-

1649 2162 1765 2207 runt
1791 2158 1852 2207 R.

1719 2233 1933 2283 Tertium
1949 2235 2240 2283 consolatam
2262 2233 2521 2297 recusasti]
2551 2231 2722 2282 Anto·

1651 2309 1766 2358 nius
1788 2309 1938 2373 Pagi,
1957 2311 2008 2360 ln
2026 2310 2249 2359 Dissert.
2266 2309 2558 2374 Hypatica,
2574 2310 2640 2359 P.
2657 2324 2722 2362 tt.

1651 2401 1698 2437 c.
1720 2391 1767 2437 1.
1794 2395 1938 2438 recte
1954 2386 2131 2444 docet,
2146 2401 2232 2436 eos
2248 2387 2533 2451 principes,
2554 2389 2640 2452 qui
2667 2388 2717 2437 iu

1651 2465 1963 2513 consortium
1994 2463 2248 2527 imperiia
2273 2463 2508 2527 patribus
2546 2464 2720 2514 vocati

1651 2537 1876 2598 fuerant,
1914 2554 2015 2590 non
2057 2546 2257 2591 tantum
2290 2552 2425 2589 anuo
2463 2548 2720 2605 sequente

1651 2615 1887 2665 consules
1910 2614 2199 2664 ordinarios
2224 2615 2533 2677 processisse
2554 2630 2570 2676 ;
2605 2615 2722 2677 sed,

1653 2690 1885 2755 patribus
1901 2691 2059 2741 etiam
2083 2705 2114 2740 e
2132 2691 2235 2742 vita
2254 2690 2584 2755 abeuntibus,
2597 2706 2719 2756 qua-

1652 2768 1693 2823 si
1718 2782 1903 2817 novum
1931 2767 2202 2830 imperium
2225 2765 2539 2822 inchoat-int.
2565 2781 2718 2831 prox-

1649 2845 1753 2900 imo
1778 2851 1895 2908 post
1919 2859 2095 2895 eorum
2121 2852 2338 2894 mortetn
2365 2858 2501 2894 anno
2536 2858 2719 2899 consu.-

1648 2922 1810 2973 latum
1845 2922 2015 2971 denuo
2059 2923 2378 2983 suscepisse,
2413 2920 2555 2983 quod
2598 2921 2720 2970 Fas·

1653 3007 1821 3047 torum
1857 2997 2124 3061 dispositio
2167 2995 2504 3047 manifestum
2540 2995 2718 3046 faciat.

1651 3075 1781 3124 Cum
1809 3088 1934 3136 ergo
1956 3074 2214 3138 Trajanus
2240 3073 2291 3122 d.
2316 3075 2394 3121 18.
2417 3072 2719 3135 Septenibr.

1651 3152 1728 3201 nti
1752 3152 1874 3202 alibi
1897 3149 2249 3211 ostendemus,
2273 3161 2410 3197 anno
2427 3149 2624 3199 Christi
2642 3154 2722 3199 97.

1651 3242 1680 3275 a
1710 3228 1884 3279 Nerva
1909 3226 2209 3290 adoptatus,
2231 3225 2508 3288 Coesarque
2544 3225 2720 3276 decla-

1652 3311 1793 3353 ratus
1816 3312 1974 3360 esset,
1994 3311 2070 3364 et,
2094 3300 2375 3352 secundum
2392 3301 2548 3352 istam
2575 3316 2722 3366 regu-

1652 3383 1775 3443 lam,
1796 3396 1909 3432 mox
1936 3380 2182 3432 Calendis
2202 3379 2466 3432 Januariis
2490 3382 2617 3431 anni
2647 3395 2724 3431 se·

1650 3458 1857 3523 quentis
1890 3461 1973 3508 ⁹8.
2007 3456 2329 3507 consulatum
2365 3458 2659 3507 secundnm
2694 3473 2725 3506 a

1653 3542 1803 3601 patre
1827 3541 1883 3586 et
1907 3535 2142 3599 principe
2163 3533 2344 3584 Nerva
2358 3532 2457 3582 sihi
2484 3534 2721 3584 delatum

1653 3614 1873 3674 iniisset,
1890 3613 2238 3678 gessissetque
2259 3627 2276 3672 ς
2312 3620 2475 3676 atque
2493 3611 2721 3669 interim,

1653 3692 1830 3742 Nerva
1854 3690 1906 3740 d.
1925 3693 2009 3739 27.
2028 3688 2267 3741 Januarii
2287 3688 2422 3738 illius
2443 3689 2609 3750 ipsius
2635 3705 2722 3740 au-

1652 3768 1703 3817 ni
1726 3771 1811 3816 98.
1835 3758 2060 3823 mortuo,
2079 3766 2215 3815 solus
2237 3773 2291 3814 et
2315 3779 2380 3814 ex
2405 3766 2545 3814 omui
2571 3777 2722 3830 parte

1649 3859 1898 3897 summam
1945 3843 2148 3907 imperii
2183 3849 2500 3907 potestatem
2550 3859 2724 3895 susce·

1651 3920 1834 3983 pisset,
1881 3919 2139 3983 adeoque,
2176 3919 2457 3968 secundum
2502 3921 2719 3971 eandem

1651 3998 1903 4061 regulam,
1927 3995 2173 4047 Calendis
2199 3996 2460 4047 Jannariis
2480 3995 2544 4045 A.
2564 3999 2721 4047 C.99.

1650 4072 1842 4136 denuo,
1866 4088 1927 4124 ac
1963 4073 2173 4123 tertium
2210 4072 2442 4136 quidem,
2483 4076 2720 4124 consula·

1648 4158 1758 4201 tum
1776 4150 1921 4200 adire
1946 4150 2201 4214 potuisset
2224 4165 2239 4211 ς
2274 4149 2411 4199 huuc
2435 4158 2630 4212 tamen,
2656 4168 2719 4210 est

1650 4227 1896 4291 singulari
1923 4226 2302 4284 moderatione,
2324 4233 2380 4277 et
2399 4235 2590 4278 contra
2615 4244 2714 4278 mo-

1650 4318 1758 4356 rem
1795 4304 2012 4358 aliorum
2051 4302 2471 4356 antecedentium
2506 4304 2718 4370 impera·

2968 2735 2979 2980 ss-—u-—nss
2968 2616 2977 2702 ᾼ-ι
2974 2592 2975 2595 Α
