3017 4942
796 345 862 394 o.
912 341 1160 393 eumn
1209 341 1545 395 saeuum
1594 342 1869 395 Mune.
1947 345 1994 392 1.
2025 327 2134 394 82.

362 485 432 541 iis
455 500 585 552 quas
621 500 830 552 semper
860 486 1097 539 intellexi
1130 486 1183 539 iu
1206 493 1259 539 te
1283 486 1429 550 sitas,

364 564 568 617 Fideet
592 563 993 615 taciturnitate-³
1025 562 1111 613 Ad
1129 580 1244 629 quae
1271 564 1432 615 verba

360 641 638 695 Donatus:
682 642 699 671 ⁴
716 642 818 694 Ars
855 640 949 693 ἀπὸ
978 643 1065 701 τῆς
1093 641 1261 709 ἀρετῆς
1289 641 1433 694 dicta

362 732 464 784 per
495 734 794 785 syncopam.
857 718 1025 784 Ἀρετὴ
1069 729 1244 771 autem
1277 720 1434 773 virtus

361 795 484 847 est-⁸
548 796 715 848 Sicuti
751 812 872 850 vero
899 798 1174 849 Terentius
1200 799 1264 849 ad
1290 804 1433 851 artes

360 871 531 925 refert
559 866 799 936 virtutes,
835 875 991 929 fidem
1015 890 1204 938 nempe
1226 884 1283 927 et
1302 874 1430 927 taci-

355 951 669 1003 turnitatem
692 967 709 1012 ς
735 952 809 1002 ita
843 952 940 1005 boc
973 952 1088 1001 loco
1109 952 1311 1003 Plinius
1337 966 1432 1015 per

364 1027 575 1079 ‘artes'
611 1028 862 1093 intelligit
904 1028 1126 1081 maxime
1167 1027 1430 1078 fortitudi-

362 1117 483 1155 nem
507 1109 563 1154 et
591 1104 918 1167 iudustriam,
950 1107 1058 1155 sive
1096 1105 1255 1156 vitam
1290 1106 1431 1157 labo·

363 1182 554 1234 riosam
572 1200 590 1245 3
613 1199 765 1248 quam
788 1184 1022 1248 inprimis
1040 1183 1276 1253 venandi,
1290 1184 1430 1234 navi-

362 1258 626 1323 gandique
666 1260 840 1311 studio
883 1258 1113 1325 prodidit
1155 1260 1430 1323 Trajanus·

297 1360 307 1366 ·
366 1333 509 1387 Quas
546 1341 685 1387 artes
728 1338 886 1387 etiam
929 1349 1085 1401 supra
1116 1334 1431 1398 designavit,

362 1422 566 1463 mxxxi.
588 1415 639 1461 2.
679 1412 810 1464 ‘His
843 1412 1040 1461 artibus
1073 1410 1236 1461 futuri
1270 1410 1430 1461 duces

361 1486 770 1541 imbuebantur)
808 1488 1052 1539 Ceterum
1076 1488 1283 1541 codices
1302 1489 1433 1539 Mss.

360 1562 649 1615 Vaticanus
701 1567 848 1615 3461.
918 1564 1432 1629 Guelpherbytauus,

362 1638 794 1703 Sati-burgensis,
832 1647 885 1692 et
924 1655 1092 1702 meus,
1128 1655 1226 1705 pro
1273 1640 1432 1691 verbo

362 1721 652 1782 composito
691 1721 990 1782 inclaruisse,
1025 1720 1276 1771 exhibent
1312 1720 1431 1770 sim-

364 1798 488 1863 plex
511 1801 755 1851 claruisse·
822 1800 1037 1853 Sueton-
1054 1800 1122 1853 de
1141 1799 1432 1853 Grammat·

358 1889 480 1938 eup-
524 1880 601 1927 17.
640 1877 658 1905 ‘
681 1876 919 1927 Valerius
956 1876 1174 1929 Flaccus
1208 1875 1431 1927 docendi

360 1966 556 2013 genere
581 1952 801 2003 maxime
827 1953 1066 2002 inclaruit
1086 1946 1119 2014 ;'
1140 1967 1431 2018 quauquam

362 2033 421 2081 et
459 2028 531 2078 ibi
569 2028 780 2093 quidam
813 2029 1022 2081 codices
1054 2029 1301 2091 babeant,
1332 2032 1430 2081 cla·

359 2103 481 2155 mit.
536 2105 706 2157 Tacit.
737 2105 927 2158 Auusl.
960 2119 1067 2157 xn.
1089 2109 1170 2155 37.
1206 2111 1220 2134 ⁴
1244 2106 1431 2172 Neque

358 2194 479 2237 mea
504 2178 734 2241 fortuna,
767 2198 936 2248 neque
964 2190 1056 2236 tus
1079 2178 1247 2246 gloria
1267 2183 1431 2233 incla-

358 2256 584 2311 minet:
618 2259 723 2311 Sed
747 2260 827 2313 bic
842 2259 999 2319 etiam
1024 2260 1250 2322 simplici
1272 2259 1431 2309 verbo

358 2335 549 2399 panim
583 2337 788 2397 utitur;
821 2350 872 2389 v·
908 2351 960 2400 g.
994 2335 1083 2386 ‘Is
1120 2350 1324 2400 quoquo
1353 2333 1431 2387 fa·

355 2411 543 2467 oiuore
598 2428 852 2479 properus
894 2415 1187 2467 clarescere
1231 2413 1433 2478 coepit.’

359 2485 608 2548 Solamen.

427 2565 535 2623 Ista
586 2568 728 2619 ludus
772 2571 822 2619 et
872 2571 1227 2621 avocamentum
1266 2565 1431 2630 huius]

359 2639 660 2693 Pronomen
700 2643 799 2695 ista
843 2657 942 2699 nou
983 2641 1166 2704 ἆμέσως
1205 2642 1430 2694 referen-

360 2717 486 2771 dum
514 2726 594 2769 est
624 2720 689 2768 ad
715 2734 872 2771 voces
896 2721 1176 2784 proximas,
1211 2720 1288 2771 liis
1307 2719 1430 2771 urti-

360 2792 463 2851 ὃν,
504 2794 598 2847 sed
638 2794 703 2845 ad
744 2800 910 2847 totam
945 2795 1277 2851 seutentiam,
1313 2809 1430 2860 quae

359 2877 707 2936 precesserat
726 2870 791 2920 de
809 2871 1272 2923 exercitationibus
1293 2872 1433 2923 labo·

361 2946 680 3010 riesissimis,
711 2939 920 3012 q'uibus,
955 2963 1050 2999 seu
1083 2949 1136 2999 ia
1169 2949 1432 2999 montibus

360 3022 734 3087 venandoffleu
757 3023 809 3073 in
844 3024 975 3077 mari
1010 3024 1318 3089 navigando,
1342 3039 1431 3075 ex·

359 3099 637 3168 emebatur
660 3100 934 3165 Trajanus.
1006 3103 1128 3152 Cum
1161 3103 1259 3155 sint
1293 3105 1435 3157 ludus

358 3175 514 3237 bitin,
549 3176 585 3229 ἰ.
609 3191 658 3227 e.
696 3177 927 3241 Trajaui,
967 3178 1215 3241 principis
1249 3179 1431 3235 nostri.

360 3253 531 3308 Luam
559 3254 686 3305 alias
722 3254 1012 3316 generatim
1047 3254 1261 3317 dicitur,
1282 3256 1432 3321 quid·

360 3331 487 3396 quid
508 3329 569 3382 fit
593 3331 750 3382 animi
775 3331 1114 3395 corporisque
1139 3332 1432 3397 recreandi,

360 3410 721 3475 seriorumque
750 3408 985 3461 laborum
1010 3411 1185 3473 quiete
1209 3411 1430 3474 quadam

357 3486 864 3550 distinguendorum,
897 3500 1098 3538 caussa.
1166 3487 1253 3536 Ita
1297 3488 1433 3538 dici-

357 3577 475 3614 mur
498 3564 631 3625 ales,
665 3563 788 3625 pila,
826 3560 1045 3622 facetiis,
1082 3564 1315 3615 versibus
1350 3565 1430 3613 lu·

360 3641 505 3693 dere.
539 3640 660 3693 Huc
685 3641 954 3704 pertinent
982 3641 1139 3691 etiam
1167 3640 1273 3690 ludi
1293 3654 1435 3690 esm-

360 3722 587 3781 pestres,
608 3717 719 3765 sive
742 3716 1147 3769 exercitationes
1172 3718 1222 3765 in
1247 3732 1432 3781 campo

360 3793 582 3855 Martio,
604 3793 726 3845 item
753 3793 1073 3856 venationes,
1098 3793 1432 3856 piscationes,

359 3879 419 3925 et
452 3871 641 3924 similia
676 3871 891 3934 negotia
923 3870 1271 3935 jucundiora3
1313 3886 1432 3935 qum

361 3947 430 4005 ad
448 3946 646 4003 ‘ludos'
666 3947 850 4001 referri
867 3955 1101 4012 possunt.
1129 3948 1218 4001 Sic
1235 3948 1347 3999 Cic.
1365 3948 1432 4001 de

362 4024 519 4078 Offic.
555 4039 595 4075 1.
631 4030 713 4091 29.
749 4023 1137 4089 ‘Suppeditant
1166 4031 1341 4075 autem
1377 4031 1433 4076 et

361 4117 579 4166 campus
599 4108 802 4163 noster,
826 4109 885 4153 et
906 4101 1078 4153 studia
1096 4100 1437 4157 venandi.ho·

359 4186 515 4231 nesta
530 4178 769 4242 exempla
783 4176 1036 4233 ludendi!
1065 4178 1332 4242 Ejusmodi
1344 4194 1433 4242 ge·

358 4269 490 4310 nera
512 4255 893 4310 recreationum
915 4259 973 4325 et
993 4255 1297 4313 solatiorum
1321 4256 1433 4313 Pli-

2395 328 2573 401 1015

1506 488 1627 540 nius
1649 488 1807 541 etism
1833 495 1987 541 vocet
2007 487 2024 517 ‘
2040 494 2377 541 avocamenta
2394 488 2427 551 ;'
2450 490 2572 555 quia

1507 578 1601 615 nos
1628 581 1658 619 a
1681 566 1962 627 laboribus,
1977 556 2009 617 a
2023 568 2181 628 curis,
2197 568 2574 637 molestiisque,

1507 651 1565 695 et
1598 658 1628 694 a
1663 644 1898 708 tristitia,
1926 645 2300 717 aliquantisper
2332 656 2569 698 avocant.

1509 720 1651 773 Pliu.
1686 721 1852 785 Epist.
1889 736 2013 773 vm.
2036 728 2087 772 5.
2122 725 2261 773 ‘Ero
2298 738 2425 787 ergo
2460 739 2570 774 sus·

1507 812 1699 863 pensus
1741 814 1837 862 pro
1870 799 2076 851 bomine
2103 801 2427 858 amicissimo,
2449 800 2572 857 dum

1504 876 1783 929 admittere
1807 887 2144 930 avocamenta
2168 879 2230 943 (i.
2256 895 2302 929 e.
2325 880 2572 935 solamina

1506 954 1728 1005 animum
1752 969 1783 1003 a
1805 969 2022 1007 moerore
2043 954 2343 1019 avocantis)
2364 963 2418 1006 et
2437 957 2575 1009 cica-

1507 1029 1690 1081 tricem
1716 1031 1825 1094 pati
1850 1030 2050 1095 possit.'
2081 1031 2228 1081 Idem
2256 1032 2426 1095 Epist.
2451 1046 2574 1083 vlu.

1504 1109 1590 1161 23.
1613 1113 1628 1135 ‘
1650 1107 1839 1157 Omnia
1856 1107 1978 1157 mihi
1996 1108 2186 1164 studia,
2207 1122 2384 1159 omnes
2399 1122 2573 1173 curas,

1506 1183 1678 1235 omnia
1703 1190 2060 1240 avocamenta,
2080 1183 2144 1249 (i.
2170 1199 2216 1235 e.
2244 1185 2387 1233 lusus
2411 1190 2466 1234 et
2491 1198 2573 1235 re-

1506 1258 1845 1325 creationes,)
1868 1261 2082 1325 exemit,
2118 1262 2365 1324 excussit,
2380 1262 2575 1325 eripuit

1507 1334 1694 1387 dolor.’
1761 1337 2067 1389 Lactantius
2104 1335 2170 1387 de
2201 1337 2426 1399 Opificio
2450 1337 2575 1400 Dei,

1507 1428 1624 1479 cap.
1652 1416 1732 1465 18.
1754 1413 1770 1441 ‘
1790 1414 1942 1465 Mens
1962 1414 2056 1464 sibi
2077 1421 2411 1467 avocamenta
2430 1414 2572 1463 inve·

1507 1489 1605 1553 uit,
1628 1504 1692 1541 ne
1717 1489 2099 1540 saluberrimam
2135 1489 2363 1554 quietem
2386 1504 2573 1553 corpo-

1506 1566 1579 1619 ris
1617 1565 2000 1630 interrumpat.’
2066 1566 2232 1617 Immo
2267 1574 2323 1617 et
2361 1567 2572 1619 verbum

1504 1650 1522 1675 ⁴
1545 1642 1802 1708 evol-are?
1850 1644 2160 1706 simpliciter
2194 1644 2443 1708 positum,
2483 1644 2576 1695 ali·

1504 1719 1712 1785 quando
1755 1719 2029 1782 siguificat,
2064 1734 2326 1781 recreare,
2360 1727 2415 1769 et
2456 1718 2572 1771 refi-

1506 1809 1650 1863 cere,
1673 1797 1706 1847 i.
1731 1812 1779 1847 e.
1807 1812 2028 1849 avocare
2052 1813 2082 1849 a
2104 1797 2325 1861 negotiis
2348 1803 2403 1847 et
2418 1798 2575 1865 curis,

1506 1872 1693 1936 quibus
1717 1873 2091 1937 distringimur.
2155 1876 2294 1926 Plin.
2330 1875 2504 1939 Epist.
2534 1889 2573 1927 ι.

1505 1952 1591 1999 24.
1616 1949 1987 2001 ‘Mediocritas
2022 1951 2178 2015 vium,
2217 1950 2396 2001 modus
2422 1949 2573 2008 ruris,

1506 2025 1597 2090 qui
1633 2031 1819 2079 avocet
1851 2028 2034 2092 magis,
2069 2042 2220 2092 quam
2255 2025 2575 2095 distringe&

1508 2101 1818 2165 Lactantius
1841 2105 1877 2153 1.
1894 2119 1941 2157 c.
1965 2112 1980 2134 ‘
1998 2103 2267 2157 Avocatur
2282 2118 2409 2168 ergo
2428 2119 2574 2159 meus

1507 2180 1817 2247 simulacris,
1847 2181 2012 2235 donec
2046 2181 2279 2233 membra
2300 2195 2484 2245 sopore
2506 2182 2574 2231 ir-

1507 2256 1679 2320 rigata
1706 2257 2048 2321 vegetentur-⁹
2084 2258 2264 2311 Sidon.
2290 2258 2578 2322 Apollinsr.

1507 2335 1681 2399 Epist.
1705 2348 1757 2385 v.
1781 2339 1861 2389 17.
1887 2338 1902 2363 ⁴
1923 2336 2265 2400 Nunquamne
2292 2343 2344 2384 te
2371 2341 2571 2387 tantum

1508 2411 1740 2472 venatio,
1770 2411 1972 2475 civitas,
1996 2425 2139 2475 ager,
2163 2419 2368 2473 avocat,
2390 2419 2448 2460 ut
2473 2425 2572 2460 non

1505 2487 1680 2537 obiter
1703 2489 1973 2553 voluptate
2010 2488 2274 2537 literarum
2312 2497 2522 2536 teneare
2537 2485 2575 2535 ?'

1506 2563 1614 2615 Sed
1638 2572 1692 2615 et
1718 2565 1844 2615 talia
1877 2564 2233 2617 remissionum
2267 2569 2422 2628 atque
2453 2578 2575 2613 avo·

1504 2642 1863 2691 camentorum
1897 2654 2092 2705 genera
2121 2639 2244 2688 Val.
2278 2639 2423 2688 Max.
2448 2652 2573 2690 vm.

1506 2719 1558 2767 8.
1581 2717 1813 2782 appellat
1834 2715 1851 2744 ‘
1875 2714 2185 2769 diverticula
2201 2714 2234 2763 ι’
2270 2722 2285 2744 ‘
2304 2714 2575 2780 Scaevola,’

1507 2793 1697 2858 iuquit,
1719 2794 1735 2822 ‘
1757 2793 1956 2859 optime
1982 2793 2086 2855 pila
2109 2793 2292 2843 lusisse
2319 2792 2572 2843 traditur:

1507 2871 1630 2934 quia
1668 2869 1917 2921 videlicet
1961 2869 2027 2921 ad
2070 2870 2166 2920 lioc
2205 2869 2574 2920 diverticulum

1507 2947 1730 2997 animum
1768 2960 1914 2997 suum
1949 2944 2239 2995 forensibus
2272 2945 2573 2996 ministeriis

1504 3022 1801 3087 fatigatum,
1839 3020 2124 3073 transferre
2150 3018 2386 3070 solebat.'
2455 3021 2586 3073 Nec-

1506 3102 1635 3164 scio,
1659 3115 1723 3151 au
1746 3099 1845 3151 huc
1863 3099 2020 3149 etiam
2042 3097 2201 3148 faciat
2221 3097 2345 3147 illud
2363 3097 2473 3147 Liv.
2490 3111 2576 3148 rx.

1508 3180 1592 3229 17.
1632 3178 1649 3204 ‘
1672 3176 1816 3228 Nihil
1846 3176 2011 3227 minus
2036 3175 2307 3239 quaesitum
2332 3189 2361 3222 a
2383 3175 2573 3240 princi·

1506 3254 1593 3318 pio
1616 3254 1770 3319 hujus
1793 3253 1964 3323 operis
1993 3253 2156 3303 videri
2188 3259 2384 3316 potest,
2420 3267 2570 3318 quam

1506 3340 1566 3381 ut
1589 3364 1604 3380 .
1642 3365 1657 3382 .
1696 3365 1710 3381 .
1741 3331 2038 3395 legentibus
2075 3330 2220 3380 velut
2264 3329 2575 3379 diverticula

1504 3422 1728 3468 ammas,
1752 3413 1807 3458 et
1832 3406 2061 3472 requiem
2087 3406 2257 3455 animo
2278 3421 2411 3469 meo,
2432 3421 2571 3471 quae·

1506 3483 1716 3537 rerem.’
1753 3486 1904 3537 Idem.

1568 3561 1941 3613 Avonamentum
1973 3558 2131 3620 lardus,
2166 3574 2272 3622 quoe
2295 3565 2572 3624 quantaque

1503 3637 1603 3687 sint
1637 3636 1759 3703 illae]
1795 3636 2160 3687 Avocamentum
2193 3636 2329 3697 hujus
2359 3636 2463 3698 illa,
2491 3638 2575 3700 ξε.

1507 3713 1676 3765 Livin.
1698 3713 1748 3761 in
1779 3719 1963 3774 textu;
2003 3711 2094 3763 sed
2119 3714 2170 3763 in
2196 3715 2444 3776 margine,
2462 3706 2573 3763 αὐο-

1503 3793 1770 3839 camentum
1814 3788 1972 3851 hujus,
2005 3803 2111 3852 quae
2155 3794 2432 3853 quantaque
2470 3790 2575 3843 sint

1503 3867 1601 3916 inae
1625 3867 1685 3914 C.
1707 3864 1926 3927 optime.
1964 3865 2207 3914 Rittersh.

1555 3943 1700 3999 ,Quoe
1721 3946 2001 4010 quuntaeque
2025 3940 2149 4003 sint]
2203 3942 2284 3991 De
2304 3940 2382 3990 his
2406 3939 2571 3995 tribus

1506 4019 1684 4069 verbis
1723 4023 1898 4069 actum
1953 4006 2110 4072 esse't,
2148 4016 2246 4065 nisi
2293 4030 2380 4069 ess
2422 4018 2573 4071 uobis

1506 4103 1766 4153 servasset
1794 4094 2162 4158 cuspinianus,
2223 4093 2431 4147 Omissa
2452 4100 2575 4151 suut

1505 4174 1560 4229 iu
1594 4172 1851 4234 omuibus,
1888 4186 2014 4239 quos
2049 4162 2323 4227 coasulere
2348 4164 2479 4223 'mibi
2510 4172 2573 4221 li-

1506 4252 1638 4319 cuit,
1669 4249 1935 4305 codicibus
1964 4248 2098 4303 Mss-
2153 4249 2329 4307 Quidt
2353 4250 2490 4318 quod
2516 4249 2571 4305 iu
2626 4276 2639 4283 ³
