<?xml version="1.0" encoding="UTF-8"?>
<!DOCTYPE html PUBLIC "-//W3C//DTD XHTML 1.0 Transitional//EN"
    "http://www.w3.org/TR/xhtml1/DTD/xhtml1-transitional.dtd">
<html xmlns="http://www.w3.org/1999/xhtml" xml:lang="en" lang="en">
 <head>
  <title>
</title>
<meta http-equiv="Content-Type" content="text/html;charset=utf-8" />
  <meta name='ocr-system' content='tesseract 3.04.00' />
  <meta name='ocr-capabilities' content='ocr_page ocr_carea ocr_par ocr_line ocrx_word'/>
</head>
<body>
  <div class='ocr_page' id='page_1' title='image "./panegyriciveter01unkngoog_0271.png"; bbox 0 0 3017 4942; ppageno 0'>
   <div class='ocr_carea' id='block_1_1' title="bbox 779 407 2111 473">
    <p class='ocr_par' dir='ltr' id='par_1_1' title="bbox 779 407 2111 473">
     <span class='ocr_line' id='line_1_1' title="bbox 779 407 2111 473; baseline -0.001 0"><span class='ocrx_word' id='word_1_1' title='bbox 779 424 844 473; x_wconf 83' lang='lat' dir='ltr'><strong>c.</strong></span> <span class='ocrx_word' id='word_1_2' title='bbox 891 421 1134 473; x_wconf 62' lang='lat' dir='ltr'><strong>ammi</strong></span> <span class='ocrx_word' id='word_1_3' title='bbox 1185 418 1848 473; x_wconf 64' lang='lat' dir='ltr'><strong>saeuum-mune.</strong></span> <span class='ocrx_word' id='word_1_4' title='bbox 1920 421 1970 472; x_wconf 87' lang='lat'><strong>1.</strong></span> <span class='ocrx_word' id='word_1_5' title='bbox 2000 407 2111 472; x_wconf 87' lang='grc'><strong>41.</strong></span> 
     </span>
    </p>
   </div>
   <div class='ocr_carea' id='block_1_2' title="bbox 298 562 1422 2933">
    <p class='ocr_par' dir='ltr' id='par_1_2' title="bbox 298 562 1422 2933">
     <span class='ocr_line' id='line_1_2' title="bbox 338 562 1421 631; baseline 0.003 -17"><span class='ocrx_word' id='word_1_6' title='bbox 338 577 419 615; x_wconf 87' lang='lat' dir='ltr'><strong>res</strong></span> <span class='ocrx_word' id='word_1_7' title='bbox 452 562 591 615; x_wconf 71' lang='lat' dir='ltr'><strong>habet</strong></span> <span class='ocrx_word' id='word_1_8' title='bbox 615 563 891 630; x_wconf 75' lang='lat' dir='ltr'><strong>frugalitas</strong></span> <span class='ocrx_word' id='word_1_9' title='bbox 920 566 1175 631; x_wconf 78' lang='lat' dir='ltr'><strong>principis,</strong></span> <span class='ocrx_word' id='word_1_10' title='bbox 1207 568 1288 631; x_wconf 59' lang='grc' dir='ltr'><strong>ξε.</strong></span> <span class='ocrx_word' id='word_1_11' title='bbox 1353 566 1421 617; x_wconf 87' lang='lat' dir='ltr'><strong>In</strong></span> 
     </span>
     <span class='ocr_line' id='line_1_3' title="bbox 337 640 1421 708; baseline 0.002 -19"><span class='ocrx_word' id='word_1_12' title='bbox 337 640 783 707; x_wconf 85' lang='lat' dir='ltr'><strong>subsequentibus</strong></span> <span class='ocrx_word' id='word_1_13' title='bbox 820 643 994 693; x_wconf 83' lang='lat' dir='ltr'><strong>verbis</strong></span> <span class='ocrx_word' id='word_1_14' title='bbox 1031 644 1219 693; x_wconf 82' lang='lat' dir='ltr'><strong>vitiose</strong></span> <span class='ocrx_word' id='word_1_15' title='bbox 1254 643 1421 708; x_wconf 90' lang='lat' dir='ltr'><strong>scrip·</strong></span> 
     </span>
     <span class='ocr_line' id='line_1_4' title="bbox 304 720 1420 781; baseline 0 -11"><span class='ocrx_word' id='word_1_16' title='bbox 304 763 311 770; x_wconf 85' lang='lat'><em>.</em></span> <span class='ocrx_word' id='word_1_17' title='bbox 339 727 454 771; x_wconf 87' lang='lat' dir='ltr'><strong>tum</strong></span> <span class='ocrx_word' id='word_1_18' title='bbox 478 729 562 771; x_wconf 87' lang='lat' dir='ltr'><strong>est</strong></span> <span class='ocrx_word' id='word_1_19' title='bbox 585 722 638 771; x_wconf 90' lang='lat' dir='ltr'><strong>in</strong></span> <span class='ocrx_word' id='word_1_20' title='bbox 659 722 841 772; x_wconf 86' lang='lat' dir='ltr'><strong>codice</strong></span> <span class='ocrx_word' id='word_1_21' title='bbox 867 722 1148 772; x_wconf 89' lang='lat' dir='ltr'><strong>Parisieusi</strong></span> <span class='ocrx_word' id='word_1_22' title='bbox 1172 721 1302 771; x_wconf 79' lang='lat' dir='ltr'><strong>solus</strong></span> <span class='ocrx_word' id='word_1_23' title='bbox 1321 720 1420 781; x_wconf 69' lang='lat' dir='ltr'><strong>suf·</strong></span> 
     </span>
     <span class='ocr_line' id='line_1_5' title="bbox 323 798 1422 864; baseline -0.002 -15"><span class='ocrx_word' id='word_1_24' title='bbox 323 798 478 863; x_wconf 79' lang='lat' dir='ltr'><strong>ficias</strong></span> <span class='ocrx_word' id='word_1_25' title='bbox 492 815 512 858; x_wconf 91' lang='lat'><strong>,·</strong></span> <span class='ocrx_word' id='word_1_26' title='bbox 546 808 601 848; x_wconf 88' lang='lat' dir='ltr'><strong>et</strong></span> <span class='ocrx_word' id='word_1_27' title='bbox 624 800 675 848; x_wconf 91' lang='lat' dir='ltr'><strong>in</strong></span> <span class='ocrx_word' id='word_1_28' title='bbox 701 799 1099 863; x_wconf 78' lang='lat' dir='ltr'><strong>Salisburgensi‚</strong></span> <span class='ocrx_word' id='word_1_29' title='bbox 1117 799 1218 848; x_wconf 82' lang='lat' dir='ltr'><strong>sola</strong></span> <span class='ocrx_word' id='word_1_30' title='bbox 1240 800 1422 864; x_wconf 82' lang='lat' dir='ltr'><strong>suffice-</strong></span> 
     </span>
     <span class='ocr_line' id='line_1_6' title="bbox 335 872 1421 931; baseline 0.002 -10"><span class='ocrx_word' id='word_1_31' title='bbox 335 880 435 925; x_wconf 85' lang='lat' dir='ltr'><strong>ret.</strong></span> <span class='ocrx_word' id='word_1_32' title='bbox 505 876 753 925; x_wconf 86' lang='lat' dir='ltr'><strong>Ceterum</strong></span> <span class='ocrx_word' id='word_1_33' title='bbox 801 875 904 925; x_wconf 84' lang='lat' dir='ltr'><strong>huc</strong></span> <span class='ocrx_word' id='word_1_34' title='bbox 945 875 1152 924; x_wconf 89' lang='lat' dir='ltr'><strong>omnino</strong></span> <span class='ocrx_word' id='word_1_35' title='bbox 1201 872 1421 931; x_wconf 77' lang='lat' dir='ltr'><strong>faciunt,</strong></span> 
     </span>
     <span class='ocr_line' id='line_1_7' title="bbox 337 949 1422 1016; baseline 0.001 -18"><span class='ocrx_word' id='word_1_36' title='bbox 337 965 462 1014; x_wconf 68' lang='lat' dir='ltr'><strong>qum</strong></span> <span class='ocrx_word' id='word_1_37' title='bbox 488 950 554 1000; x_wconf 87' lang='lat' dir='ltr'><strong>de</strong></span> <span class='ocrx_word' id='word_1_38' title='bbox 579 949 889 1015; x_wconf 75' lang='lat' dir='ltr'><strong>frugalitate</strong></span> <span class='ocrx_word' id='word_1_39' title='bbox 927 951 1064 1015; x_wconf 77' lang='lat' dir='ltr'><strong>regis</strong></span> <span class='ocrx_word' id='word_1_40' title='bbox 1105 952 1187 1001; x_wconf 83' lang='lat' dir='ltr'><strong>vel</strong></span> <span class='ocrx_word' id='word_1_41' title='bbox 1224 951 1422 1016; x_wconf 87' lang='lat' dir='ltr'><strong>princi·</strong></span> 
     </span>
     <span class='ocr_line' id='line_1_8' title="bbox 338 1027 1418 1092; baseline 0 -15"><span class='ocrx_word' id='word_1_42' title='bbox 338 1027 423 1091; x_wconf 85' lang='lat' dir='ltr'><strong>pis</strong></span> <span class='ocrx_word' id='word_1_43' title='bbox 462 1027 670 1078; x_wconf 90' lang='lat' dir='ltr'><strong>disserit</strong></span> <span class='ocrx_word' id='word_1_44' title='bbox 694 1028 807 1079; x_wconf 87' lang='lat' dir='ltr'><strong>Cic.</strong></span> <span class='ocrx_word' id='word_1_45' title='bbox 833 1029 885 1078; x_wconf 92' lang='lat' dir='ltr'><strong>in</strong></span> <span class='ocrx_word' id='word_1_46' title='bbox 912 1028 1068 1078; x_wconf 88' lang='lat' dir='ltr'><strong>Orat.</strong></span> <span class='ocrx_word' id='word_1_47' title='bbox 1104 1042 1198 1092; x_wconf 86' lang='lat' dir='ltr'><strong>pro</strong></span> <span class='ocrx_word' id='word_1_48' title='bbox 1234 1028 1418 1078; x_wconf 74' lang='lat' dir='ltr'><strong>Deiot-</strong></span> 
     </span>
     <span class='ocr_line' id='line_1_9' title="bbox 338 1104 1419 1168; baseline -0.001 -13"><span class='ocrx_word' id='word_1_49' title='bbox 338 1118 463 1168; x_wconf 85' lang='lat' dir='ltr'><strong>eap.</strong></span> <span class='ocrx_word' id='word_1_50' title='bbox 482 1109 533 1154; x_wconf 81' lang='lat'><strong>9.</strong></span> <span class='ocrx_word' id='word_1_51' title='bbox 587 1106 604 1133; x_wconf 79' lang='lat'><strong><em>⁴</em></strong></span> <span class='ocrx_word' id='word_1_52' title='bbox 631 1104 830 1155; x_wconf 89' lang='lat' dir='ltr'><strong>Omnes</strong></span> <span class='ocrx_word' id='word_1_53' title='bbox 854 1105 906 1153; x_wconf 90' lang='lat' dir='ltr'><strong>in</strong></span> <span class='ocrx_word' id='word_1_54' title='bbox 931 1105 1018 1153; x_wconf 92' lang='lat' dir='ltr'><strong>illo</strong></span> <span class='ocrx_word' id='word_1_55' title='bbox 1043 1111 1164 1154; x_wconf 90' lang='lat' dir='ltr'><strong>suut</strong></span> <span class='ocrx_word' id='word_1_56' title='bbox 1191 1105 1419 1168; x_wconf 62' lang='lat' dir='ltr'><strong>egregia</strong></span> 
     </span>
     <span class='ocr_line' id='line_1_10' title="bbox 337 1178 1419 1244; baseline 0.001 -15"><span class='ocrx_word' id='word_1_57' title='bbox 337 1179 564 1242; x_wconf 73' lang='lat' dir='ltr'><strong>virtutes</strong></span> <span class='ocrx_word' id='word_1_58' title='bbox 581 1178 612 1243; x_wconf 85' lang='lat'><strong>;&#39;</strong></span> <span class='ocrx_word' id='word_1_59' title='bbox 632 1180 733 1244; x_wconf 90' lang='lat' dir='ltr'><strong>[ita</strong></span> <span class='ocrx_word' id='word_1_60' title='bbox 757 1181 894 1229; x_wconf 90' lang='lat' dir='ltr'><strong>enim</strong></span> <span class='ocrx_word' id='word_1_61' title='bbox 918 1194 1034 1229; x_wconf 91' lang='lat' dir='ltr'><strong>cnm</strong></span> <span class='ocrx_word' id='word_1_62' title='bbox 1061 1180 1295 1230; x_wconf 83' lang='lat' dir='ltr'><strong>Patricio</strong></span> <span class='ocrx_word' id='word_1_63' title='bbox 1313 1195 1419 1230; x_wconf 90' lang='lat' dir='ltr'><strong>ma·</strong></span> 
     </span>
     <span class='ocr_line' id='line_1_11' title="bbox 300 1257 1420 1326; baseline -0.002 -19"><span class='ocrx_word' id='word_1_64' title='bbox 300 1319 307 1326; x_wconf 19' lang='grc' dir='ltr'><strong><em>υ</em></strong></span> <span class='ocrx_word' id='word_1_65' title='bbox 336 1257 394 1307; x_wconf 88' lang='lat' dir='ltr'><strong>lo</strong></span> <span class='ocrx_word' id='word_1_66' title='bbox 414 1257 612 1322; x_wconf 78' lang='lat' dir='ltr'><strong>legere,</strong></span> <span class='ocrx_word' id='word_1_67' title='bbox 636 1272 790 1323; x_wconf 86' lang='lat' dir='ltr'><strong>quam</strong></span> <span class='ocrx_word' id='word_1_68' title='bbox 813 1272 932 1306; x_wconf 87' lang='lat' dir='ltr'><strong>cnm</strong></span> <span class='ocrx_word' id='word_1_69' title='bbox 971 1258 1089 1307; x_wconf 89' lang='lat' dir='ltr'><strong>aliis</strong></span> <span class='ocrx_word' id='word_1_70' title='bbox 1114 1257 1420 1323; x_wconf 74' lang='lat' dir='ltr'><strong>editoribus,</strong></span> 
     </span>
     <span class='ocr_line' id='line_1_12' title="bbox 334 1333 1421 1401; baseline -0.001 -17"><span class='ocrx_word' id='word_1_71' title='bbox 334 1335 434 1401; x_wconf 64' lang='lat' dir='ltr'><strong>qui</strong></span> <span class='ocrx_word' id='word_1_72' title='bbox 482 1350 574 1400; x_wconf 89' lang='lat' dir='ltr'><strong>pro</strong></span> <span class='ocrx_word' id='word_1_73' title='bbox 619 1349 752 1385; x_wconf 81' lang='lat' dir='ltr'><strong>voce</strong></span> <span class='ocrx_word' id='word_1_74' title='bbox 793 1333 1002 1396; x_wconf 72' lang='lat' dir='ltr'><strong>egregia·</strong></span> <span class='ocrx_word' id='word_1_75' title='bbox 1046 1333 1239 1384; x_wconf 76' lang='lat' dir='ltr'><strong>liabent</strong></span> <span class='ocrx_word' id='word_1_76' title='bbox 1281 1333 1421 1396; x_wconf 75' lang='lat' dir='ltr'><strong>Rege</strong></span> 
     </span>
     <span class='ocr_line' id='line_1_13' title="bbox 298 1410 1420 1477; baseline -0.002 -15"><span class='ocrx_word' id='word_1_77' title='bbox 298 1463 307 1470; x_wconf 29' lang='lat' dir='ltr'>d</span> <span class='ocrx_word' id='word_1_78' title='bbox 338 1411 518 1475; x_wconf 76' lang='lat' dir='ltr'><strong>regioe]</strong></span> <span class='ocrx_word' id='word_1_79' title='bbox 574 1414 591 1441; x_wconf 78' lang='lat'><strong><em>⁴</em></strong></span> <span class='ocrx_word' id='word_1_80' title='bbox 615 1411 707 1462; x_wconf 87' lang='lat' dir='ltr'><strong>sed</strong></span> <span class='ocrx_word' id='word_1_81' title='bbox 758 1412 1023 1477; x_wconf 73' lang='lat' dir='ltr'><strong>praeripue</strong></span> <span class='ocrx_word' id='word_1_82' title='bbox 1060 1410 1334 1474; x_wconf 76' lang='lat' dir='ltr'><strong>singularis</strong></span> <span class='ocrx_word' id='word_1_83' title='bbox 1363 1417 1420 1460; x_wconf 86' lang='lat' dir='ltr'><strong>et</strong></span> 
     </span>
     <span class='ocr_line' id='line_1_14' title="bbox 340 1486 1420 1552; baseline -0.002 -13"><span class='ocrx_word' id='word_1_84' title='bbox 340 1487 648 1539; x_wconf 81' lang='lat' dir='ltr'><strong>admiranda</strong></span> <span class='ocrx_word' id='word_1_85' title='bbox 686 1487 983 1552; x_wconf 77' lang='lat' dir='ltr'><strong>frugalitas3</strong></span> <span class='ocrx_word' id='word_1_86' title='bbox 1017 1486 1118 1535; x_wconf 86' lang='lat' dir='ltr'><strong>etsi</strong></span> <span class='ocrx_word' id='word_1_87' title='bbox 1143 1486 1238 1536; x_wconf 81' lang='lat' dir='ltr'><strong>boc</strong></span> <span class='ocrx_word' id='word_1_88' title='bbox 1262 1486 1420 1537; x_wconf 85' lang='lat' dir='ltr'><strong>verbo</strong></span> 
     </span>
     <span class='ocr_line' id='line_1_15' title="bbox 338 1563 1419 1628; baseline -0.002 -13"><span class='ocrx_word' id='word_1_89' title='bbox 338 1565 454 1615; x_wconf 84' lang='lat' dir='ltr'><strong>scio</strong></span> <span class='ocrx_word' id='word_1_90' title='bbox 475 1564 677 1614; x_wconf 87' lang='lat' dir='ltr'><strong>laudari</strong></span> <span class='ocrx_word' id='word_1_91' title='bbox 704 1578 855 1628; x_wconf 77' lang='lat' dir='ltr'><strong>reges</strong></span> <span class='ocrx_word' id='word_1_92' title='bbox 878 1578 979 1613; x_wconf 89' lang='lat' dir='ltr'><strong>non</strong></span> <span class='ocrx_word' id='word_1_93' title='bbox 1004 1565 1191 1613; x_wconf 89' lang='lat' dir='ltr'><strong>solere.</strong></span> <span class='ocrx_word' id='word_1_94' title='bbox 1261 1563 1419 1627; x_wconf 78' lang='lat' dir='ltr'><strong>Frugi</strong></span> 
     </span>
     <span class='ocr_line' id='line_1_16' title="bbox 339 1639 1419 1703; baseline -0.002 -13"><span class='ocrx_word' id='word_1_95' title='bbox 339 1640 601 1691; x_wconf 84' lang='lat' dir='ltr'><strong>hominem</strong></span> <span class='ocrx_word' id='word_1_96' title='bbox 627 1640 755 1703; x_wconf 87' lang='lat' dir='ltr'><strong>dici,</strong></span> <span class='ocrx_word' id='word_1_97' title='bbox 776 1654 879 1690; x_wconf 90' lang='lat' dir='ltr'><strong>non</strong></span> <span class='ocrx_word' id='word_1_98' title='bbox 906 1640 1118 1689; x_wconf 88' lang='lat' dir='ltr'><strong>multum</strong></span> <span class='ocrx_word' id='word_1_99' title='bbox 1135 1639 1291 1689; x_wconf 85' lang='lat' dir='ltr'><strong>habet</strong></span> <span class='ocrx_word' id='word_1_100' title='bbox 1311 1639 1419 1689; x_wconf 87' lang='lat' dir='ltr'><strong>lau·</strong></span> 
     </span>
     <span class='ocr_line' id='line_1_17' title="bbox 338 1715 1418 1782; baseline 0 -16"><span class='ocrx_word' id='word_1_101' title='bbox 338 1716 423 1766; x_wconf 84' lang='lat' dir='ltr'><strong>dia</strong></span> <span class='ocrx_word' id='word_1_102' title='bbox 465 1718 517 1767; x_wconf 91' lang='lat' dir='ltr'><strong>in</strong></span> <span class='ocrx_word' id='word_1_103' title='bbox 559 1732 724 1782; x_wconf 67' lang='lat' dir='ltr'><strong>reget</strong></span> <span class='ocrx_word' id='word_1_104' title='bbox 759 1715 970 1781; x_wconf 81' lang='lat' dir='ltr'><strong>fortem,</strong></span> <span class='ocrx_word' id='word_1_105' title='bbox 1003 1717 1226 1781; x_wconf 84' lang='lat' dir='ltr'><strong>justum,</strong></span> <span class='ocrx_word' id='word_1_106' title='bbox 1270 1730 1418 1766; x_wconf 84' lang='lat' dir='ltr'><strong>seve·</strong></span> 
     </span>
     <span class='ocr_line' id='line_1_18' title="bbox 336 1791 1419 1858; baseline -0.001 -15"><span class='ocrx_word' id='word_1_107' title='bbox 336 1808 475 1853; x_wconf 79' lang='lat' dir='ltr'><strong>rum,</strong></span> <span class='ocrx_word' id='word_1_108' title='bbox 510 1808 741 1858; x_wconf 76' lang='lat' dir='ltr'><strong>gravem,</strong></span> <span class='ocrx_word' id='word_1_109' title='bbox 773 1794 1177 1857; x_wconf 78' lang='lat' dir='ltr'><strong>magnanimum,</strong></span> <span class='ocrx_word' id='word_1_110' title='bbox 1203 1791 1419 1858; x_wconf 72' lang='lat' dir='ltr'><strong>largum,</strong></span> 
     </span>
     <span class='ocr_line' id='line_1_19' title="bbox 341 1869 1417 1934; baseline 0.001 -16"><span class='ocrx_word' id='word_1_111' title='bbox 341 1870 659 1934; x_wconf 81' lang='lat' dir='ltr'><strong>beneficum,</strong></span> <span class='ocrx_word' id='word_1_112' title='bbox 684 1870 976 1926; x_wconf 82' lang='lat' dir='ltr'><strong>liberalem,</strong></span> <span class='ocrx_word' id='word_1_113' title='bbox 998 1869 1079 1919; x_wconf 76' lang='lat' dir='ltr'><strong>hae</strong></span> <span class='ocrx_word' id='word_1_114' title='bbox 1116 1878 1235 1919; x_wconf 93' lang='lat' dir='ltr'><strong>sunt</strong></span> <span class='ocrx_word' id='word_1_115' title='bbox 1261 1870 1417 1932; x_wconf 66' lang='lat' dir='ltr'><strong>regim</strong></span> 
     </span>
     <span class='ocr_line' id='line_1_20' title="bbox 339 1946 1419 2012; baseline -0.001 -16"><span class='ocrx_word' id='word_1_116' title='bbox 339 1947 553 2009; x_wconf 82' lang='lat' dir='ltr'><strong>laudes;</strong></span> <span class='ocrx_word' id='word_1_117' title='bbox 604 1949 691 1996; x_wconf 84' lang='lat' dir='ltr'><strong>illa</strong></span> <span class='ocrx_word' id='word_1_118' title='bbox 731 1947 939 2012; x_wconf 85' lang='lat' dir='ltr'><strong>privata</strong></span> <span class='ocrx_word' id='word_1_119' title='bbox 975 1954 1075 1997; x_wconf 86' lang='lat' dir='ltr'><strong>est.</strong></span> <span class='ocrx_word' id='word_1_120' title='bbox 1141 1946 1215 1995; x_wconf 88' lang='lat' dir='ltr'><strong>Ut</strong></span> <span class='ocrx_word' id='word_1_121' title='bbox 1257 1947 1419 2008; x_wconf 81' lang='lat' dir='ltr'><strong>volet,</strong></span> 
     </span>
     <span class='ocr_line' id='line_1_21' title="bbox 338 2020 1419 2090; baseline -0.001 -17"><span class='ocrx_word' id='word_1_122' title='bbox 338 2025 557 2090; x_wconf 81' lang='lat' dir='ltr'><strong>quisque</strong></span> <span class='ocrx_word' id='word_1_123' title='bbox 579 2024 837 2089; x_wconf 83' lang='lat' dir='ltr'><strong>accipiat:</strong></span> <span class='ocrx_word' id='word_1_124' title='bbox 873 2036 974 2086; x_wconf 76' lang='lat' dir='ltr'><strong>ego</strong></span> <span class='ocrx_word' id='word_1_125' title='bbox 1009 2031 1182 2072; x_wconf 88' lang='lat' dir='ltr'><strong>tamen</strong></span> <span class='ocrx_word' id='word_1_126' title='bbox 1206 2020 1419 2085; x_wconf 74' lang='lat' dir='ltr'><strong>frugali·</strong></span> 
     </span>
     <span class='ocr_line' id='line_1_22' title="bbox 340 2098 1419 2164; baseline 0 -15"><span class='ocrx_word' id='word_1_127' title='bbox 340 2108 529 2163; x_wconf 85' lang='lat' dir='ltr'><strong>tatem,</strong></span> <span class='ocrx_word' id='word_1_128' title='bbox 562 2100 617 2150; x_wconf 88' lang='lat' dir='ltr'><strong>id</strong></span> <span class='ocrx_word' id='word_1_129' title='bbox 650 2107 752 2157; x_wconf 84' lang='lat' dir='ltr'><strong>est,</strong></span> <span class='ocrx_word' id='word_1_130' title='bbox 788 2098 1108 2157; x_wconf 85' lang='lat' dir='ltr'><strong>modestiam,</strong></span> <span class='ocrx_word' id='word_1_131' title='bbox 1132 2105 1189 2149; x_wconf 90' lang='lat' dir='ltr'><strong>et</strong></span> <span class='ocrx_word' id='word_1_132' title='bbox 1218 2108 1419 2164; x_wconf 89' lang='lat' dir='ltr'><strong>tempe·</strong></span> 
     </span>
     <span class='ocr_line' id='line_1_23' title="bbox 336 2176 1419 2240; baseline -0.002 -14"><span class='ocrx_word' id='word_1_133' title='bbox 336 2177 584 2240; x_wconf 78' lang='lat' dir='ltr'><strong>tantiam,</strong></span> <span class='ocrx_word' id='word_1_134' title='bbox 608 2177 852 2226; x_wconf 81' lang='lat' dir='ltr'><strong>virtutem</strong></span> <span class='ocrx_word' id='word_1_135' title='bbox 893 2190 1007 2225; x_wconf 92' lang='lat' dir='ltr'><strong>esse</strong></span> <span class='ocrx_word' id='word_1_136' title='bbox 1040 2176 1312 2226; x_wconf 76' lang='lat' dir='ltr'><strong>maximam</strong></span> <span class='ocrx_word' id='word_1_137' title='bbox 1332 2177 1419 2240; x_wconf 83' lang='lat' dir='ltr'><strong>jn·</strong></span> 
     </span>
     <span class='ocr_line' id='line_1_24' title="bbox 338 2253 1418 2316; baseline 0 -13"><span class='ocrx_word' id='word_1_138' title='bbox 338 2253 491 2304; x_wconf 88' lang='lat' dir='ltr'><strong>dico.’</strong></span> <span class='ocrx_word' id='word_1_139' title='bbox 560 2256 825 2307; x_wconf 84' lang='lat' dir='ltr'><strong>Quantum</strong></span> <span class='ocrx_word' id='word_1_140' title='bbox 859 2267 983 2302; x_wconf 81' lang='lat' dir='ltr'><strong>vero</strong></span> <span class='ocrx_word' id='word_1_141' title='bbox 1019 2254 1172 2304; x_wconf 82' lang='lat' dir='ltr'><strong>etiam</strong></span> <span class='ocrx_word' id='word_1_142' title='bbox 1211 2253 1418 2316; x_wconf 77' lang='lat' dir='ltr'><strong>privata</strong></span> 
     </span>
     <span class='ocr_line' id='line_1_25' title="bbox 343 2328 1416 2394; baseline -0.001 -15"><span class='ocrx_word' id='word_1_143' title='bbox 343 2330 621 2394; x_wconf 79' lang='lat' dir='ltr'><strong>frugalitas</strong></span> <span class='ocrx_word' id='word_1_144' title='bbox 649 2330 715 2380; x_wconf 88' lang='lat' dir='ltr'><strong>ad</strong></span> <span class='ocrx_word' id='word_1_145' title='bbox 751 2329 1037 2393; x_wconf 77' lang='lat' dir='ltr'><strong>augendam</strong></span> <span class='ocrx_word' id='word_1_146' title='bbox 1065 2344 1171 2379; x_wconf 90' lang='lat' dir='ltr'><strong>rem</strong></span> <span class='ocrx_word' id='word_1_147' title='bbox 1197 2328 1416 2379; x_wconf 82' lang='lat' dir='ltr'><strong>familia-</strong></span> 
     </span>
     <span class='ocr_line' id='line_1_26' title="bbox 340 2407 1416 2470; baseline 0.001 -15"><span class='ocrx_word' id='word_1_148' title='bbox 340 2421 448 2456; x_wconf 86' lang='lat' dir='ltr'><strong>rem</strong></span> <span class='ocrx_word' id='word_1_149' title='bbox 470 2409 662 2463; x_wconf 82' lang='lat' dir='ltr'><strong>valeat,</strong></span> <span class='ocrx_word' id='word_1_150' title='bbox 677 2421 771 2456; x_wconf 91' lang='lat' dir='ltr'><strong>suo</strong></span> <span class='ocrx_word' id='word_1_151' title='bbox 789 2407 1033 2470; x_wconf 82' lang='lat' dir='ltr'><strong>exemplo</strong></span> <span class='ocrx_word' id='word_1_152' title='bbox 1049 2412 1416 2456; x_wconf 70' lang='lat' dir='ltr'><strong>commonstrat</strong></span> 
     </span>
     <span class='ocr_line' id='line_1_27' title="bbox 339 2483 1416 2548; baseline 0 -15"><span class='ocrx_word' id='word_1_153' title='bbox 339 2484 482 2534; x_wconf 84' lang='lat' dir='ltr'><strong>Plin.</strong></span> <span class='ocrx_word' id='word_1_154' title='bbox 506 2484 680 2548; x_wconf 86' lang='lat' dir='ltr'><strong>Epist.</strong></span> <span class='ocrx_word' id='word_1_155' title='bbox 704 2496 767 2533; x_wconf 85' lang='lat'><strong>11.</strong></span> <span class='ocrx_word' id='word_1_156' title='bbox 789 2487 841 2535; x_wconf 79' lang='lat'><strong>4.</strong></span> <span class='ocrx_word' id='word_1_157' title='bbox 875 2488 890 2512; x_wconf 78' lang='lat'><strong>⁸</strong></span> <span class='ocrx_word' id='word_1_158' title='bbox 914 2484 1050 2533; x_wconf 89' lang='lat' dir='ltr'><strong>Sunt</strong></span> <span class='ocrx_word' id='word_1_159' title='bbox 1073 2483 1282 2548; x_wconf 90' lang='lat' dir='ltr'><strong>quidem</strong></span> <span class='ocrx_word' id='word_1_160' title='bbox 1307 2498 1416 2533; x_wconf 87' lang='lat' dir='ltr'><strong>om·</strong></span> 
     </span>
     <span class='ocr_line' id='line_1_28' title="bbox 339 2558 1410 2622; baseline 0 -13"><span class='ocrx_word' id='word_1_161' title='bbox 339 2561 462 2610; x_wconf 88' lang='lat' dir='ltr'><strong>nino</strong></span> <span class='ocrx_word' id='word_1_162' title='bbox 485 2560 637 2610; x_wconf 89' lang='lat' dir='ltr'><strong>nobis</strong></span> <span class='ocrx_word' id='word_1_163' title='bbox 660 2559 880 2609; x_wconf 83' lang='lat' dir='ltr'><strong>modicae</strong></span> <span class='ocrx_word' id='word_1_164' title='bbox 921 2558 1222 2621; x_wconf 71' lang='lat' dir='ltr'><strong>facultates,</strong></span> <span class='ocrx_word' id='word_1_165' title='bbox 1247 2559 1410 2622; x_wconf 75' lang='lat' dir='ltr'><strong>digni·</strong></span> 
     </span>
     <span class='ocr_line' id='line_1_29' title="bbox 341 2634 1413 2701; baseline -0.002 -15"><span class='ocrx_word' id='word_1_166' title='bbox 341 2644 422 2686; x_wconf 89' lang='lat' dir='ltr'><strong>tas</strong></span> <span class='ocrx_word' id='word_1_167' title='bbox 444 2644 765 2701; x_wconf 89' lang='lat' dir='ltr'><strong>sumptuosa,</strong></span> <span class='ocrx_word' id='word_1_168' title='bbox 791 2634 1007 2691; x_wconf 87' lang='lat' dir='ltr'><strong>reditus,</strong></span> <span class='ocrx_word' id='word_1_169' title='bbox 1044 2642 1261 2700; x_wconf 86' lang='lat' dir='ltr'><strong>propter</strong></span> <span class='ocrx_word' id='word_1_170' title='bbox 1292 2650 1413 2686; x_wconf 90' lang='lat' dir='ltr'><strong>con·</strong></span> 
     </span>
     <span class='ocr_line' id='line_1_30' title="bbox 339 2712 1410 2777; baseline 0 -15"><span class='ocrx_word' id='word_1_171' title='bbox 339 2712 592 2765; x_wconf 86' lang='lat' dir='ltr'><strong>ditionem</strong></span> <span class='ocrx_word' id='word_1_172' title='bbox 617 2714 921 2777; x_wconf 73' lang='lat' dir='ltr'><strong>agellorum,</strong></span> <span class='ocrx_word' id='word_1_173' title='bbox 946 2712 1116 2762; x_wconf 89' lang='lat' dir='ltr'><strong>nescio</strong></span> <span class='ocrx_word' id='word_1_174' title='bbox 1138 2712 1321 2768; x_wconf 90' lang='lat' dir='ltr'><strong>minor,</strong></span> <span class='ocrx_word' id='word_1_175' title='bbox 1347 2727 1410 2762; x_wconf 89' lang='lat' dir='ltr'><strong>an</strong></span> 
     </span>
     <span class='ocr_line' id='line_1_31' title="bbox 334 2788 1411 2854; baseline -0.002 -13"><span class='ocrx_word' id='word_1_176' title='bbox 334 2792 624 2852; x_wconf 78' lang='lat' dir='ltr'><strong>incertior;</strong></span> <span class='ocrx_word' id='word_1_177' title='bbox 671 2789 786 2852; x_wconf 88' lang='lat' dir='ltr'><strong>sed,</strong></span> <span class='ocrx_word' id='word_1_178' title='bbox 810 2788 947 2854; x_wconf 88' lang='lat' dir='ltr'><strong>quod</strong></span> <span class='ocrx_word' id='word_1_179' title='bbox 984 2797 1156 2838; x_wconf 85' lang='lat' dir='ltr'><strong>cessat</strong></span> <span class='ocrx_word' id='word_1_180' title='bbox 1190 2804 1255 2837; x_wconf 82' lang='lat' dir='ltr'><strong>ex</strong></span> <span class='ocrx_word' id='word_1_181' title='bbox 1279 2789 1411 2839; x_wconf 89' lang='lat' dir='ltr'><strong>redi·</strong></span> 
     </span>
     <span class='ocr_line' id='line_1_32' title="bbox 337 2866 1411 2933; baseline 0 -16"><span class='ocrx_word' id='word_1_182' title='bbox 337 2874 416 2925; x_wconf 83' lang='lat' dir='ltr'><strong>tu,</strong></span> <span class='ocrx_word' id='word_1_183' title='bbox 441 2866 738 2933; x_wconf 77' lang='lat' dir='ltr'><strong>frugalitate</strong></span> <span class='ocrx_word' id='word_1_184' title='bbox 759 2868 1056 2929; x_wconf 87' lang='lat' dir='ltr'><strong>suppletur,</strong></span> <span class='ocrx_word' id='word_1_185' title='bbox 1070 2880 1138 2916; x_wconf 85' lang='lat' dir='ltr'><strong>ex</strong></span> <span class='ocrx_word' id='word_1_186' title='bbox 1160 2881 1279 2930; x_wconf 89' lang='lat' dir='ltr'><strong>qua,</strong></span> <span class='ocrx_word' id='word_1_187' title='bbox 1304 2867 1411 2917; x_wconf 81' lang='lat' dir='ltr'><strong>vel·</strong></span> 
     </span>
    </p>
   </div>
   <div class='ocr_carea' id='block_1_3' title="bbox 338 2944 1451 3009">
    <p class='ocr_par' dir='ltr' id='par_1_3' title="bbox 338 2944 1451 3009">
     <span class='ocr_line' id='line_1_33' title="bbox 338 2944 1451 3009; baseline -0.003 -12"><span class='ocrx_word' id='word_1_188' title='bbox 338 2955 396 2997; x_wconf 92' lang='lat' dir='ltr'><strong>ut</strong></span> <span class='ocrx_word' id='word_1_189' title='bbox 440 2962 504 2997; x_wconf 82' lang='lat' dir='ltr'><strong>ex</strong></span> <span class='ocrx_word' id='word_1_190' title='bbox 549 2946 717 3009; x_wconf 82' lang='lat' dir='ltr'><strong>fonte,</strong></span> <span class='ocrx_word' id='word_1_191' title='bbox 775 2944 1065 2994; x_wconf 74' lang='lat' dir='ltr'><strong>liberalitas</strong></span> <span class='ocrx_word' id='word_1_192' title='bbox 1101 2954 1283 2994; x_wconf 87' lang='lat' dir='ltr'><strong>nostra</strong></span> <span class='ocrx_word' id='word_1_193' title='bbox 1318 2945 1409 2994; x_wconf 86' lang='lat' dir='ltr'><strong>de·</strong></span> <span class='ocrx_word' id='word_1_194' title='bbox 1450 3005 1451 3008; x_wconf 8' lang='grc' dir='ltr'><strong>Ἴ</strong></span> 
     </span>
    </p>
   </div>
   <div class='ocr_carea' id='block_1_4' title="bbox 326 3022 1411 3396">
    <p class='ocr_par' dir='ltr' id='par_1_4' title="bbox 334 3022 1410 3244">
     <span class='ocr_line' id='line_1_34' title="bbox 334 3022 1410 3085; baseline -0.003 -11"><span class='ocrx_word' id='word_1_195' title='bbox 334 3025 521 3074; x_wconf 84' lang='lat' dir='ltr'><strong>currit.</strong></span> <span class='ocrx_word' id='word_1_196' title='bbox 587 3023 721 3076; x_wconf 74' lang='lat' dir='ltr'><strong>Quoe</strong></span> <span class='ocrx_word' id='word_1_197' title='bbox 755 3029 926 3072; x_wconf 88' lang='lat' dir='ltr'><strong>tamen</strong></span> <span class='ocrx_word' id='word_1_198' title='bbox 959 3022 1033 3069; x_wconf 90' lang='lat' dir='ltr'><strong>ita</strong></span> <span class='ocrx_word' id='word_1_199' title='bbox 1069 3022 1410 3085; x_wconf 87' lang='lat' dir='ltr'><strong>temperanda</strong></span> 
     </span>
     <span class='ocr_line' id='line_1_35' title="bbox 337 3098 1410 3168; baseline -0.001 -18"><span class='ocrx_word' id='word_1_200' title='bbox 337 3112 439 3163; x_wconf 87' lang='lat' dir='ltr'><strong>est,</strong></span> <span class='ocrx_word' id='word_1_201' title='bbox 475 3116 553 3168; x_wconf 24' lang='lat' dir='ltr'><strong>ne,</strong></span> <span class='ocrx_word' id='word_1_202' title='bbox 583 3101 742 3151; x_wconf 86' lang='lat' dir='ltr'><strong>nimia</strong></span> <span class='ocrx_word' id='word_1_203' title='bbox 778 3098 1079 3165; x_wconf 76' lang='lat' dir='ltr'><strong>profusione</strong></span> <span class='ocrx_word' id='word_1_204' title='bbox 1114 3098 1410 3168; x_wconf 73' lang='lat' dir='ltr'><strong>inarescat-³</strong></span> 
     </span>
     <span class='ocr_line' id='line_1_36' title="bbox 338 3180 1333 3244; baseline -0.007 -14"><span class='ocrx_word' id='word_1_205' title='bbox 338 3180 595 3230; x_wconf 73' lang='lat' dir='ltr'><strong>Schwarz.</strong></span> <span class='ocrx_word' id='word_1_206' title='bbox 1328 3241 1333 3244; x_wconf 23' lang='lat'><em>⁷</em></span> 
     </span>
    </p>

    <p class='ocr_par' dir='ltr' id='par_1_5' title="bbox 326 3252 1411 3396">
     <span class='ocr_line' id='line_1_37' title="bbox 326 3252 1411 3320; baseline -0.001 -14"><span class='ocrx_word' id='word_1_207' title='bbox 326 3285 339 3292; x_wconf 83' lang='lat'>-</span> <span class='ocrx_word' id='word_1_208' title='bbox 406 3256 498 3306; x_wconf 80' lang='lat' dir='ltr'><strong>Tot</strong></span> <span class='ocrx_word' id='word_1_209' title='bbox 517 3252 781 3320; x_wconf 82' lang='lat' dir='ltr'><strong>inpendiis]</strong></span> <span class='ocrx_word' id='word_1_210' title='bbox 819 3253 883 3304; x_wconf 92' lang='lat' dir='ltr'><strong>In</strong></span> <span class='ocrx_word' id='word_1_211' title='bbox 907 3254 1115 3310; x_wconf 89' lang='lat' dir='ltr'><strong>milites,</strong></span> <span class='ocrx_word' id='word_1_212' title='bbox 1139 3255 1411 3320; x_wconf 79' lang='lat' dir='ltr'><strong>magistra·</strong></span> 
     </span>
     <span class='ocr_line' id='line_1_38' title="bbox 328 3331 1407 3396; baseline -0.002 -12"><span class='ocrx_word' id='word_1_213' title='bbox 328 3340 438 3390; x_wconf 72' lang='lat' dir='ltr'><strong>tua,</strong></span> <span class='ocrx_word' id='word_1_214' title='bbox 460 3332 633 3394; x_wconf 86' lang='lat' dir='ltr'><strong>ludos,</strong></span> <span class='ocrx_word' id='word_1_215' title='bbox 656 3346 838 3395; x_wconf 90' lang='lat' dir='ltr'><strong>opera,</strong></span> <span class='ocrx_word' id='word_1_216' title='bbox 858 3339 1018 3395; x_wconf 86' lang='lat' dir='ltr'><strong>atque</strong></span> <span class='ocrx_word' id='word_1_217' title='bbox 1042 3331 1162 3394; x_wconf 89' lang='lat' dir='ltr'><strong>alia,</strong></span> <span class='ocrx_word' id='word_1_218' title='bbox 1191 3346 1407 3396; x_wconf 88' lang='lat' dir='ltr'><strong>quorum</strong></span> 
     </span>
    </p>
   </div>
   <div class='ocr_carea' id='block_1_5' title="bbox 332 3405 1447 3475">
    <p class='ocr_par' dir='ltr' id='par_1_6' title="bbox 332 3405 1447 3475">
     <span class='ocr_line' id='line_1_39' title="bbox 332 3405 1447 3475; baseline 0.002 -17"><span class='ocrx_word' id='word_1_219' title='bbox 332 3410 600 3474; x_wconf 74' lang='lat' dir='ltr'><strong>specimen</strong></span> <span class='ocrx_word' id='word_1_220' title='bbox 625 3408 677 3457; x_wconf 92' lang='lat' dir='ltr'><strong>in</strong></span> <span class='ocrx_word' id='word_1_221' title='bbox 715 3408 906 3458; x_wconf 89' lang='lat' dir='ltr'><strong>nostris</strong></span> <span class='ocrx_word' id='word_1_222' title='bbox 940 3405 1292 3475; x_wconf 85' lang='lat' dir='ltr'><strong>Admirandis,</strong></span> <span class='ocrx_word' id='word_1_223' title='bbox 1322 3409 1410 3461; x_wconf 87' lang='lat' dir='ltr'><strong>lib.</strong></span> <span class='ocrx_word' id='word_1_224' title='bbox 1440 3419 1447 3434; x_wconf 87' lang='lat'><em>&#39;</em></span> 
     </span>
    </p>
   </div>
   <div class='ocr_carea' id='block_1_6' title="bbox 298 3487 1409 3784">
    <p class='ocr_par' dir='ltr' id='par_1_7' title="bbox 298 3487 1409 3784">
     <span class='ocr_line' id='line_1_40' title="bbox 336 3487 1409 3627; baseline 0.002 -14"><span class='ocrx_word' id='word_1_225' title='bbox 336 3487 584 3614; x_wconf 44' lang='lat' dir='ltr'><strong>molestent</strong></span> <span class='ocrx_word' id='word_1_226' title='bbox 636 3561 884 3627; x_wconf 74' lang='lat' dir='ltr'><strong>raperent]</strong></span> <span class='ocrx_word' id='word_1_227' title='bbox 958 3563 1045 3614; x_wconf 92' lang='lat' dir='ltr'><strong>De</strong></span> <span class='ocrx_word' id='word_1_228' title='bbox 1106 3562 1409 3615; x_wconf 85' lang='lat' dir='ltr'><strong>Domitiano</strong></span> 
     </span>
     <span class='ocr_line' id='line_1_41' title="bbox 298 3644 1409 3709; baseline -0.002 -13"><span class='ocrx_word' id='word_1_229' title='bbox 298 3681 307 3696; x_wconf 61' lang='grc'>,</span> <span class='ocrx_word' id='word_1_230' title='bbox 335 3645 554 3695; x_wconf 77' lang='lat' dir='ltr'><strong>Sueton-</strong></span> <span class='ocrx_word' id='word_1_231' title='bbox 594 3658 640 3695; x_wconf 80' lang='grc' dir='ltr'><strong>ο.</strong></span> <span class='ocrx_word' id='word_1_232' title='bbox 679 3648 764 3693; x_wconf 83' lang='grc'><strong>12.</strong></span> <span class='ocrx_word' id='word_1_233' title='bbox 798 3644 814 3671; x_wconf 91' lang='lat'>‘</span> <span class='ocrx_word' id='word_1_234' title='bbox 841 3644 990 3693; x_wconf 82' lang='lat' dir='ltr'><strong>Nihil</strong></span> <span class='ocrx_word' id='word_1_235' title='bbox 1028 3645 1174 3709; x_wconf 87' lang='lat' dir='ltr'><strong>pensi</strong></span> <span class='ocrx_word' id='word_1_236' title='bbox 1207 3644 1409 3707; x_wconf 86' lang='lat' dir='ltr'><strong>habuit,</strong></span> 
     </span>
     <span class='ocr_line' id='line_1_42' title="bbox 333 3718 1409 3784; baseline 0 -16"><span class='ocrx_word' id='word_1_237' title='bbox 333 3718 456 3784; x_wconf 90' lang='lat' dir='ltr'><strong>quin</strong></span> <span class='ocrx_word' id='word_1_238' title='bbox 483 3720 809 3783; x_wconf 82' lang='lat' dir='ltr'><strong>praedaretur</strong></span> <span class='ocrx_word' id='word_1_239' title='bbox 826 3719 962 3768; x_wconf 88' lang='lat' dir='ltr'><strong>omni</strong></span> <span class='ocrx_word' id='word_1_240' title='bbox 980 3718 1168 3769; x_wconf 80' lang='lat' dir='ltr'><strong>modo-³</strong></span> <span class='ocrx_word' id='word_1_241' title='bbox 1190 3720 1409 3770; x_wconf 79' lang='lat' dir='ltr'><strong>Patarol.</strong></span> 
     </span>
    </p>
   </div>
   <div class='ocr_carea' id='block_1_7' title="bbox 2423 406 2574 473">
    <p class='ocr_par' dir='ltr' id='par_1_8' title="bbox 2423 406 2574 473">
     <span class='ocr_line' id='line_1_43' title="bbox 2423 406 2574 473; baseline 0.007 -1"><span class='ocrx_word' id='word_1_242' title='bbox 2423 406 2574 473; x_wconf 76' lang='lat'><strong>-679</strong></span> 
     </span>
    </p>
   </div>
   <div class='ocr_carea' id='block_1_8' title="bbox 1481 566 2644 3776">
    <p class='ocr_par' dir='ltr' id='par_1_9' title="bbox 1502 566 1845 619">
     <span class='ocr_line' id='line_1_44' title="bbox 1502 566 1845 619; baseline 0.006 -2"><span class='ocrx_word' id='word_1_243' title='bbox 1502 566 1653 617; x_wconf 91' lang='lat' dir='ltr'><strong>bene.</strong></span> <span class='ocrx_word' id='word_1_244' title='bbox 1690 568 1845 619; x_wconf 79' lang='lat' dir='ltr'><strong>Idem.</strong></span> 
     </span>
    </p>

    <p class='ocr_par' dir='ltr' id='par_1_10' title="bbox 1481 640 2644 3706">
     <span class='ocr_line' id='line_1_45' title="bbox 1570 640 2575 707; baseline 0 -14"><span class='ocrx_word' id='word_1_245' title='bbox 1570 644 1712 693; x_wconf 73' lang='lat' dir='ltr'><strong>Nihil</strong></span> <span class='ocrx_word' id='word_1_246' title='bbox 1746 641 2081 707; x_wconf 81' lang='lat' dir='ltr'><strong>retinuissent]</strong></span> <span class='ocrx_word' id='word_1_247' title='bbox 2117 640 2253 693; x_wconf 76' lang='lat' dir='ltr'><strong>Hoec</strong></span> <span class='ocrx_word' id='word_1_248' title='bbox 2276 640 2434 704; x_wconf 66' lang='lat' dir='ltr'><strong>verba</strong></span> <span class='ocrx_word' id='word_1_249' title='bbox 2458 656 2575 693; x_wconf 85' lang='lat' dir='ltr'><strong>ora·</strong></span> 
     </span>
     <span class='ocr_line' id='line_1_46' title="bbox 1497 721 2577 785; baseline 0 -15"><span class='ocrx_word' id='word_1_250' title='bbox 1497 721 1626 771; x_wconf 86' lang='lat' dir='ltr'><strong>tioni</strong></span> <span class='ocrx_word' id='word_1_251' title='bbox 1675 722 1932 772; x_wconf 76' lang='lat' dir='ltr'><strong>Plinianae</strong></span> <span class='ocrx_word' id='word_1_252' title='bbox 1988 723 2223 772; x_wconf 87' lang='lat' dir='ltr'><strong>inserunt</strong></span> <span class='ocrx_word' id='word_1_253' title='bbox 2280 721 2577 785; x_wconf 86' lang='lat' dir='ltr'><strong>Rhenanus,</strong></span> 
     </span>
     <span class='ocr_line' id='line_1_47' title="bbox 1496 796 2576 863; baseline -0.002 -15"><span class='ocrx_word' id='word_1_254' title='bbox 1496 798 1786 863; x_wconf 82' lang='lat' dir='ltr'><strong>Gryphius,</strong></span> <span class='ocrx_word' id='word_1_255' title='bbox 1803 798 2107 860; x_wconf 79' lang='lat' dir='ltr'><strong>sichardus,</strong></span> <span class='ocrx_word' id='word_1_256' title='bbox 2131 797 2361 862; x_wconf 84' lang='lat' dir='ltr'><strong>Lipsius,</strong></span> <span class='ocrx_word' id='word_1_257' title='bbox 2378 796 2576 846; x_wconf 84' lang='lat' dir='ltr'><strong>Grute-</strong></span> 
     </span>
     <span class='ocr_line' id='line_1_48' title="bbox 1497 873 2573 940; baseline 0.001 -17"><span class='ocrx_word' id='word_1_258' title='bbox 1497 889 1607 932; x_wconf 88' lang='lat' dir='ltr'><strong>rus,</strong></span> <span class='ocrx_word' id='word_1_259' title='bbox 1646 877 1933 940; x_wconf 89' lang='lat' dir='ltr'><strong>Puteanus,</strong></span> <span class='ocrx_word' id='word_1_260' title='bbox 1973 875 2225 936; x_wconf 85' lang='lat' dir='ltr'><strong>Patarol;</strong></span> <span class='ocrx_word' id='word_1_261' title='bbox 2280 873 2573 938; x_wconf 81' lang='lat' dir='ltr'><strong>eademque</strong></span> 
     </span>
     <span class='ocr_line' id='line_1_49' title="bbox 1497 949 2578 1017; baseline -0.003 -16"><span class='ocrx_word' id='word_1_262' title='bbox 1497 952 1782 1013; x_wconf 82' lang='lat' dir='ltr'><strong>Livineius,</strong></span> <span class='ocrx_word' id='word_1_263' title='bbox 1845 952 2162 1017; x_wconf 87' lang='lat' dir='ltr'><strong>Stephanus,</strong></span> <span class='ocrx_word' id='word_1_264' title='bbox 2216 956 2274 1000; x_wconf 91' lang='lat' dir='ltr'><strong>et</strong></span> <span class='ocrx_word' id='word_1_265' title='bbox 2334 949 2578 1012; x_wconf 85' lang='lat' dir='ltr'><strong>Rivinns,</strong></span> 
     </span>
     <span class='ocr_line' id='line_1_50' title="bbox 1495 1027 2572 1094; baseline -0.001 -16"><span class='ocrx_word' id='word_1_266' title='bbox 1495 1030 1713 1094; x_wconf 78' lang='lat' dir='ltr'><strong>margini</strong></span> <span class='ocrx_word' id='word_1_267' title='bbox 1739 1028 2005 1080; x_wconf 83' lang='lat' dir='ltr'><strong>addidere.</strong></span> <span class='ocrx_word' id='word_1_268' title='bbox 2046 1029 2232 1093; x_wconf 87' lang='lat' dir='ltr'><strong>Neque</strong></span> <span class='ocrx_word' id='word_1_269' title='bbox 2255 1027 2322 1077; x_wconf 92' lang='lat' dir='ltr'><strong>ab</strong></span> <span class='ocrx_word' id='word_1_270' title='bbox 2344 1027 2423 1077; x_wconf 86' lang='lat' dir='ltr'><strong>his</strong></span> <span class='ocrx_word' id='word_1_271' title='bbox 2441 1027 2572 1077; x_wconf 81' lang='lat' dir='ltr'><strong>mni·</strong></span> 
     </span>
     <span class='ocr_line' id='line_1_51' title="bbox 1495 1105 2571 1170; baseline -0.001 -16"><span class='ocrx_word' id='word_1_272' title='bbox 1495 1111 1605 1170; x_wconf 81' lang='lat' dir='ltr'><strong>tum</strong></span> <span class='ocrx_word' id='word_1_273' title='bbox 1626 1106 1823 1155; x_wconf 88' lang='lat' dir='ltr'><strong>abeunt</strong></span> <span class='ocrx_word' id='word_1_274' title='bbox 1849 1106 2222 1170; x_wconf 80' lang='lat' dir='ltr'><strong>cuspinianus,</strong></span> <span class='ocrx_word' id='word_1_275' title='bbox 2248 1105 2571 1170; x_wconf 78' lang='lat' dir='ltr'><strong>Bernegger,</strong></span> 
     </span>
     <span class='ocr_line' id='line_1_52' title="bbox 1495 1178 2571 1244; baseline 0 -15"><span class='ocrx_word' id='word_1_276' title='bbox 1495 1178 1756 1236; x_wconf 76' lang='lat' dir='ltr'><strong>Graevius,</strong></span> <span class='ocrx_word' id='word_1_277' title='bbox 1778 1180 1863 1230; x_wconf 91' lang='lat' dir='ltr'><strong>De</strong></span> <span class='ocrx_word' id='word_1_278' title='bbox 1898 1181 1947 1230; x_wconf 84' lang='lat' dir='ltr'><strong>la</strong></span> <span class='ocrx_word' id='word_1_279' title='bbox 1982 1181 2185 1236; x_wconf 85' lang='lat' dir='ltr'><strong>Banne,</strong></span> <span class='ocrx_word' id='word_1_280' title='bbox 2217 1178 2313 1229; x_wconf 84' lang='lat' dir='ltr'><strong>Th.</strong></span> <span class='ocrx_word' id='word_1_281' title='bbox 2337 1178 2571 1244; x_wconf 85' lang='lat' dir='ltr'><strong>Hearne,</strong></span> 
     </span>
     <span class='ocr_line' id='line_1_53' title="bbox 1497 1255 2574 1322; baseline 0.001 -18"><span class='ocrx_word' id='word_1_282' title='bbox 1497 1255 1661 1321; x_wconf 81' lang='lat' dir='ltr'><strong>Ceva,</strong></span> <span class='ocrx_word' id='word_1_283' title='bbox 1685 1257 1974 1320; x_wconf 84' lang='lat' dir='ltr'><strong>Gesnerus,</strong></span> <span class='ocrx_word' id='word_1_284' title='bbox 2006 1258 2094 1322; x_wconf 89' lang='lat' dir='ltr'><strong>qni</strong></span> <span class='ocrx_word' id='word_1_285' title='bbox 2131 1271 2225 1321; x_wconf 88' lang='lat' dir='ltr'><strong>pro</strong></span> <span class='ocrx_word' id='word_1_286' title='bbox 2251 1256 2411 1306; x_wconf 82' lang='lat' dir='ltr'><strong>verbo</strong></span> <span class='ocrx_word' id='word_1_287' title='bbox 2453 1257 2574 1307; x_wconf 85' lang='lat' dir='ltr'><strong>reli·</strong></span> 
     </span>
     <span class='ocr_line' id='line_1_54' title="bbox 1493 1333 2574 1399; baseline 0.004 -18"><span class='ocrx_word' id='word_1_288' title='bbox 1493 1333 1707 1383; x_wconf 81' lang='lat' dir='ltr'><strong>naissent</strong></span> <span class='ocrx_word' id='word_1_289' title='bbox 1740 1342 2085 1399; x_wconf 83' lang='lat' dir='ltr'><strong>reposuerunt</strong></span> <span class='ocrx_word' id='word_1_290' title='bbox 2113 1334 2446 1385; x_wconf 76' lang='lat' dir='ltr'><strong>detinuissent.</strong></span> <span class='ocrx_word' id='word_1_291' title='bbox 2497 1333 2574 1385; x_wconf 81' lang='lat' dir='ltr'><strong>At</strong></span> 
     </span>
     <span class='ocr_line' id='line_1_55' title="bbox 1495 1409 2575 1474; baseline 0.005 -18"><span class='ocrx_word' id='word_1_292' title='bbox 1495 1424 1558 1458; x_wconf 85' lang='lat' dir='ltr'><strong>ea</strong></span> <span class='ocrx_word' id='word_1_293' title='bbox 1598 1409 1778 1471; x_wconf 82' lang='lat' dir='ltr'><strong>verba,</strong></span> <span class='ocrx_word' id='word_1_294' title='bbox 1798 1409 1923 1460; x_wconf 72' lang='lat' dir='ltr'><strong>nihil</strong></span> <span class='ocrx_word' id='word_1_295' title='bbox 1951 1411 2281 1474; x_wconf 72' lang='lat' dir='ltr'><strong>retinuissent,</strong></span> <span class='ocrx_word' id='word_1_296' title='bbox 2312 1411 2422 1460; x_wconf 82' lang='lat' dir='ltr'><strong>sive</strong></span> <span class='ocrx_word' id='word_1_297' title='bbox 2448 1411 2575 1461; x_wconf 75' lang='lat' dir='ltr'><strong>nihil</strong></span> 
     </span>
     <span class='ocr_line' id='line_1_56' title="bbox 1492 1485 2573 1551; baseline 0.003 -18"><span class='ocrx_word' id='word_1_298' title='bbox 1492 1485 1828 1542; x_wconf 75' lang='lat' dir='ltr'><strong>detinuissent,</strong></span> <span class='ocrx_word' id='word_1_299' title='bbox 1851 1500 2058 1551; x_wconf 85' lang='lat' dir='ltr'><strong>prorsus</strong></span> <span class='ocrx_word' id='word_1_300' title='bbox 2074 1490 2258 1536; x_wconf 87' lang='lat' dir='ltr'><strong>omissa</strong></span> <span class='ocrx_word' id='word_1_301' title='bbox 2277 1496 2397 1536; x_wconf 89' lang='lat' dir='ltr'><strong>sunt</strong></span> <span class='ocrx_word' id='word_1_302' title='bbox 2414 1487 2467 1536; x_wconf 90' lang='lat' dir='ltr'><strong>in</strong></span> <span class='ocrx_word' id='word_1_303' title='bbox 2483 1500 2573 1536; x_wconf 88' lang='lat' dir='ltr'><strong>co·</strong></span> 
     </span>
     <span class='ocr_line' id='line_1_57' title="bbox 1496 1559 2573 1620; baseline 0.005 -11"><span class='ocrx_word' id='word_1_304' title='bbox 1496 1559 1700 1611; x_wconf 87' lang='lat' dir='ltr'><strong>dicibns</strong></span> <span class='ocrx_word' id='word_1_305' title='bbox 1722 1564 1849 1612; x_wconf 78' lang='lat' dir='ltr'><strong>Mss-</strong></span> <span class='ocrx_word' id='word_1_306' title='bbox 1882 1562 1934 1612; x_wconf 89' lang='lat' dir='ltr'><strong>in</strong></span> <span class='ocrx_word' id='word_1_307' title='bbox 1972 1563 2103 1612; x_wconf 89' lang='lat' dir='ltr'><strong>libro</strong></span> <span class='ocrx_word' id='word_1_308' title='bbox 2131 1564 2399 1620; x_wconf 88' lang='lat' dir='ltr'><strong>Vossiano,</strong></span> <span class='ocrx_word' id='word_1_309' title='bbox 2423 1570 2481 1613; x_wconf 84' lang='lat' dir='ltr'><strong>et</strong></span> <span class='ocrx_word' id='word_1_310' title='bbox 2514 1565 2573 1614; x_wconf 84' lang='lat' dir='ltr'><strong>in</strong></span> 
     </span>
     <span class='ocr_line' id='line_1_58' title="bbox 1494 1638 2569 1701; baseline 0.002 -14"><span class='ocrx_word' id='word_1_311' title='bbox 1494 1638 1811 1688; x_wconf 86' lang='lat' dir='ltr'><strong>editionibus</strong></span> <span class='ocrx_word' id='word_1_312' title='bbox 1852 1640 2154 1701; x_wconf 84' lang='lat' dir='ltr'><strong>Puteolani,</strong></span> <span class='ocrx_word' id='word_1_313' title='bbox 2176 1639 2445 1701; x_wconf 84' lang='lat' dir='ltr'><strong>Beroaldi‚</strong></span> <span class='ocrx_word' id='word_1_314' title='bbox 2470 1640 2569 1690; x_wconf 86' lang='lat' dir='ltr'><strong>Ca-</strong></span> 
     </span>
     <span class='ocr_line' id='line_1_59' title="bbox 1495 1714 2570 1781; baseline 0.002 -18"><span class='ocrx_word' id='word_1_315' title='bbox 1495 1717 1670 1772; x_wconf 82' lang='lat' dir='ltr'><strong>tauaei,</strong></span> <span class='ocrx_word' id='word_1_316' title='bbox 1706 1714 1849 1779; x_wconf 85' lang='lat' dir='ltr'><strong>Aldi,</strong></span> <span class='ocrx_word' id='word_1_317' title='bbox 1890 1716 2200 1781; x_wconf 88' lang='lat' dir='ltr'><strong>Philomusi,</strong></span> <span class='ocrx_word' id='word_1_318' title='bbox 2221 1716 2419 1773; x_wconf 77' lang='lat' dir='ltr'><strong>Jnntae,</strong></span> <span class='ocrx_word' id='word_1_319' title='bbox 2448 1716 2570 1767; x_wconf 86' lang='lat' dir='ltr'><strong>Cel·</strong></span> 
     </span>
     <span class='ocr_line' id='line_1_60' title="bbox 1492 1791 2568 1843; baseline 0.002 -3"><span class='ocrx_word' id='word_1_320' title='bbox 1492 1791 1628 1840; x_wconf 86' lang='lat' dir='ltr'><strong>larii.</strong></span> <span class='ocrx_word' id='word_1_321' title='bbox 1685 1791 2001 1843; x_wconf 82' lang='lat' dir='ltr'><strong>Arntzenius</strong></span> <span class='ocrx_word' id='word_1_322' title='bbox 2023 1805 2147 1841; x_wconf 84' lang='lat' dir='ltr'><strong>vero</strong></span> <span class='ocrx_word' id='word_1_323' title='bbox 2170 1808 2237 1843; x_wconf 85' lang='lat' dir='ltr'><strong>ex</strong></span> <span class='ocrx_word' id='word_1_324' title='bbox 2262 1807 2440 1843; x_wconf 85' lang='lat' dir='ltr'><strong>errore</strong></span> <span class='ocrx_word' id='word_1_325' title='bbox 2462 1798 2568 1842; x_wconf 85' lang='lat' dir='ltr'><strong>tra·</strong></span> 
     </span>
     <span class='ocr_line' id='line_1_61' title="bbox 1494 1867 2571 1936; baseline 0.003 -19"><span class='ocrx_word' id='word_1_326' title='bbox 1494 1867 1592 1930; x_wconf 88' lang='lat' dir='ltr'><strong>dit,</strong></span> <span class='ocrx_word' id='word_1_327' title='bbox 1606 1868 1718 1919; x_wconf 73' lang='lat' dir='ltr'><strong>haec</strong></span> <span class='ocrx_word' id='word_1_328' title='bbox 1739 1869 1894 1919; x_wconf 78' lang='lat' dir='ltr'><strong>verba</strong></span> <span class='ocrx_word' id='word_1_329' title='bbox 1909 1884 2109 1936; x_wconf 88' lang='lat' dir='ltr'><strong>quoque</strong></span> <span class='ocrx_word' id='word_1_330' title='bbox 2125 1871 2177 1919; x_wconf 89' lang='lat' dir='ltr'><strong>in</strong></span> <span class='ocrx_word' id='word_1_331' title='bbox 2196 1871 2423 1924; x_wconf 81' lang='lat' dir='ltr'><strong>editione</strong></span> <span class='ocrx_word' id='word_1_332' title='bbox 2442 1870 2571 1920; x_wconf 86' lang='lat' dir='ltr'><strong>Fro-</strong></span> 
     </span>
     <span class='ocr_line' id='line_1_62' title="bbox 1495 1944 2571 2012; baseline 0.003 -18"><span class='ocrx_word' id='word_1_333' title='bbox 1495 1944 1656 2004; x_wconf 88' lang='lat' dir='ltr'><strong>benii,</strong></span> <span class='ocrx_word' id='word_1_334' title='bbox 1696 1946 1805 1995; x_wconf 85' lang='lat' dir='ltr'><strong>sive</strong></span> <span class='ocrx_word' id='word_1_335' title='bbox 1841 1946 2095 2012; x_wconf 83' lang='lat' dir='ltr'><strong>Rlienani,</strong></span> <span class='ocrx_word' id='word_1_336' title='bbox 2120 1946 2429 2009; x_wconf 87' lang='lat' dir='ltr'><strong>desiderari,</strong></span> <span class='ocrx_word' id='word_1_337' title='bbox 2454 1961 2571 1997; x_wconf 91' lang='lat' dir='ltr'><strong>cum</strong></span> 
     </span>
     <span class='ocr_line' id='line_1_63' title="bbox 1493 2022 2570 2087; baseline 0.004 -16"><span class='ocrx_word' id='word_1_338' title='bbox 1493 2022 1547 2071; x_wconf 86' lang='lat' dir='ltr'><strong>in</strong></span> <span class='ocrx_word' id='word_1_339' title='bbox 1562 2037 1680 2072; x_wconf 87' lang='lat' dir='ltr'><strong>meo</strong></span> <span class='ocrx_word' id='word_1_340' title='bbox 1698 2024 1983 2086; x_wconf 80' lang='lat' dir='ltr'><strong>exemplari</strong></span> <span class='ocrx_word' id='word_1_341' title='bbox 2001 2023 2179 2087; x_wconf 89' lang='lat' dir='ltr'><strong>utique</strong></span> <span class='ocrx_word' id='word_1_342' title='bbox 2199 2029 2405 2073; x_wconf 79' lang='lat' dir='ltr'><strong>extent.</strong></span> <span class='ocrx_word' id='word_1_343' title='bbox 2439 2023 2570 2075; x_wconf 79' lang='lat' dir='ltr'><strong>Pos-</strong></span> 
     </span>
     <span class='ocr_line' id='line_1_64' title="bbox 1493 2097 2570 2165; baseline 0.002 -17"><span class='ocrx_word' id='word_1_344' title='bbox 1493 2102 1599 2148; x_wconf 88' lang='lat' dir='ltr'><strong>sint</strong></span> <span class='ocrx_word' id='word_1_345' title='bbox 1625 2105 1799 2150; x_wconf 89' lang='lat' dir='ltr'><strong>autem</strong></span> <span class='ocrx_word' id='word_1_346' title='bbox 1836 2100 1949 2150; x_wconf 82' lang='lat' dir='ltr'><strong>haec</strong></span> <span class='ocrx_word' id='word_1_347' title='bbox 1987 2101 2098 2165; x_wconf 76' lang='lat' dir='ltr'><strong>ipsa</strong></span> <span class='ocrx_word' id='word_1_348' title='bbox 2120 2101 2284 2152; x_wconf 78' lang='lat' dir='ltr'><strong>verba</strong></span> <span class='ocrx_word' id='word_1_349' title='bbox 2304 2097 2570 2165; x_wconf 83' lang='lat' dir='ltr'><strong>superflua</strong></span> 
     </span>
     <span class='ocr_line' id='line_1_65' title="bbox 1493 2177 2572 2243; baseline 0.001 -19"><span class='ocrx_word' id='word_1_350' title='bbox 1493 2177 1693 2238; x_wconf 76' lang='lat' dir='ltr'><strong>videri3</strong></span> <span class='ocrx_word' id='word_1_351' title='bbox 1728 2178 1866 2243; x_wconf 84' lang='lat' dir='ltr'><strong>quia,</strong></span> <span class='ocrx_word' id='word_1_352' title='bbox 1888 2178 1974 2243; x_wconf 87' lang='lat' dir='ltr'><strong>qni</strong></span> <span class='ocrx_word' id='word_1_353' title='bbox 2011 2177 2138 2226; x_wconf 87' lang='lat' dir='ltr'><strong>nihil</strong></span> <span class='ocrx_word' id='word_1_354' title='bbox 2167 2185 2468 2243; x_wconf 85' lang='lat' dir='ltr'><strong>rapuerunt,</strong></span> <span class='ocrx_word' id='word_1_355' title='bbox 2492 2177 2572 2225; x_wconf 88' lang='lat' dir='ltr'><strong>ni·</strong></span> 
     </span>
     <span class='ocr_line' id='line_1_66' title="bbox 1491 2252 2588 2317; baseline -0.001 -16"><span class='ocrx_word' id='word_1_356' title='bbox 1491 2252 1561 2302; x_wconf 83' lang='lat' dir='ltr'><strong>hil</strong></span> <span class='ocrx_word' id='word_1_357' title='bbox 1586 2254 1743 2303; x_wconf 89' lang='lat' dir='ltr'><strong>etiam</strong></span> <span class='ocrx_word' id='word_1_358' title='bbox 1771 2262 2033 2317; x_wconf 87' lang='lat' dir='ltr'><strong>raptorum</strong></span> <span class='ocrx_word' id='word_1_359' title='bbox 2070 2252 2315 2303; x_wconf 87' lang='lat' dir='ltr'><strong>bonorum</strong></span> <span class='ocrx_word' id='word_1_360' title='bbox 2342 2254 2588 2303; x_wconf 55' lang='lat' dir='ltr'><strong>retinere</strong></span> 
     </span>
     <span class='ocr_line' id='line_1_67' title="bbox 1491 2329 2569 2395; baseline -0.004 -15"><span class='ocrx_word' id='word_1_361' title='bbox 1491 2336 1795 2395; x_wconf 85' lang='lat' dir='ltr'><strong>potuerunt.</strong></span> <span class='ocrx_word' id='word_1_362' title='bbox 1865 2330 2045 2381; x_wconf 80' lang='lat' dir='ltr'><strong>Nihilo</strong></span> <span class='ocrx_word' id='word_1_363' title='bbox 2078 2330 2244 2380; x_wconf 89' lang='lat' dir='ltr'><strong>minus</strong></span> <span class='ocrx_word' id='word_1_364' title='bbox 2281 2344 2342 2379; x_wconf 87' lang='lat' dir='ltr'><strong>ea</strong></span> <span class='ocrx_word' id='word_1_365' title='bbox 2381 2329 2569 2379; x_wconf 86' lang='lat' dir='ltr'><strong>admit·</strong></span> 
     </span>
     <span class='ocr_line' id='line_1_68' title="bbox 1493 2406 2571 2472; baseline -0.001 -16"><span class='ocrx_word' id='word_1_366' title='bbox 1493 2408 1654 2457; x_wconf 86' lang='lat' dir='ltr'><strong>tenda</strong></span> <span class='ocrx_word' id='word_1_367' title='bbox 1689 2407 1850 2471; x_wconf 78' lang='lat' dir='ltr'><strong>duxi3</strong></span> <span class='ocrx_word' id='word_1_368' title='bbox 1883 2408 2006 2472; x_wconf 85' lang='lat' dir='ltr'><strong>quia</strong></span> <span class='ocrx_word' id='word_1_369' title='bbox 2042 2421 2230 2471; x_wconf 82' lang='lat' dir='ltr'><strong>nempe</strong></span> <span class='ocrx_word' id='word_1_370' title='bbox 2269 2413 2322 2455; x_wconf 85' lang='lat' dir='ltr'><strong>et</strong></span> <span class='ocrx_word' id='word_1_371' title='bbox 2348 2406 2455 2471; x_wconf 87' lang='lat' dir='ltr'><strong>isti,</strong></span> <span class='ocrx_word' id='word_1_372' title='bbox 2479 2406 2571 2471; x_wconf 84' lang='lat' dir='ltr'><strong>qui</strong></span> 
     </span>
     <span class='ocr_line' id='line_1_69' title="bbox 1488 2478 2570 2548; baseline -0.001 -15"><span class='ocrx_word' id='word_1_373' title='bbox 1488 2486 1661 2535; x_wconf 89' lang='lat' dir='ltr'><strong>omnia</strong></span> <span class='ocrx_word' id='word_1_374' title='bbox 1687 2493 1996 2548; x_wconf 88' lang='lat' dir='ltr'><strong>rapuerunt,</strong></span> <span class='ocrx_word' id='word_1_375' title='bbox 2027 2478 2073 2534; x_wconf 88' lang='lat' dir='ltr'><strong>si</strong></span> <span class='ocrx_word' id='word_1_376' title='bbox 2104 2499 2207 2534; x_wconf 90' lang='lat' dir='ltr'><strong>non</strong></span> <span class='ocrx_word' id='word_1_377' title='bbox 2236 2484 2425 2546; x_wconf 86' lang='lat' dir='ltr'><strong>omnia,</strong></span> <span class='ocrx_word' id='word_1_378' title='bbox 2450 2497 2570 2547; x_wconf 89' lang='lat' dir='ltr'><strong>par·</strong></span> 
     </span>
     <span class='ocr_line' id='line_1_70' title="bbox 1491 2559 2568 2625; baseline -0.003 -14"><span class='ocrx_word' id='word_1_379' title='bbox 1491 2569 1598 2611; x_wconf 88' lang='lat' dir='ltr'><strong>tem</strong></span> <span class='ocrx_word' id='word_1_380' title='bbox 1642 2570 1814 2612; x_wconf 87' lang='lat' dir='ltr'><strong>tamen</strong></span> <span class='ocrx_word' id='word_1_381' title='bbox 1840 2562 2089 2612; x_wconf 87' lang='lat' dir='ltr'><strong>bonorum</strong></span> <span class='ocrx_word' id='word_1_382' title='bbox 2116 2562 2341 2610; x_wconf 86' lang='lat' dir='ltr'><strong>retinere</strong></span> <span class='ocrx_word' id='word_1_383' title='bbox 2365 2559 2568 2625; x_wconf 88' lang='lat' dir='ltr'><strong>potuis·</strong></span> 
     </span>
     <span class='ocr_line' id='line_1_71' title="bbox 1486 2638 2564 2704; baseline -0.004 -15"><span class='ocrx_word' id='word_1_384' title='bbox 1486 2649 1638 2701; x_wconf 85' lang='lat' dir='ltr'><strong>sent;</strong></span> <span class='ocrx_word' id='word_1_385' title='bbox 1674 2640 1881 2696; x_wconf 88' lang='lat' dir='ltr'><strong>deinde,</strong></span> <span class='ocrx_word' id='word_1_386' title='bbox 1901 2640 2021 2704; x_wconf 90' lang='lat' dir='ltr'><strong>quia</strong></span> <span class='ocrx_word' id='word_1_387' title='bbox 2037 2640 2113 2688; x_wconf 92' lang='lat' dir='ltr'><strong>sic</strong></span> <span class='ocrx_word' id='word_1_388' title='bbox 2128 2639 2431 2690; x_wconf 85' lang='lat' dir='ltr'><strong>concinnior</strong></span> <span class='ocrx_word' id='word_1_389' title='bbox 2452 2638 2564 2700; x_wconf 86' lang='lat' dir='ltr'><strong>ple·</strong></span> 
     </span>
     <span class='ocr_line' id='line_1_72' title="bbox 1487 2713 2562 2781; baseline -0.003 -17"><span class='ocrx_word' id='word_1_390' title='bbox 1487 2718 1705 2781; x_wconf 88' lang='lat' dir='ltr'><strong>niorque</strong></span> <span class='ocrx_word' id='word_1_391' title='bbox 1728 2716 1969 2766; x_wconf 83' lang='lat' dir='ltr'><strong>redditur</strong></span> <span class='ocrx_word' id='word_1_392' title='bbox 1989 2715 2250 2764; x_wconf 87' lang='lat' dir='ltr'><strong>sententia</strong></span> <span class='ocrx_word' id='word_1_393' title='bbox 2274 2713 2466 2773; x_wconf 86' lang='lat' dir='ltr'><strong>Plinii;</strong></span> <span class='ocrx_word' id='word_1_394' title='bbox 2498 2726 2562 2762; x_wconf 91' lang='lat' dir='ltr'><strong>ac</strong></span> 
     </span>
     <span class='ocr_line' id='line_1_73' title="bbox 1487 2790 2561 2859; baseline -0.004 -16"><span class='ocrx_word' id='word_1_395' title='bbox 1487 2794 1734 2859; x_wconf 83' lang='lat' dir='ltr'><strong>denique,</strong></span> <span class='ocrx_word' id='word_1_396' title='bbox 1760 2794 1879 2858; x_wconf 87' lang='lat' dir='ltr'><strong>quia</strong></span> <span class='ocrx_word' id='word_1_397' title='bbox 1902 2791 2084 2842; x_wconf 88' lang='lat' dir='ltr'><strong>eadem</strong></span> <span class='ocrx_word' id='word_1_398' title='bbox 2097 2791 2210 2855; x_wconf 84' lang='lat' dir='ltr'><strong>jam</strong></span> <span class='ocrx_word' id='word_1_399' title='bbox 2236 2805 2266 2839; x_wconf 92' lang='lat' dir='ltr'><strong>a</strong></span> <span class='ocrx_word' id='word_1_400' title='bbox 2289 2798 2370 2841; x_wconf 84' lang='lat' dir='ltr'><strong>tot</strong></span> <span class='ocrx_word' id='word_1_401' title='bbox 2394 2790 2561 2839; x_wconf 87' lang='lat' dir='ltr'><strong>edito·</strong></span> 
     </span>
     <span class='ocr_line' id='line_1_74' title="bbox 1486 2865 2559 2934; baseline -0.005 -14"><span class='ocrx_word' id='word_1_402' title='bbox 1486 2870 1649 2927; x_wconf 89' lang='lat' dir='ltr'><strong>ribus,</strong></span> <span class='ocrx_word' id='word_1_403' title='bbox 1675 2871 1760 2934; x_wconf 82' lang='lat' dir='ltr'><strong>qui</strong></span> <span class='ocrx_word' id='word_1_404' title='bbox 1787 2870 1973 2932; x_wconf 86' lang='lat' dir='ltr'><strong>partim</strong></span> <span class='ocrx_word' id='word_1_405' title='bbox 1997 2869 2153 2917; x_wconf 82' lang='lat' dir='ltr'><strong>etiam</strong></span> <span class='ocrx_word' id='word_1_406' title='bbox 2176 2867 2249 2915; x_wconf 91' lang='lat' dir='ltr'><strong>usi</strong></span> <span class='ocrx_word' id='word_1_407' title='bbox 2275 2874 2393 2916; x_wconf 84' lang='lat' dir='ltr'><strong>snut</strong></span> <span class='ocrx_word' id='word_1_408' title='bbox 2416 2865 2559 2915; x_wconf 86' lang='lat' dir='ltr'><strong>codi-</strong></span> 
     </span>
     <span class='ocr_line' id='line_1_75' title="bbox 1484 2942 2561 3011; baseline -0.006 -14"><span class='ocrx_word' id='word_1_409' title='bbox 1484 2949 1631 2997; x_wconf 86' lang='lat' dir='ltr'><strong>cibus</strong></span> <span class='ocrx_word' id='word_1_410' title='bbox 1668 2946 1911 3011; x_wconf 85' lang='lat' dir='ltr'><strong>antiquis,</strong></span> <span class='ocrx_word' id='word_1_411' title='bbox 1950 2942 2308 2994; x_wconf 82' lang='lat' dir='ltr'><strong>animadversa</strong></span> <span class='ocrx_word' id='word_1_412' title='bbox 2339 2949 2460 2992; x_wconf 84' lang='lat' dir='ltr'><strong>sunt</strong></span> <span class='ocrx_word' id='word_1_413' title='bbox 2485 2949 2561 2991; x_wconf 86' lang='lat' dir='ltr'><strong>at-</strong></span> 
     </span>
     <span class='ocr_line' id='line_1_76' title="bbox 1482 3019 2557 3089; baseline -0.007 -16"><span class='ocrx_word' id='word_1_414' title='bbox 1482 3039 1585 3089; x_wconf 85' lang='lat' dir='ltr'><strong>que</strong></span> <span class='ocrx_word' id='word_1_415' title='bbox 1628 3023 1891 3088; x_wconf 79' lang='lat' dir='ltr'><strong>evulgata.</strong></span> <span class='ocrx_word' id='word_1_416' title='bbox 1959 3019 2177 3071; x_wconf 78' lang='lat' dir='ltr'><strong>Praetuli</strong></span> <span class='ocrx_word' id='word_1_417' title='bbox 2215 3026 2389 3068; x_wconf 90' lang='lat' dir='ltr'><strong>autem</strong></span> <span class='ocrx_word' id='word_1_418' title='bbox 2437 3030 2557 3068; x_wconf 84' lang='lat' dir='ltr'><strong>ver-</strong></span> 
     </span>
     <span class='ocr_line' id='line_1_77' title="bbox 1488 3095 2559 3154; baseline -0.005 -4"><span class='ocrx_word' id='word_1_419' title='bbox 1488 3101 1608 3150; x_wconf 91' lang='lat' dir='ltr'><strong>bum</strong></span> <span class='ocrx_word' id='word_1_420' title='bbox 1652 3099 1961 3151; x_wconf 71' lang='lat' dir='ltr'><strong>retinuissent</strong></span> <span class='ocrx_word' id='word_1_421' title='bbox 2007 3096 2158 3146; x_wconf 83' lang='lat' dir='ltr'><strong>alteri</strong></span> <span class='ocrx_word' id='word_1_422' title='bbox 2208 3095 2559 3154; x_wconf 81' lang='lat' dir='ltr'><strong>detinuissent,·</strong></span> 
     </span>
     <span class='ocr_line' id='line_1_78' title="bbox 1485 3171 2558 3243; baseline -0.005 -16"><span class='ocrx_word' id='word_1_423' title='bbox 1485 3177 1608 3243; x_wconf 86' lang='lat' dir='ltr'><strong>quia</strong></span> <span class='ocrx_word' id='word_1_424' title='bbox 1631 3178 1708 3227; x_wconf 90' lang='lat' dir='ltr'><strong>sic</strong></span> <span class='ocrx_word' id='word_1_425' title='bbox 1730 3174 2021 3239; x_wconf 71' lang='lat' dir='ltr'><strong>elegantius</strong></span> <span class='ocrx_word' id='word_1_426' title='bbox 2059 3171 2288 3223; x_wconf 85' lang='lat' dir='ltr'><strong>refertur</strong></span> <span class='ocrx_word' id='word_1_427' title='bbox 2325 3172 2388 3220; x_wconf 87' lang='lat' dir='ltr'><strong>ad</strong></span> <span class='ocrx_word' id='word_1_428' title='bbox 2412 3179 2558 3222; x_wconf 89' lang='lat' dir='ltr'><strong>ante·</strong></span> 
     </span>
     <span class='ocr_line' id='line_1_79' title="bbox 1483 3250 2558 3314; baseline -0.004 -11"><span class='ocrx_word' id='word_1_429' title='bbox 1483 3254 1676 3303; x_wconf 84' lang='lat' dir='ltr'><strong>cedens</strong></span> <span class='ocrx_word' id='word_1_430' title='bbox 1717 3253 1931 3302; x_wconf 82' lang='lat' dir='ltr'><strong>verbum</strong></span> <span class='ocrx_word' id='word_1_431' title='bbox 1972 3251 2255 3313; x_wconf 84' lang='lat' dir='ltr'><strong>retinerent,</strong></span> <span class='ocrx_word' id='word_1_432' title='bbox 2289 3250 2372 3300; x_wconf 92' lang='lat' dir='ltr'><strong>cui</strong></span> <span class='ocrx_word' id='word_1_433' title='bbox 2407 3263 2558 3314; x_wconf 75' lang='lat' dir='ltr'><strong>aeque</strong></span> 
     </span>
     <span class='ocr_line' id='line_1_80' title="bbox 1486 3327 2558 3394; baseline -0.003 -15"><span class='ocrx_word' id='word_1_434' title='bbox 1486 3330 1839 3394; x_wconf 76' lang='lat' dir='ltr'><strong>injuriae&#39;nota</strong></span> <span class='ocrx_word' id='word_1_435' title='bbox 1874 3328 2125 3385; x_wconf 76' lang='lat' dir='ltr'><strong>adliaeret,</strong></span> <span class='ocrx_word' id='word_1_436' title='bbox 2148 3342 2211 3377; x_wconf 92' lang='lat' dir='ltr'><strong>ac</strong></span> <span class='ocrx_word' id='word_1_437' title='bbox 2247 3328 2409 3378; x_wconf 83' lang='lat' dir='ltr'><strong>verbo</strong></span> <span class='ocrx_word' id='word_1_438' title='bbox 2430 3327 2558 3376; x_wconf 83' lang='lat' dir='ltr'><strong>deti-</strong></span> 
     </span>
     <span class='ocr_line' id='line_1_81' title="bbox 1481 3402 2555 3465; baseline -0.005 -8"><span class='ocrx_word' id='word_1_439' title='bbox 1481 3408 1698 3458; x_wconf 84' lang='lat' dir='ltr'><strong>nuissent</strong></span> <span class='ocrx_word' id='word_1_440' title='bbox 1716 3422 1737 3465; x_wconf 91' lang='grc'><strong>,·</strong></span> <span class='ocrx_word' id='word_1_441' title='bbox 1765 3421 1881 3457; x_wconf 88' lang='lat' dir='ltr'><strong>cum</strong></span> <span class='ocrx_word' id='word_1_442' title='bbox 1906 3420 2007 3455; x_wconf 90' lang='lat' dir='ltr'><strong>non</strong></span> <span class='ocrx_word' id='word_1_443' title='bbox 2028 3407 2121 3455; x_wconf 91' lang='lat' dir='ltr'><strong>nisi</strong></span> <span class='ocrx_word' id='word_1_444' title='bbox 2138 3405 2206 3455; x_wconf 89' lang='lat' dir='ltr'><strong>de</strong></span> <span class='ocrx_word' id='word_1_445' title='bbox 2224 3404 2444 3454; x_wconf 87' lang='lat' dir='ltr'><strong>retentis</strong></span> <span class='ocrx_word' id='word_1_446' title='bbox 2464 3402 2555 3453; x_wconf 84' lang='lat' dir='ltr'><strong>bo·</strong></span> 
     </span>
     <span class='ocr_line' id='line_1_82' title="bbox 1483 3481 2555 3549; baseline -0.005 -16"><span class='ocrx_word' id='word_1_447' title='bbox 1483 3485 1582 3545; x_wconf 86' lang='lat' dir='ltr'><strong>nis,</strong></span> <span class='ocrx_word' id='word_1_448' title='bbox 1617 3498 1734 3549; x_wconf 77' lang='lat' dir='ltr'><strong>quae</strong></span> <span class='ocrx_word' id='word_1_449' title='bbox 1775 3491 1925 3545; x_wconf 85' lang='lat' dir='ltr'><strong>rapta</strong></span> <span class='ocrx_word' id='word_1_450' title='bbox 1957 3481 2195 3548; x_wconf 23' lang='lat' dir='ltr'><strong>„fuer-ant,</strong></span> <span class='ocrx_word' id='word_1_451' title='bbox 2241 3482 2308 3531; x_wconf 95' lang='lat' dir='ltr'><strong>sit</strong></span> <span class='ocrx_word' id='word_1_452' title='bbox 2351 3493 2555 3540; x_wconf 85' lang='lat' dir='ltr'><strong>sermo;</strong></span> 
     </span>
     <span class='ocr_line' id='line_1_83' title="bbox 1484 3558 2644 3627; baseline -0.003 -18"><span class='ocrx_word' id='word_1_453' title='bbox 1484 3576 1601 3627; x_wconf 64' lang='lat' dir='ltr'><strong>quai</strong></span> <span class='ocrx_word' id='word_1_454' title='bbox 1625 3560 1690 3610; x_wconf 86' lang='lat' dir='ltr'><strong>ad</strong></span> <span class='ocrx_word' id='word_1_455' title='bbox 1714 3559 2006 3612; x_wconf 76' lang='lat' dir='ltr'><strong>diluendam</strong></span> <span class='ocrx_word' id='word_1_456' title='bbox 2022 3558 2558 3622; x_wconf 80' lang='lat' dir='ltr'><strong>Gesneriopinionem</strong></span> <span class='ocrx_word' id='word_1_457' title='bbox 2628 3582 2644 3590; x_wconf 90' lang='lat'><em>—</em></span> 
     </span>
     <span class='ocr_line' id='line_1_84' title="bbox 1484 3635 2166 3706; baseline -0.003 -19"><span class='ocrx_word' id='word_1_458' title='bbox 1484 3638 1728 3687; x_wconf 87' lang='lat' dir='ltr'><strong>addenda</strong></span> <span class='ocrx_word' id='word_1_459' title='bbox 1749 3637 1892 3706; x_wconf 62' lang='lat' dir='ltr'><strong>duni.</strong></span> <span class='ocrx_word' id='word_1_460' title='bbox 1928 3635 2166 3686; x_wconf 72' lang='lat' dir='ltr'><strong>Schinarz.</strong></span> 
     </span>
    </p>

    <p class='ocr_par' dir='ltr' id='par_1_11' title="bbox 1554 3710 2561 3776">
     <span class='ocr_line' id='line_1_85' title="bbox 1554 3710 2561 3776; baseline -0.008 -9"><span class='ocrx_word' id='word_1_461' title='bbox 1554 3719 1674 3767; x_wconf 85' lang='lat' dir='ltr'><strong>Cum</strong></span> <span class='ocrx_word' id='word_1_462' title='bbox 1697 3722 1797 3765; x_wconf 87' lang='lat' dir='ltr'><strong>tam</strong></span> <span class='ocrx_word' id='word_1_463' title='bbox 1819 3716 1970 3766; x_wconf 81' lang='lat' dir='ltr'><strong>multa</strong></span> <span class='ocrx_word' id='word_1_464' title='bbox 1991 3712 2236 3776; x_wconf 76' lang='lat' dir='ltr'><strong>largiaris,</strong></span> <span class='ocrx_word' id='word_1_465' title='bbox 2262 3716 2309 3761; x_wconf 89' lang='lat' dir='ltr'><strong>et</strong></span> <span class='ocrx_word' id='word_1_466' title='bbox 2331 3710 2453 3761; x_wconf 75' lang='lat' dir='ltr'><strong>nihil</strong></span> <span class='ocrx_word' id='word_1_467' title='bbox 2473 3724 2561 3760; x_wconf 82' lang='lat' dir='ltr'><strong>au·</strong></span> 
     </span>
    </p>
   </div>
   <div class='ocr_carea' id='block_1_9' title="bbox 403 3788 2555 3860">
    <p class='ocr_par' dir='ltr' id='par_1_12' title="bbox 403 3788 2555 3860">
     <span class='ocr_line' id='line_1_86' title="bbox 403 3788 2555 3860; baseline -0.004 -14"><span class='ocrx_word' id='word_1_468' title='bbox 403 3795 671 3860; x_wconf 80' lang='lat' dir='ltr'><strong>Raperent]</strong></span> <span class='ocrx_word' id='word_1_469' title='bbox 725 3793 810 3844; x_wconf 79' lang='lat' dir='ltr'><strong>Aa</strong></span> <span class='ocrx_word' id='word_1_470' title='bbox 846 3796 1204 3845; x_wconf 84' lang='lat' dir='ltr'><strong>Domitianum</strong></span> <span class='ocrx_word' id='word_1_471' title='bbox 1246 3798 1407 3860; x_wconf 88' lang='lat' dir='ltr'><strong>perti·</strong></span> <span class='ocrx_word' id='word_1_472' title='bbox 1468 3794 1639 3857; x_wconf 85' lang='lat' dir='ltr'><strong>seras]</strong></span> <span class='ocrx_word' id='word_1_473' title='bbox 1692 3794 1762 3843; x_wconf 87' lang='lat' dir='ltr'><strong>Ut</strong></span> <span class='ocrx_word' id='word_1_474' title='bbox 1795 3791 1997 3856; x_wconf 58' lang='lat' dir='ltr'><strong>siuiihit</strong></span> <span class='ocrx_word' id='word_1_475' title='bbox 2028 3789 2258 3852; x_wconf 79' lang='lat' dir='ltr'><strong>largiaris</strong></span> <span class='ocrx_word' id='word_1_476' title='bbox 2280 3792 2327 3837; x_wconf 83' lang='lat' dir='ltr'><strong>et</strong></span> <span class='ocrx_word' id='word_1_477' title='bbox 2365 3788 2555 3849; x_wconf 81' lang='lat' dir='ltr'><strong>auferas</strong></span> 
     </span>
    </p>
   </div>
   <div class='ocr_carea' id='block_1_10' title="bbox 296 3869 1407 4400">
    <p class='ocr_par' dir='ltr' id='par_1_13' title="bbox 296 3869 1407 4400">
     <span class='ocr_line' id='line_1_87' title="bbox 335 3869 1230 3936; baseline 0 -14"><span class='ocrx_word' id='word_1_478' title='bbox 335 3880 483 3922; x_wconf 84' lang='lat' dir='ltr'><strong>nent.</strong></span> <span class='ocrx_word' id='word_1_479' title='bbox 552 3869 655 3920; x_wconf 85' lang='lat' dir='ltr'><strong>Adi</strong></span> <span class='ocrx_word' id='word_1_480' title='bbox 676 3871 888 3920; x_wconf 86' lang='lat' dir='ltr'><strong>Sueton.</strong></span> <span class='ocrx_word' id='word_1_481' title='bbox 907 3884 954 3919; x_wconf 87' lang='lat' dir='ltr'><strong>c.</strong></span> <span class='ocrx_word' id='word_1_482' title='bbox 978 3875 1061 3920; x_wconf 80' lang='lat'><strong>12.</strong></span> <span class='ocrx_word' id='word_1_483' title='bbox 1098 3871 1230 3936; x_wconf 77' lang='lat' dir='ltr'><strong>Lips-</strong></span> 
     </span>
     <span class='ocr_line' id='line_1_88' title="bbox 405 3946 1404 4010; baseline -0.001 -11"><span class='ocrx_word' id='word_1_484' title='bbox 405 3949 477 4000; x_wconf 81' lang='lat' dir='ltr'><strong>Ut</strong></span> <span class='ocrx_word' id='word_1_485' title='bbox 496 3948 543 3997; x_wconf 81' lang='lat' dir='ltr'><strong>ai</strong></span> <span class='ocrx_word' id='word_1_486' title='bbox 564 3947 686 3996; x_wconf 70' lang='lat' dir='ltr'><strong>nihil</strong></span> <span class='ocrx_word' id='word_1_487' title='bbox 705 3947 994 4010; x_wconf 74' lang='lat' dir='ltr'><strong>rapuissent,</strong></span> <span class='ocrx_word' id='word_1_488' title='bbox 1027 3946 1149 3996; x_wconf 71' lang='lat' dir='ltr'><strong>nihil</strong></span> <span class='ocrx_word' id='word_1_489' title='bbox 1181 3948 1404 3998; x_wconf 80' lang='lat' dir='ltr'><strong>retinuis-</strong></span> 
     </span>
     <span class='ocr_line' id='line_1_89' title="bbox 296 4022 1407 4090; baseline 0.001 -16"><span class='ocrx_word' id='word_1_490' title='bbox 296 4072 305 4090; x_wconf 41' lang='grc' dir='ltr'><strong><em>ς</em></strong></span> <span class='ocrx_word' id='word_1_491' title='bbox 331 4029 452 4080; x_wconf 79' lang='lat' dir='ltr'><strong>sent,</strong></span> <span class='ocrx_word' id='word_1_492' title='bbox 475 4022 746 4086; x_wconf 75' lang='lat' dir='ltr'><strong>defuerint]</strong></span> <span class='ocrx_word' id='word_1_493' title='bbox 788 4023 856 4071; x_wconf 86' lang='lat' dir='ltr'><strong>Ut</strong></span> <span class='ocrx_word' id='word_1_494' title='bbox 887 4023 933 4071; x_wconf 86' lang='lat' dir='ltr'><strong>si</strong></span> <span class='ocrx_word' id='word_1_495' title='bbox 965 4022 1091 4072; x_wconf 75' lang='lat' dir='ltr'><strong>nihil</strong></span> <span class='ocrx_word' id='word_1_496' title='bbox 1120 4023 1407 4087; x_wconf 75' lang='lat' dir='ltr'><strong>rapuissent,</strong></span> 
     </span>
     <span class='ocr_line' id='line_1_90' title="bbox 328 4098 1406 4160; baseline 0.001 -10"><span class='ocrx_word' id='word_1_497' title='bbox 328 4099 572 4160; x_wconf 57' lang='lat' dir='ltr'><strong>defuerint</strong></span> <span class='ocrx_word' id='word_1_498' title='bbox 595 4098 762 4148; x_wconf 77' lang='lat' dir='ltr'><strong>Livin.</strong></span> <span class='ocrx_word' id='word_1_499' title='bbox 786 4099 836 4148; x_wconf 89' lang='lat' dir='ltr'><strong>in</strong></span> <span class='ocrx_word' id='word_1_500' title='bbox 861 4106 1032 4149; x_wconf 77' lang='lat' dir='ltr'><strong>testu.</strong></span> <span class='ocrx_word' id='word_1_501' title='bbox 1077 4099 1179 4149; x_wconf 88' lang='lat' dir='ltr'><strong>Sed</strong></span> <span class='ocrx_word' id='word_1_502' title='bbox 1199 4101 1249 4149; x_wconf 87' lang='lat' dir='ltr'><strong>in</strong></span> <span class='ocrx_word' id='word_1_503' title='bbox 1273 4116 1406 4151; x_wconf 89' lang='lat' dir='ltr'><strong>mar·</strong></span> 
     </span>
     <span class='ocr_line' id='line_1_91' title="bbox 332 4174 1406 4239; baseline 0.003 -15"><span class='ocrx_word' id='word_1_504' title='bbox 332 4176 471 4239; x_wconf 73' lang='lat' dir='ltr'><strong>gine,</strong></span> <span class='ocrx_word' id='word_1_505' title='bbox 502 4176 569 4224; x_wconf 76' lang='lat' dir='ltr'><strong>Ut</strong></span> <span class='ocrx_word' id='word_1_506' title='bbox 590 4175 635 4225; x_wconf 88' lang='lat' dir='ltr'><strong>si</strong></span> <span class='ocrx_word' id='word_1_507' title='bbox 657 4174 780 4224; x_wconf 66' lang='lat' dir='ltr'><strong>nihil</strong></span> <span class='ocrx_word' id='word_1_508' title='bbox 809 4177 1099 4239; x_wconf 75' lang='lat' dir='ltr'><strong>rapuissent,</strong></span> <span class='ocrx_word' id='word_1_509' title='bbox 1134 4176 1257 4226; x_wconf 75' lang='lat' dir='ltr'><strong>nihil</strong></span> <span class='ocrx_word' id='word_1_510' title='bbox 1287 4178 1406 4228; x_wconf 83' lang='lat' dir='ltr'><strong>reti-</strong></span> 
     </span>
     <span class='ocr_line' id='line_1_92' title="bbox 308 4250 1406 4309; baseline 0.003 -7"><span class='ocrx_word' id='word_1_511' title='bbox 308 4255 319 4263; x_wconf 82' lang='grc'><strong><em>”</em></strong></span> <span class='ocrx_word' id='word_1_512' title='bbox 331 4252 565 4308; x_wconf 68' lang='lat' dir='ltr'><strong>antissent,</strong></span> <span class='ocrx_word' id='word_1_513' title='bbox 579 4250 821 4309; x_wconf 76' lang='lat' dir='ltr'><strong>defuerint</strong></span> <span class='ocrx_word' id='word_1_514' title='bbox 836 4253 899 4303; x_wconf 87' lang='lat' dir='ltr'><strong>C.</strong></span> <span class='ocrx_word' id='word_1_515' title='bbox 912 4252 982 4302; x_wconf 83' lang='lat' dir='ltr'><strong>G.</strong></span> <span class='ocrx_word' id='word_1_516' title='bbox 997 4260 1163 4302; x_wconf 83' lang='lat' dir='ltr'><strong>recte.</strong></span> <span class='ocrx_word' id='word_1_517' title='bbox 1196 4254 1406 4305; x_wconf 80' lang='lat' dir='ltr'><strong>Ritters.</strong></span> 
     </span>
     <span class='ocr_line' id='line_1_93' title="bbox 332 4326 1406 4400; baseline 0.003 -20"><span class='ocrx_word' id='word_1_518' title='bbox 332 4328 487 4394; x_wconf 82' lang='lat' dir='ltr'><strong>Post,</strong></span> <span class='ocrx_word' id='word_1_519' title='bbox 509 4327 629 4380; x_wconf 81' lang='lat' dir='ltr'><strong>atsi</strong></span> <span class='ocrx_word' id='word_1_520' title='bbox 650 4326 773 4379; x_wconf 70' lang='lat' dir='ltr'><strong>nihil</strong></span> <span class='ocrx_word' id='word_1_521' title='bbox 801 4328 1031 4391; x_wconf 74' lang='lat' dir='ltr'><strong>largiaris</strong></span> <span class='ocrx_word' id='word_1_522' title='bbox 1062 4334 1109 4380; x_wconf 88' lang='lat' dir='ltr'><strong>et</strong></span> <span class='ocrx_word' id='word_1_523' title='bbox 1133 4327 1322 4400; x_wconf 75' lang='lat' dir='ltr'><strong>auferas</strong></span> <span class='ocrx_word' id='word_1_524' title='bbox 1344 4332 1406 4383; x_wconf 89' lang='lat' dir='ltr'><strong>C.</strong></span> 
     </span>
    </p>
   </div>
   <div class='ocr_carea' id='block_1_11' title="bbox 1483 3870 2554 4158">
    <p class='ocr_par' dir='ltr' id='par_1_14' title="bbox 1483 3870 2554 4158">
     <span class='ocr_line' id='line_1_94' title="bbox 1485 3870 2554 4006; baseline -0.006 -9"><span class='ocrx_word' id='word_1_525' title='bbox 1485 3870 1767 3996; x_wconf 46' lang='lat' dir='ltr'><strong>GELttztizl</strong></span> <span class='ocrx_word' id='word_1_526' title='bbox 1787 3942 2003 4006; x_wconf 72' lang='lat' dir='ltr'><strong>auferas]</strong></span> <span class='ocrx_word' id='word_1_527' title='bbox 2028 3943 2157 3993; x_wconf 89' lang='lat' dir='ltr'><strong>Cum</strong></span> <span class='ocrx_word' id='word_1_528' title='bbox 2185 3940 2404 4003; x_wconf 87' lang='lat' dir='ltr'><strong>primum</strong></span> <span class='ocrx_word' id='word_1_529' title='bbox 2430 3939 2554 3991; x_wconf 87' lang='lat' dir='ltr'><strong>ede·</strong></span> 
     </span>
     <span class='ocr_line' id='line_1_95' title="bbox 1483 4017 2553 4082; baseline -0.007 -8"><span class='ocrx_word' id='word_1_530' title='bbox 1483 4038 1592 4074; x_wconf 90' lang='lat' dir='ltr'><strong>rem</strong></span> <span class='ocrx_word' id='word_1_531' title='bbox 1635 4021 2027 4072; x_wconf 80' lang='lat' dir='ltr'><strong>observationes</strong></span> <span class='ocrx_word' id='word_1_532' title='bbox 2062 4018 2128 4067; x_wconf 84' lang='lat' dir='ltr'><strong>ad</strong></span> <span class='ocrx_word' id='word_1_533' title='bbox 2167 4017 2553 4082; x_wconf 81' lang='lat' dir='ltr'><strong>Panegyricum</strong></span> 
     </span>
     <span class='ocr_line' id='line_1_96' title="bbox 1485 4094 2554 4158; baseline -0.006 -8"><span class='ocrx_word' id='word_1_534' title='bbox 1485 4101 1667 4156; x_wconf 88' lang='lat' dir='ltr'><strong>Plinii,</strong></span> <span class='ocrx_word' id='word_1_535' title='bbox 1712 4098 1977 4154; x_wconf 81' lang='lat' dir='ltr'><strong>annotavi,</strong></span> <span class='ocrx_word' id='word_1_536' title='bbox 2018 4110 2114 4158; x_wconf 79' lang='lat' dir='ltr'><strong>pro</strong></span> <span class='ocrx_word' id='word_1_537' title='bbox 2157 4094 2237 4143; x_wconf 88' lang='lat' dir='ltr'><strong>his</strong></span> <span class='ocrx_word' id='word_1_538' title='bbox 2285 4096 2456 4145; x_wconf 83' lang='lat' dir='ltr'><strong>verbis</strong></span> <span class='ocrx_word' id='word_1_539' title='bbox 2497 4095 2554 4144; x_wconf 84' lang='lat' dir='ltr'><strong>in</strong></span> 
     </span>
    </p>
   </div>
   <div class='ocr_carea' id='block_1_12' title="bbox 1480 4171 2670 4238">
    <p class='ocr_par' dir='ltr' id='par_1_15' title="bbox 1480 4171 2670 4238">
     <span class='ocr_line' id='line_1_97' title="bbox 1480 4171 2670 4238; baseline -0.006 -10"><span class='ocrx_word' id='word_1_540' title='bbox 1480 4179 1667 4228; x_wconf 88' lang='lat' dir='ltr'><strong>codice</strong></span> <span class='ocrx_word' id='word_1_541' title='bbox 1701 4173 2194 4238; x_wconf 75' lang='lat' dir='ltr'><strong>Guelpberbytano,</strong></span> <span class='ocrx_word' id='word_1_542' title='bbox 2219 4179 2281 4222; x_wconf 84' lang='lat' dir='ltr'><strong>et</strong></span> <span class='ocrx_word' id='word_1_543' title='bbox 2319 4171 2372 4223; x_wconf 91' lang='lat' dir='ltr'><strong>in</strong></span> <span class='ocrx_word' id='word_1_544' title='bbox 2417 4172 2551 4222; x_wconf 88' lang='lat' dir='ltr'><strong>libro</strong></span> <span class='ocrx_word' id='word_1_545' title='bbox 2659 4199 2670 4204; x_wconf 90' lang='lat'>-</span> 
     </span>
    </p>
   </div>
   <div class='ocr_carea' id='block_1_13' title="bbox 1482 4248 2551 4418">
    <p class='ocr_par' dir='ltr' id='par_1_16' title="bbox 1482 4248 2551 4418">
     <span class='ocr_line' id='line_1_98' title="bbox 1483 4248 2550 4315; baseline -0.003 -12"><span class='ocrx_word' id='word_1_546' title='bbox 1483 4254 1757 4309; x_wconf 82' lang='lat' dir='ltr'><strong>vossiano,</strong></span> <span class='ocrx_word' id='word_1_547' title='bbox 1792 4251 1893 4315; x_wconf 77' lang='lat' dir='ltr'><strong>legi</strong></span> <span class='ocrx_word' id='word_1_548' title='bbox 1932 4266 2018 4302; x_wconf 83' lang='lat' dir='ltr'><strong>nee</strong></span> <span class='ocrx_word' id='word_1_549' title='bbox 2055 4248 2248 4310; x_wconf 81' lang='lat' dir='ltr'><strong>auferas</strong></span> <span class='ocrx_word' id='word_1_550' title='bbox 2279 4250 2550 4313; x_wconf 76' lang='lat' dir='ltr'><strong>quidquam.</strong></span> 
     </span>
     <span class='ocr_line' id='line_1_99' title="bbox 1482 4325 2551 4418; baseline -0.009 -33"><span class='ocrx_word' id='word_1_551' title='bbox 1482 4332 1616 4385; x_wconf 65' lang='lat' dir='ltr'><strong>Quae</strong></span> <span class='ocrx_word' id='word_1_552' title='bbox 1664 4331 1878 4383; x_wconf 80' lang='lat' dir='ltr'><strong>variatio</strong></span> <span class='ocrx_word' id='word_1_553' title='bbox 1920 4327 2215 4418; x_wconf 77' lang='lat' dir='ltr'><strong>perplacuit</strong></span> <span class='ocrx_word' id='word_1_554' title='bbox 2250 4325 2551 4400; x_wconf 74' lang='lat' dir='ltr'><strong>Arntzenio,</strong></span> 
     </span>
    </p>
   </div>
  </div>
 </body>
</html>
