3017 4942
769 400 835 451 ο.
881 401 1131 451 ptum
1174 400 1509 452 saeuum
1562 403 1836 453 nnnc.
1913 403 1961 453 t.
2002 388 2112 454 ¹75.

320 540 694 594 {imationibus
747 559 810 595 ac
850 542 1084 609 judiciis,
1127 544 1216 610 qui
1262 560 1400 595 nuuc

324 628 480 681 sunt,
523 622 817 683 hominum3
862 623 954 671 sed
997 623 1058 671 iis
1099 624 1271 678 etiam,
1311 623 1398 686 qui

322 695 497 746 futuri
534 704 683 747 suut:
719 711 1008 762 quanquam
1053 697 1257 747 illorum
1297 699 1400 748 erit

323 775 511 822 verius
529 773 804 836 judicium,
818 774 1199 824 obtrectatione
1220 780 1276 824 et
1293 788 1401 824 ma-

322 850 614 900 levolentia
634 849 948 900 liberatum.’
968 851 1120 900 Idem·

402 927 526 976 Post
547 927 696 992 ipsos]
733 927 864 978 Cum
877 927 986 990 jam
1019 927 1244 988 mortui3
1278 928 1397 985 etsi,

325 1016 369 1052 ο
403 1003 539 1053 bone
563 1004 720 1060 Plini,
739 1004 954 1053 libertas
976 1018 1041 1052 ea
1063 1012 1264 1053 tantum
1299 1005 1396 1054 sub

325 1079 505 1138 bonis,
540 1087 595 1128 et
615 1080 680 1129 de
701 1079 884 1130 bonisz
920 1079 973 1129 in
998 1080 1164 1137 malis,
1191 1080 1396 1143 judicia

325 1155 565 1219 quidem,
585 1154 678 1206 sed
701 1169 802 1205 non
823 1156 988 1227 libera
1008 1163 1099 1206 aut
1117 1157 1396 1220 publicata.

328 1230 480 1293 Lips.

350 1347 355 1353 .
402 1310 475 1357 Et
496 1313 604 1359 ante
624 1324 709 1358 nos
719 1308 910 1372 gratos]
925 1309 1072 1366 Ante.
1095 1310 1131 1360 i.
1153 1324 1200 1360 c.
1224 1317 1395 1369 antea,

328 1387 577 1443 antehac,
600 1401 647 1434 v.
671 1401 724 1449 g.
744 1389 842 1436 sub
863 1387 1191 1449 Domitiano,
1217 1387 1396 1437 aliisve

322 1461 596 1511 insudatis
621 1463 962 1526 principibus.
997 1462 1207 1526 Lipsius
1231 1477 1396 1512 econ-

311 1536 538 1600 jectura
559 1546 917 1600 annotaverat,
940 1539 1164 1602 placere,
1188 1553 1284 1603 pro
1310 1554 1396 1589 vo-

325 1614 604 1677 cibus‚nos
620 1621 809 1680 gratos,
831 1617 873 1664 si
898 1623 1185 1678 reponatur
1205 1630 1297 1664 non
1317 1617 1396 1667 in·

318 1697 515 1753 gratos.
582 1692 750 1745 Quam
787 1693 1143 1757 conjecturam
1182 1693 1235 1742 in
1274 1708 1395 1743 con·

325 1774 538 1816 textum
563 1767 767 1818 admisit
778 1769 941 1818 editio
960 1768 1396 1832 Berueggcriana,

322 1839 460 1894 item
484 1852 541 1894 et
562 1845 860 1895 Hackiana.
924 1845 1085 1894 Totus
1121 1846 1203 1893 hic
1237 1846 1396 1909 locus,

323 1923 615 1972 secundum
653 1930 967 1973 structuram
990 1922 1397 1986 grammaticam,

320 1999 409 2048 ita
450 2008 532 2049 cst
570 1999 884 2049 ordinandus
928 2009 1090 2063 atque
1132 2000 1396 2063 explican-

319 2076 429 2124 dus
456 2090 471 2125 t
501 2078 517 2105 ⁶
545 2077 620 2127 Ut
658 2076 1023 2139 experimento
1058 2089 1397 2140 cognoscere-

321 2160 436 2215 tur,
482 2159 538 2202 et
579 2162 702 2203 ante
735 2154 801 2218 (i.
840 2167 888 2202 e.
928 2153 1092 2203 etiam
1147 2152 1396 2217 antehac)

312 2218 424 2278 ⁴nos
469 2228 734 2294 (quidem)
781 2240 973 2292 gratos,
1014 2228 1106 2280 sed
1162 2231 1394 2285 miseros,

317 2305 524 2369 fuisse3
547 2308 731 2371 quibus
750 2307 890 2373 (scil.
916 2306 1096 2370 nobis)
1125 2312 1277 2357 antea
1294 2322 1394 2356 non

303 2383 498 2446 fleuit,
523 2385 662 2449 (sive
685 2400 786 2434 uon
819 2386 999 2435 datum
1037 2384 1138 2434 fuit
1163 2400 1258 2449 per
1290 2400 1391 2435 ma-

320 2459 615 2523 lignitatem
677 2463 996 2527 quorundam
1068 2463 1393 2525 superiorum

317 2535 666 2603 principum)
702 2538 944 2613 probare,
977 2537 1116 2603 (sive
1155 2537 1395 2588 demons-

323 2624 517 2690 trare,)
538 2640 628 2675 nos
645 2641 759 2675 esse
783 2624 998 2690 gratos!
1042 2625 1179 2675 Illud
1209 2639 1392 2688 prouo-

323 2717 448 2751 men
470 2703 637 2766 quibus
662 2704 747 2752 hic
779 2702 1050 2752 commode
1079 2703 1266 2752 resolvi
1303 2718 1392 2768 po·

323 2786 438 2829 'test
488 2782 540 2829 iu
588 2780 743 2830 ‘dum
790 2780 980 2830 nobis’
1022 2781 1131 2830 sive
1166 2782 1392 2846 ‘quippe

244 2890 253 2904 .
321 2856 476 2905 nobis
494 2854 528 2915 3'
560 2856 594 2906 i.
619 2872 668 2907 e.
693 2856 813 2906 dum
838 2857 987 2908 nobis
1021 2859 1164 2906 nulla
1186 2859 1392 2908 occasio

320 2930 426 2981 fuit
449 2940 612 2996 gratae
636 2933 825 2983 mentis
843 2942 1032 2982 nostrae
1049 2932 1396 2983 declarandae.

320 3007 415 3058 Sic
438 3024 538 3058 non
571 3011 734 3059 solum
771 3010 857 3059 alii
896 3011 1017 3060 boni
1058 3017 1296 3060 auctores
1318 3012 1392 3059 lo-

321 3092 589 3149 quuntur-3
621 3086 713 3135 sed
748 3094 804 3136 et
839 3087 952 3149 ipsc
987 3095 1167 3137 noster
1190 3088 1390 3137 Plinius

321 3161 513 3224 passim
535 3176 550 3223 ς
586 3177 632 3212 v.
653 3178 704 3225 g.
730 3163 784 3212 in
809 3164 1043 3225 proximo
1060 3177 1106 3212 c.
1129 3177 1322 3213 mxxiv.
1342 3168 1392 3216 4.

316 3238 342 3266 ⁴
365 3239 504 3291 Quid
548 3237 747 3289 felicius
787 3240 967 3301 nobis;
1021 3239 1208 3303 quibus
1242 3239 1304 3306 (i.
1341 3255 1390 3289 e.

319 3315 445 3364 dum
481 3316 655 3384 nobis)
689 3318 917 3380 nonjam
955 3316 1081 3364 illud
1107 3316 1389 3378 optandum

319 3400 428 3453 cst,
452 3400 508 3442 ut
533 3408 623 3442 uos
645 3393 830 3457 diligat
853 3393 1094 3456 princeps
1114 3407 1130 3452 ς
1165 3392 1257 3441 sed
1281 3393 1391 3456 Dii,

321 3473 754 3535 quemadmodum
773 3468 1063 3535 princeps?
1089 3469 1237 3517 Idem
1256 3483 1393 3519 xcn.

320 3551 372 3597 4.
390 3548 406 3575 ‘
428 3549 584 3604 Nam,
610 3547 748 3613 quod
773 3561 890 3596 etim
908 3544 1228 3610 potissimum
1246 3560 1388 3594 men-

320 3640 428 3674 sem
454 3624 758 3680 attribuisti,
780 3638 933 3689 quem
952 3631 1070 3671 tuus
1085 3622 1276 3670 natalis
1300 3636 1388 3669 ex·

324 3709 495 3764 ornat,
519 3715 668 3765 quam
696 3700 964 3761 pulchrum
989 3698 1168 3747 nobis!
1206 3696 1386 3760 quibus

319 3776 384 3840 (i.
406 3793 454 3826 e.
479 3778 597 3825 dum
621 3775 791 3840 nobis)
825 3776 1016 3835 edicto,
1039 3775 1230 3838 quibus
1254 3774 1314 3836 (i.
1338 3787 1387 3821 e.

321 3853 442 3902 dum
465 3853 637 3918 nobis)
653 3853 971 3916 spectaculo,
988 3851 1252 3900 celebrare
1267 3863 1387 3898 con-

320 3930 490 3991 tinget
513 3930 647 3979 diem
672 3931 815 3978 illum
851 3928 1046 3991 triplici
1088 3926 1278 3990 gaudio
1301 3927 1386 3974 lae-

322 4006 467 4057 tum.’
534 4007 669 4057 Haec
694 4005 825 4055 adeo
855 4004 1114 4054 sententia
1137 4003 1200 4052 ad
1227 4003 1387 4051 Plini-

318 4092 426 4139 um,
462 4082 693 4147 aliosque
730 4082 865 4131 illins
899 4082 1148 4145 temporis
1183 4086 1388 4129 senato-

319 4174 426 4221 res,
469 4165 527 4209 et
565 4160 703 4209 viros
760 4158 939 4223 bonos,
982 4156 1256 4207 referenda
1282 4161 1386 4207 cst.

317 4235 563 4285 Schwarz.
972 4242 981 4247 “

381 4314 490 4363 Nos
519 4312 713 4377 gratos]
762 4311 1000 4376 Placeat,
1025 4323 1117 4361 non
1137 4309 1353 4372 ingratos
1364 4324 1386 4368 ‚-

2399 384 2532 455 951

1475 546 1576 596 etsi
1614 561 1711 596 nec
1740 547 1896 596 aliter
1923 545 2185 596 sententia
2209 544 2357 597 valde
2377 540 2532 598 dissi*-

1472 623 1654 683 deute,
1676 625 1766 672 sed
1789 625 1865 673 sic
1886 625 2125 673 clariore.
2159 623 2293 687 Lips.

1540 699 1721 763 Antea]
1757 700 2058 762 Principum
2083 700 2347 763 plerisque
2373 690 2535 763 pessi-

1473 776 1606 837 mis3
1637 776 1732 824 nisi
1765 774 1902 840 quod
1937 777 2055 825 Tito
2087 775 2207 823 vivo
2241 778 2417 825 multae
2442 791 2532 825 ex-

1469 851 1806 900 clamationes
1830 849 2005 910 dictae,
2024 857 2082 900 et
2102 856 2303 900 mortuo
2326 858 2482 900 tautae
2499 864 2533 898 a

1468 934 1655 977 senatu
1680 926 1861 990 gratia
1883 926 2166 991 laudesque
2185 936 2338 988 actae,
2370 941 2532 990 quan-

1473 1010 1543 1053 tae
1581 1018 1681 1053 nec
1719 1004 1837 1053 vivo
1872 1017 2094 1067 unquam
2131 1016 2228 1053 uec
2267 1000 2532 1065 praesenti.

1470 1080 1627 1129 Rern.

1538 1159 1645 1215 Quo
1662 1158 1797 1224 nisu]
1837 1159 1943 1214 Quo
1972 1157 2095 1207 nixu
2124 1157 2293 1205 Lirin.
2327 1157 2379 1205 iu
2416 1164 2532 1206 tex·

1472 1243 1562 1297 tu3
1596 1235 1685 1285 sed
1709 1238 1759 1284 in
1785 1236 2035 1298 margine,
2059 1249 2147 1298 quo
2167 1234 2274 1283 nisa
2297 1234 2364 1284 G.

1542 1315 1652 1371 Quo
1674 1312 1807 1376 nisu]
1843 1313 1914 1362 In·
1933 1311 2199 1360 codicibus
2222 1311 2353 1360 Mss.
2386 1310 2533 1358 Vati-

1471 1408 1604 1443 cano
1627 1397 1773 1443 3461.
1840 1390 2144 1451 Parisieusi,
2168 1390 2533 1452 salisburgen-

1472 1473 1539 1534 si,
1569 1469 2044 1532 Guelpherbytauo,
2078 1475 2132 1516 et
2170 1468 2392 1531 utroque
2424 1467 2535 1515 Vc-

1469 1555 1615 1611 neto,
1638 1549 1762 1596 item
1783 1546 1907 1594 etin
1929 1543 2306 1607 antiquioribus
2324 1539 2534 1608 quibus'-

1471 1623 1589 1673 dam
1635 1621 1967 1681 editionibus,
2011 1622 2228 1684 legimus
2272 1620 2426 1677 nixam
2475 1619 2531 1668 in

1471 1699 1663 1748 ceteris
1708 1697 1988 1753 codicibus,
2033 1711 2093 1746 ac
2126 1697 2238 1758 jam
2284 1696 2336 1744 iu
2375 1710 2532 1744 excu-

1471 1774 1540 1823 sis
1571 1773 1834 1830 Beroaldi,
1865 1772 2117 1835 Catanaei‚
2141 1780 2196 1821 et
2223 1770 2344 1820 Aldi
2370 1771 2537 1833 libris,

1468 1853 1596 1902 nisu.
1664 1851 1942 1913 Nimirum,
1972 1849 2094 1913 quia
2117 1847 2212 1897 boc
2235 1861 2417 1897 nomen
2439 1847 2531 1895 de·

1471 1927 1677 1979 scendit
1713 1943 1744 1977 a
1779 1927 1942 1975 verbo
1974 1923 2183 1985 ‘nitor,’
2215 1925 2249 1972 i.
2271 1939 2318 1972 e.
2343 1936 2531 1988 magno

1471 2004 1647 2054 studio
1668 2011 1723 2053 et
1746 2003 1923 2052 labore
1955 2016 2133 2062 conor,
2167 2000 2303 2065 quod
2336 2001 2386 2048 in
2414 2014 2532 2062 per·

1468 2078 1613 2130 fecto
1658 2080 1813 2129 babet
1846 2078 2021 2128 ‘nisus
2066 2075 2216 2139 sum,'
2251 2081 2305 2125 et
2342 2077 2530 2125 ‘nixus

1469 2156 1630 2220 sum3'
1661 2158 1782 2208 hinc
1807 2155 1932 2206 illud
1969 2155 2134 2219 ipsum
2159 2168 2345 2204 nomeu
2370 2155 2528 2204 etiam

1469 2244 1692 2300 utroque
1729 2234 1881 2283 modo
1920 2231 2190 2282 scribitur.
2255 2230 2532 2281 Gramma-

1472 2311 1564 2361 tici
1588 2311 1793 2374 quidem
1820 2309 2098 2358 discrimen
2126 2314 2331 2360 notant.
2401 2308 2531 2358 Dio·

1469 2388 1611 2437 medi
1644 2387 1826 2436 melius
1859 2384 2068 2434 videtur
2110 2392 2127 2416 ⁴
2147 2384 2319 2433 nisus’
2351 2383 2474 2445 dici,
2501 2399 2531 2433 a

1469 2464 1722 2524 niteud03
1757 2469 1816 2511 ut
1848 2459 2062 2519 ‘nisus,'
2106 2465 2122 2488 ‘
2146 2459 2357 2516 enisus,'
2391 2459 2533 2508 dica·

1468 2548 1556 2590 tur
1579 2541 1643 2589 dc
1671 2537 1964 2605 quovisqui
2005 2535 2313 2585 allaboravit
2341 2546 2430 2584 ant
2454 2536 2531 2584 vi-

1468 2619 1610 2668 ribus
1655 2624 1869 2667 conatus
1913 2621 2026 2675 est3
2082 2611 2311 2669 ‘nixus,’
2340 2619 2397 2661 et
2440 2618 2531 2661 ‘e-

1468 2693 1629 2756 nixa,'
1663 2694 1727 2743 ad
1752 2698 1958 2757 partum
1984 2689 2258 2739 referatur.
2309 2687 2415 2738 Alii
2442 2705 2530 2739 vo-

1466 2774 1597 2828 lunt,
1621 2780 1679 2821 ut
1701 2777 1718 2801 ‘
1736 2771 1886 2819 nixus
1903 2768 1918 2791 '
1941 2767 2007 2816 ad
2027 2781 2214 2830 corpus
2233 2764 2529 2828 referatur3

1467 2849 1681 2898 ‘nisus’
1730 2849 1793 2897 ad
1842 2847 2087 2909 animum,
2133 2844 2168 2893 i.
2208 2858 2257 2893 e.
2296 2850 2530 2892 conatus.

1467 2926 1572 2975 Sed
1604 2927 1714 2989 jam
1737 2924 1952 2973 Vossius
1990 2923 2057 2971 de
2094 2920 2225 2971 Arte
2265 2920 2445 2969 Gran).
2469 2933 2527 2969 v.

1462 3007 1549 3053 31.
1584 3003 1777 3057 docuit,
1800 3001 1898 3049 boc
1922 2998 2197 3048 discrimen
2224 2998 2526 3062 neutiquam

1467 3094 1581 3128 esse
1605 3085 1948 3142 perpetuum3
1982 3083 2038 3124 et
2061 3074 2195 3124 bene
2217 3071 2528 3122 Arntzenius

1468 3155 1557 3204 vix
1592 3154 1873 3218 quidquam
1909 3151 2161 3200 interesse
2197 3157 2390 3213 putat3
2427 3150 2527 3197 nisi

1467 3230 1606 3296 quod
1630 3231 1682 3280 in
1702 3229 1970 3279 blandiore
1992 3227 2303 3287 Latinitate,
2326 3232 2342 3255 ‘
2359 3224 2533 3275 nisus-⁸

1465 3308 1613 3357 malit
1639 3306 1906 3370 praeferre.
1974 3305 2217 3354 Ceterum
2251 3303 2306 3351 'in
2332 3302 2429 3351 hoc
2453 3303 2528 3351 lo-

1466 3398 1529 3433 co
1539 3382 1868 3432 Pliniicodex
1886 3381 2190 3442 Patavinua,
2204 3394 2298 3443 pro
2311 3380 2437 3444 nisu,
2455 3381 2529 3427 vi·

1464 3462 1600 3512 tiose
1639 3462 1893 3526 scriptum
1924 3459 2079 3508 habet
2094 3458 2254 3520 jussu.
2290 3457 2527 3507 Schwar-

1466 3555 1596 3588 zius.

1529 3614 1901 3677 Est-postulatum
1921 3606 2019 3673 est]
2055 3609 2160 3658 Pro
2186 3608 2286 3657 hoc
2319 3609 2369 3656 in
2393 3608 2525 3658 libro

1464 3692 1634 3756 primo
1656 3689 1817 3739 Gudii
1839 3693 2144 3736 annotatum
2168 3687 2286 3748 lego
2305 3699 2528 3748 conques-

1465 3778 1566 3820 tum
1609 3773 1697 3817 est.
1764 3767 1934 3817 Etiam
1974 3765 2248 3814 Catanaeus
2291 3764 2526 3813 innotis

1461 3845 1646 3900 refert,
1692 3843 1820 3891 alios
1860 3841 2054 3889 babere
2086 3843 2389 3902 conquestum
2420 3846 2524 3897 est,-

1462 3929 1624 3985 atque
1661 3919 1798 3969 idem
1829 3917 1881 3965 in
1917 3914 2151 3979 margine
2181 3922 2525 3966 annotaverat

1463 3997 1873 4049 Schoonhovius.
1938 3994 2137 4041 Verum
2196 4000 2342 4056 puto,
2393 3992 2523 4041 illud

1461 4078 1763 4138 conquestum
1794 4075 1869 4119 est
1899 4083 2001 4118 non
2036 4067 2134 4117 nisi
2163 4082 2193 4117 e
2224 4069 2405 4132 glossis
2429 4069 2524 4117 im-

1464 4151 1747 4215 peritorum
1771 4138 2031 4196 hominum
2055 4151 2361 4208 prognatum
2381 4159 2524 4204 esse3

1461 4234 1619 4292 prout
1647 4225 1784 4274 idem
1821 4220 2053 4280 verbum,
2076 4220 2213 4268 inter
2234 4218 2363 4268 alias
2386 4221 2522 4282 glos·

1465 4321 1547 4356 sas
1570 4304 1789 4368 scriptas
1813 4295 1980 4350 adhuc
2003 4299 2056 4347 in
2089 4297 2374 4363 exemplari
2398 4299 2520 4349 Phi-
