3017 4942
517 419 662 489 ⁷56·

515 586 531 609 ⁴
545 575 620 632 Et
639 578 789 630 viridi
813 579 866 630 in
889 593 1074 644 campo
1093 580 1345 645 templum
1364 580 1432 631 de
1452 596 1585 632 mar-

514 671 658 708 more
683 671 888 721 ponam,
913 692 927 707 .
949 689 963 706 .
981 688 995 704 .
1017 657 1081 707 In
1115 658 1288 708 medio
1319 659 1442 709 mibi
1465 660 1583 710 Cae·

514 748 603 785 sar
638 733 761 798 erit,
800 735 1153 799 templumque
1194 735 1434 786 tenebit.’
1497 735 1581 788 Ad

513 825 667 877 quem
692 811 859 861 locum
883 812 1094 861 Servius
1123 812 1233 862 lnoec
1259 817 1582 863 ‘commenta-

512 895 634 938 tur:
674 887 848 938 ‘Nam
881 901 1087 951 semper
1120 888 1170 938 ei
1205 895 1437 939 sacratus
1465 891 1579 940 Nu-

508 965 637 1015 mini
673 966 819 1015 locus
851 971 952 1022 est,
984 964 1133 1028 cujus
1163 964 1489 1015 simulacrum
1524 967 1579 1017 in

510 1041 682 1092 medio
699 1041 1016 1093 collocaturz
1049 1041 1153 1090 alla
1175 1043 1312 1091 enim
1336 1042 1401 1092 ad
1425 1058 1578 1094 orna-

507 1124 618 1168 tum
665 1124 863 1179 tantum
908 1117 1214 1181 pertinent-⁹
1279 1117 1576 1185 Aliquando

508 1201 681 1244 tamen
736 1192 1021 1258 Augustus,
1077 1195 1408 1247 mortalitatis
1465 1212 1572 1249 suae

506 1271 769 1334 conscius,
824 1271 991 1321 noluit
1034 1277 1262 1322 statuam
1315 1287 1458 1324 suam
1518 1275 1573 1324 in

505 1348 703 1411 templo
749 1348 1001 1407 Deorum,
1045 1348 1234 1399 nedum
1281 1349 1334 1399 in
1380 1351 1573 1409 medio,

501 1423 647 1487 poni.
715 1424 817 1474 Dio
840 1438 866 1471 e
980 1460 994 1480 ‚
1012 1422 1107 1474 lib.
1130 1437 1254 1474 ιιιι.
1278 1422 1458 1485 refert,
1484 1441 1569 1476 vo-

500 1499 656 1550 luisse
680 1499 914 1565 Agrippa
987 1499 1042 1550 in
1064 1499 1305 1551 Pantheo
1341 1508 1569 1553 statuam

503 1575 725 1641 Augusti
762 1577 1038 1637 collocare,
1074 1593 1365 1643 nomenque
1395 1583 1569 1647 operis

499 1654 549 1703 ei
590 1654 916 1718 adscribere;
959 1661 1200 1705 neutrum
1245 1665 1419 1708 sutem
1460 1657 1570 1709 An-

497 1740 651 1796 gusto
690 1732 1025 1791 admittente,
1066 1733 1119 1783 in
1166 1733 1405 1785 Pantheo
1448 1735 1568 1799 ipso

500 1811 723 1862 Caesaris
755 1811 1035 1875 superioris
1065 1817 1310 1869 statuam,
1333 1813 1383 1863 in
1408 1816 1567 1865 vesti·

498 1887 621 1938 bulo
644 1894 817 1936 autem
841 1900 987 1936 suam
1021 1892 1077 1937 et
1100 1885 1346 1952 Augusti,
1367 1891 1564 1955 posuis-

493 1978 571 2015 se.
602 1963 850 2014 Schwarz.
1257 1982 1262 1987 ·

559 2041 732 2105 Sedes]
761 2041 898 2091 Nam
919 2039 1154 2105 Jupiter,
1182 2047 1246 2105 et,
1273 2041 1361 2093 isti
1395 2044 1563 2109 majo·

493 2133 608 2168 rum
644 2119 895 2181 gentium,
926 2118 1165 2168 sedentes
1204 2134 1345 2185 saepe
1382 2120 1562 2187 pinge·

491 2194 704 2246 bantur.
738 2195 874 2259 Lips.

555 2270 1018 2337 Augustam-ibasque
1031 2270 1156 2335 uris]
1191 2271 1358 2323 Facili
1376 2280 1430 2326 et
1445 2273 1558 2326 fere

489 2349 689 2412 vulgari
700 2362 1001 2414 errore,pro
1013 2349 1384 2414 angustioribus,
1396 2353 1558 2417 scrip·

489 2431 599 2476 tum
646 2432 727 2476 est
768 2426 1144 2489 angustioribus,
1188 2428 1238 2477 in
1290 2428 1557 2480 codicibus

485 2501 793 2564 Parisiensi,
814 2512 1037 2568 utroque
1060 2504 1290 2561 Veneto,
1313 2512 1368 2555 et
1394 2505 1555 2555 Salis·

485 2577 766 2644 burgensi3
817 2579 972 2629 immo
1014 2586 1071 2631 et
1113 2581 1191 2630 sic
1233 2582 1430 2633 editum
1487 2582 1555 2633 ab

483 2653 644 2719 Aldu,
678 2656 865 2714 Navio,
906 2656 1195 2714 Elseviriis,
1229 2657 1555 2709 Kirchmaie·

482 2747 561 2792 ro,
590 2743 645 2783 et
682 2733 925 2785 cellario.
993 2733 1225 2783 Similem
1267 2742 1553 2785 commuta·

482 2810 675 2860 tionem
709 2810 890 2860 barum
915 2823 1097 2859 vocum
1133 2810 1429 2861 notavimus
1465 2826 1552 2862 su·

479 2902 595 2952 pra,
617 2902 792 2940 xxm.
826 2894 877 2937 5.
944 2887 1049 2938 Sed
1089 2901 1216 2951 arae,
1254 2889 1461 2953 altaria,
1493 2896 1552 2939 et

479 2966 693 3030 templa,
717 2972 860 3016 recte
885 2964 1132 3024 dicuutur
1153 2972 1168 2995 ⁸
1186 2974 1437 3030 augusta5
1471 2968 1549 3018 uti

480 3041 642 3092 Ovid-
676 3043 819 3093 Fast.
854 3054 893 3091 1.
920 3045 1037 3092 609.
1074 3042 1289 3105 cecinit,
1321 3043 1550 3094 ‘Sancta

476 3127 671 3168 vocant
708 3125 929 3183 augusta
967 3124 1175 3182 patres;
1210 3128 1429 3181 augusta
1456 3136 1547 3172 vo-

476 3200 661 3244 cantur
682 3195 900 3256 Templa
921 3193 1252 3245 sacerdotum
1277 3194 1378 3245 rite
1402 3194 1545 3247 dica·

476 3278 530 3321 ta
553 3270 748 3320 manu.’
780 3270 1022 3320 Schwarz'.

542 3348 897 3399 Grandioribus
934 3347 1171 3412 victimis]
1205 3347 1287 3399 Ad
1330 3348 1544 3413 publica

472 3431 527 3479 et
563 3426 799 3475 solennia
833 3423 1111 3487 sacrificia,
1132 3438 1249 3489 quae
1285 3439 1400 3474 cum
1438 3425 1543 3488 pri·

469 3502 567 3551 mis
603 3502 858 3565 maJorum
896 3500 1130 3563 gentium
1172 3499 1287 3549 Diis
1326 3499 1542 3558 fiebant,

469 3577 680 3627 omuino
719 3576 939 3641 majores
963 3575 1189 3625 victimae
1224 3574 1541 3625 adhibeban-

471 3659 576 3703 tur.
656 3652 800 3704 Gell.
843 3666 925 3717 ιν.
969 3656 1021 3702 6.
1077 3649 1234 3702 affert
1274 3658 1538 3702 vetustum

465 3730 725 3795 quoddam
774 3729 1305 3793 senatusconsultum,
1340 3728 1393 3779 iu
1435 3744 1538 3794 quo

464 3805 580 3856 haec
601 3806 849 3869 legimus:
885 3817 977 3855 nn.
1010 3818 1098 3854 EA.
1132 3818 1225 3855 ne.
1257 3817 1371 3855 rm.
1402 3818 1539 3855 cnu-

466 3894 738 3932 svmtvwr.
773 3895 883 3931 vn.
935 3895 1000 3931 Μ.
1050 3895 1353 3932 ΑΝτοΝινε.
1403 3895 1537 3932 cou-

463 3968 578 4008 ενι..
604 3970 843 4009 ιιοετιιε.
867 3971 1199 4008 ΜΑιοιιιΒνε.
1217 3972 1362 4010 ιονι.
1388 3972 1536 4010 mart·

462 4045 535 4081 τι.
574 4046 660 4082 ΕΤ.
692 4046 940 4084 omanus.
978 4047 1088 4084 ms.
1120 4046 1343 4087 evmvs.
1373 4048 1535 4086 vum-

464 4121 676 4160 ns'rvn.
711 4124 1037 4171 suessona.
1072 4125 1188 4161 vn.
1222 4125 1537 4163 enocvnas-

461 4196 571 4233 mr.
596 4198 757 4235 sarrs.
787 4199 1129 4238 nanuuuvM.
1185 4188 1372 4252 Neque
1395 4190 1534 4238 euim

461 4260 696 4308 omuibus
733 4261 845 4309 Diis
884 4263 1061 4311 eadem
1102 4263 1358 4313 sacrificia
1382 4279 1532 4329 aeque

462 4336 742 4386 convenire
777 4337 1051 4402 putabant.
1119 4340 1272 4390 Unde
1313 4340 1423 4392 Cic.
1458 4341 1528 4390 de

340 4802 558 4918 h.

1212 435 1432 486 norm
1482 418 1887 487 'vantonuu
1939 436 2023 489 us

1657 582 1787 646 Leg-
1809 596 1872 633 11.
1894 586 1943 634 Β.
1975 580 1993 612 ⁸
2008 581 2139 635 Quoe
2156 580 2344 647 cuique
2357 579 2494 632 Divo
2511 579 2730 633 decora

1658 654 1926 725 grstaeq'ue
1941 660 2044 709 sint
2060 659 2265 714 hostie.
2278 657 2624 723 providente-⁹
2652 659 2729 708 Et

1656 749 1704 786 c.
1730 740 1809 786 12.
1838 734 1857 764 ¹
1874 737 1990 788 Jam
2023 735 2151 786 illud
2175 750 2242 786 ex
2264 736 2522 786 institutis
2547 737 2726 798 ponti·

1656 811 1812 862 ficum
1839 822 1894 864 et
1922 813 2248 876 haruspicum
2281 826 2384 862 nou
2412 800 2724 863 mutandum

1654 895 1756 954 est,
1776 889 1963 953 quibus
2000 890 2178 940 hostiis
2212 889 2580 939 immolandum
2614 889 2724 940 cui·

1651 979 1752 1029 que
1776 967 1923 1028 Deo;
1954 966 2038 1016 cui
2070 965 2371 1028 majoribus.
2401 964 2488 1014 cui
2521 966 2722 1016 lacteu-

1653 1041 1825 1104 tibus;
1857 1044 1939 1094 cui
1965 1042 2206 1099 maribus,
2227 1043 2313 1110 cui
2338 1040 2583 1092 feminis.'
2650 1038 2719 1092 In

1649 1119 1837 1183 quibus
1873 1118 2046 1170 verbis
2078 1120 2334 1184 ‘majores
2367 1116 2591 1168 hostiae'
2624 1133 2720 1182 op-

1649 1203 1914 1259 ponuntur
1944 1196 2275 1247 lactentibus.
2341 1195 2490 1246 Idem
2514 1195 2629 1246 Cic.
2650 1195 2718 1246 de

1647 1270 1790 1336 Lege
1828 1274 2015 1339 Λευ-ιιι.
2060 1287 2124 1323 ιι.
2164 1277 2248 1324 34.
2291 1273 2490 1323 ‘Erant
2525 1272 2714 1337 bustim

1645 1349 1865 1412 majores
1902 1350 1956 1400 in
1992 1347 2104 1399 foro
2136 1349 2460 1405 cunstitutae,
2490 1363 2611 1413 quae
2649 1348 2716 1398 ab

1643 1424 1721 1474 bis
1756 1425 2068 1490 proetoribus
2104 1425 2169 1475 de
2209 1426 2474 1483 tribunali,
2506 1426 2649 1476 sicut
2684 1440 2717 1475 a

1642 1502 1787 1552 nobis
1813 1503 2106 1553 consulibus
2130 1501 2197 1552 de
2219 1503 2421 1553 consilii
2447 1504 2716 1554 sententia

1642 1580 1898 1645 probstae,
1923 1580 1987 1632 ad
2014 1593 2310 1644 praeconem
2340 1585 2397 1629 et
2432 1579 2498 1629 ad
2536 1580 2717 1633 tibich

1640 1670 1758 1706 uem
1816 1655 2260 1707 immolabantur-⁹
2347 1655 2713 1720 Reprehendit

1639 1732 1774 1784 adeo
1786 1733 1989 1783 Plinius
2005 1733 2358 1797 arrogantiam
2376 1733 2711 1796 superiorum

1639 1811 1963 1875 quorundam
1997 1810 2307 1875 principum,
2328 1809 2415 1873 qui
2451 1808 2572 1865 sibi,
2595 1817 2712 1860 tan·

1638 1901 1790 1951 quam
1812 1887 1925 1938 Diis
1948 1887 2199 1952 msJorum
2220 1885 2712 1951 gentium,‚grandi·
2742 1940 2753 1946 -

1637 1961 1813 2012 oribus
1835 1962 2057 2013 victimis
2078 1961 2222 2012 litari
2245 1961 2383 2025 passi
2410 1962 2537 2011 sint.
2607 1962 2709 2013 Ce-

1638 2043 1807 2088 terum
1829 2037 1969 2089 inter
2002 2044 2018 2068 ‘
2034 2036 2253 2088 bostiam
2269 2034 2286 2058 ’
2307 2044 2362 2089 et
2381 2044 2398 2068 ‘
2414 2036 2709 2088 victimam’

1634 2114 1719 2164 alii
1743 2116 1842 2164 alis
1866 2114 2194 2165 constituunt
2223 2112 2540 2164 discrimina.
2607 2111 2705 2164 Isi·

1633 2191 1746 2244 dor.
1780 2192 1934 2259 Orig.
1967 2206 2063 2251 vr„
2090 2197 2173 2243 19.
2204 2195 2221 2223 ‘
2240 2191 2480 2254 Hostia-,⁹
2513 2194 2706 2258 inquit,

1631 2270 1805 2334 ‘apud
1841 2278 2047 2321 veteres
2083 2269 2394 2320 dicebantur
2426 2270 2706 2336 sacrificia,

1630 2359 1748 2411 qum
1788 2345 1989 2397 fiebant
2032 2354 2156 2396 ante
2192 2360 2348 2411 quam
2388 2345 2456 2395 sd
2494 2346 2706 2399 bostem

1629 2432 1947 2489 pergerent3
1980 2424 2222 2474 Victimae
2258 2437 2382 2474 vero
2424 2424 2706 2491 sacrificia,

1629 2514 1748 2565 quoe
1772 2507 1890 2565 pust
1906 2500 2194 2564 victoriam,
2206 2498 2431 2550 devictis
2445 2501 2704 2566 hostibus,

1629 2576 2045 2627 immolabantur.
2083 2577 2150 2626 Et
2171 2583 2320 2626 erant
2345 2576 2575 2629 victima
2593 2592 2703 2628 ma-

1614 2652 1737 2717 jora
1759 2653 2013 2706 sacrificia
2031 2666 2186 2719 quam
2206 2653 2428 2704 hostias!
2480 2655 2699 2712 Verum,

1626 2739 1867 2782 nentrum
1910 2730 2190 2782 discrimen
2229 2731 2538 2795 comprobat
2576 2748 2697 2784 usus

1624 2816 1681 2860 et
1714 2809 2002 2860 auctoritas
2037 2817 2290 2860 veterum.
2359 2809 2565 2860 Plinius
2585 2811 2703 2875 qui·,

1623 2884 1743 2936 dem
1764 2887 1849 2937 hic
1874 2887 2106 2938 victimas
2128 2894 2279 2937 vocat
2312 2888 2328 2916 ⁴
2342 2886 2647 2951 grandiores
2664 2886 2700 2950 ς’

1623 2976 1721 3013 nec
1743 2964 1910 3013 miuus
1932 2965 2118 3028 Virgil-
2140 2963 2338 3028 Georg.
2360 2977 2430 3013 ιι.
2454 2967 2570 3014 146.
2604 2977 2696 3014 ca·

1619 3040 1718 3104 nit,
1753 3040 1770 3069 ‘
1787 3040 1929 3090 Hinc
1953 3040 2077 3097 albi,
2102 3039 2380 3102 Clitumne,
2399 3054 2607 3105 greges,
2638 3047 2696 3092 et

1616 3118 1841 3167 maxims
1859 3125 2038 3168 taurus
2053 3115 2316 3167 Victima.'
2351 3116 2425 3167 At
2441 3117 2491 3167 in
2513 3124 2690 3168 vetus·

1617 3200 1674 3244 to
1685 3194 2152 3258 senatusconsulto,
2175 3203 2232 3244 et
2249 3207 2280 3243 a
2297 3193 2572 3255 Cicerone,
2588 3193 2691 3244 eti·

1615 3284 1697 3320 am
1711 3270 1894 3321 hostire
1913 3272 2248 3336 appellantur
2273 3275 2289 3300 ⁸
2304 3269 2566 3335 majores-⁹
2586 3271 2664 3321 Id.

1684 3346 2055 3411 Grandiort'bus]
2078 3349 2217 3398 Nam
2234 3346 2417 3396 hostiae
2435 3345 2691 3410 duplices,

1613 3423 1838 3488 majores
1856 3425 2191 3489 minoresque
2210 3438 2226 3473 ε
2263 3428 2422 3488 atque
2446 3424 2549 3474 illoe
2566 3424 2686 3475 Diis

1611 3501 1913 3565 majoribus.
1949 3502 2089 3565 Lips-

1677 3578 2009 3642 Adoraturus]
2045 3578 2165 3630 Non
2201 3574 2495 3629 adorandus
2528 3576 2600 3629 ibi
2631 3577 2688 3629 in

1612 3660 1807 3707 statua.
1842 3655 1997 3705 Idem.

1675 3732 1933 3782 Excusare
1968 3746 2056 3796 pro
2100 3729 2315 3796 templis]
2360 3730 2586 3793 Nempe.
2616 3730 2685 3781 si-

1611 3811 1842 3859 mulacro
1874 3811 2066 3875 posito,
2097 3821 2200 3856 non
2232 3807 2373 3859 iutra
2407 3808 2685 3871 templum,

1610 3884 1702 3933 sed
1726 3893 1876 3936 extra
1900 3881 2204 3948 proforibus
2225 3902 2240 3945 ;
2265 3891 2322 3932 ut
2339 3890 2528 3933 statuae
2552 3883 2684 3934 Tra·

1600 3961 1716 4025 jani
1732 3962 1877 4026 quasi
1891 3960 2137 4012 custodes
2155 3961 2468 4025 templorum
2486 3967 2680 4010 essent.

1610 4040 1692 4089 De
1711 4038 1947 4088 excubiis
1967 4038 2156 4088 habitis
2177 4037 2230 4085 in
2251 4036 2531 4100 vestibulo,
2551 4037 2689 4103 Pigq

1605 4116 1781 4164 norius
1807 4113 1872 4162 de
1896 4114 2095 4176 Servis,
2116 4128 2168 4178 p.
2185 4116 2303 4164 446.
2341 4114 2562 4164 Patarol.

1673 4186 1948 4251 Excubare]
1983 4190 2113 4240 Cum
2148 4188 2263 4237 vice
2291 4188 2546 4245 custodis,
2583 4195 2677 4240 sut

1605 4266 1871 4328 satellitis,
1913 4272 2101 4315 statuae
2154 4272 2258 4314 tuae
2312 4270 2579 4330 ponuntur
2621 4267 2674 4315 iu

1602 4340 1874 4392 vestibulis
1909 4342 2217 4406 templorum
2237 4355 2252 4397 ;
2289 4350 2345 4392 at
2370 4355 2473 4390 non
2511 4343 2563 4392 in
2591 4342 2667 4407 ip-
