3017 4942
748 417 815 466 c.
865 416 1106 466 cml-111
1159 417 1496 467 saeuum
1551 417 1829 467 mnae.
1906 420 1959 469 1.
1991 404 2100 470 91.

317 558 470 608 Orat.
508 571 613 607 vn.
640 563 691 609 4.
736 559 752 586 ‘
793 560 1115 611 centumviri
1155 560 1387 611 tribuere

318 632 517 686 debent
539 635 781 685 veniam.’
815 638 954 691 Plin.
980 639 1148 702 Epist.
1167 653 1291 690 vm.
1312 643 1391 690 14.

316 712 332 740 ‘
358 713 538 763 Errori
565 714 763 765 tribuas
786 714 1023 764 veniam.’
1057 716 1207 767 Idem·

385 790 494 839 Nos
535 805 703 841 rursus
754 793 961 853 collegas
1013 807 1115 843 esse
1165 793 1388 857 voluisti]

319 864 525 928 Nempe
554 882 649 916 nos
682 867 1019 919 amicissimos
1058 883 1230 918 rursus
1268 882 1393 918 con·

310 942 538 1006 junxisti
561 945 854 1006 consulatu,
871 959 988 994 cum
1006 945 1172 995 adhuc
1191 946 1244 995 in
1262 960 1394 1009 prae·

317 1015 523 1068 sectura
538 1020 713 1070 aerarii
729 1019 979 1071 fuerimus
994 1023 1229 1084 collegae.
1264 1020 1393 1070 Pro·

320 1108 509 1145 nomen
560 1111 647 1146 nos
702 1103 904 1147 temere
972 1099 1272 1160 neglectum
1318 1102 1398 1147 est

321 1171 373 1220 in
411 1172 584 1224 Vatic.
631 1177 781 1223 3461.
825 1173 1129 1239 Parisiensi,
1172 1179 1228 1223 et
1268 1188 1400 1223 meo·

321 1248 338 1276 ‘
364 1250 606 1299 Charitas
641 1249 858 1313 mutua,'
899 1252 1101 1303 scilicet
1142 1252 1280 1302 inter
1313 1265 1396 1302 me

319 1330 375 1374 et
398 1326 650 1391 collegam
672 1328 975 1379 Cornutum.
1009 1329 1159 1379 Idem.

391 1402 546 1451 Tener
566 1403 707 1466 υἱέα]
745 1404 793 1452 Ι.
831 1418 882 1456 e.
919 1404 1168 1454 continua
1200 1410 1257 1453 et
1296 1403 1396 1453 sibi

324 1478 659 1527 consentiens
705 1481 909 1530 vivendi
956 1481 1112 1530 ratio.
1194 1480 1399 1531 Plinius

322 1569 501 1618 supra,
534 1568 773 1604 mxxxiv.
794 1559 845 1605 4.
879 1555 945 1606 de
972 1556 1196 1620 conjuge
1230 1564 1285 1605 et
1316 1571 1399 1606 so-

323 1645 443 1680 rore
466 1630 698 1695 Trajani,
733 1639 748 1661 ¹
773 1630 921 1681 Idem
961 1633 1169 1694 utrique
1210 1645 1400 1694 propo·

323 1707 501 1762 situm,
553 1707 691 1756 idem
748 1716 900 1757 tenor
950 1709 1110 1760 vitm?
1192 1710 1399 1759 Seneca

327 1781 498 1847 Epist.
519 1786 602 1830 32.
637 1782 654 1810 ‘
680 1781 801 1832 Huc
823 1777 1028 1833 et‘illud
1063 1783 1299 1841 accedat,
1339 1789 1398 1834 ut

326 1856 567 1922 perfecta
586 1858 748 1908 virtus
772 1859 855 1913 sit,
880 1860 1154 1924 aeqnalitas
1170 1855 1233 1910 ac
1251 1865 1401 1909 tenor
1421 1882 1435 1896 .

328 1935 451 1984 vitae
526 1949 625 1997 per
687 1936 859 1984 omnia
923 1950 1206 1985 consonans
1269 1935 1401 1985 sibi:

328 2007 488 2059 Ovid.
505 2009 725 2060 Heroid.
742 2011 912 2072 Epist.
932 2025 1078 2064 xv11.
1094 2016 1174 2062 14.
1197 2013 1214 2041 ⁴
1233 2011 1399 2060 Dum-

322 2099 425 2148 que
463 2093 616 2135 tenor
650 2086 774 2136 vitae
807 2087 876 2136 sit
924 2088 1038 2136 sine
1078 2086 1194 2137 labe
1230 2085 1400 2138 meae.'

331 2163 450 2212 Liv.
497 2176 648 2214 xxu.
684 2168 767 2214 15.
811 2171 826 2193 ‘
866 2164 1181 2215 obstinatus
1226 2171 1402 2216 tamen

328 2239 513 2289 eodem
537 2240 865 2290 consiliorum
892 2248 1072 2292 tenore
1098 2241 1294 2291 testatis
1320 2255 1400 2290 re·

324 2316 525 2380 liqnum
559 2316 827 2368 extraxit.’
893 2319 959 2367 In
983 2318 1156 2368 verbis
1180 2332 1402 2382 sequen·

330 2393 495 2455 tibus,
536 2395 610 2443 ita
651 2410 748 2444 una
788 2397 1040 2460 eademque
1082 2396 1229 2458 ratio,
1274 2394 1403 2444 duas

327 2470 530 2534 priores
552 2485 727 2534 voces,
749 2472 822 2522 ita
840 2488 952 2529 una,
978 2486 1186 2536 prorsus
1204 2469 1405 2520 omittit

328 2546 498 2596 codex
550 2547 858 2606 patavinus,
910 2549 1140 2614 itemque
1194 2546 1403 2610 punctis

330 2624 661 2680 subnotatas,
705 2640 897 2688 easque
942 2630 1188 2689 tanquam
1225 2624 1404 2673 delen-

331 2698 448 2763 das,
499 2700 715 2750 exhibet
767 2700 903 2751 liber
949 2701 1158 2762 Vossii;
1206 2709 1263 2750 et
1311 2713 1404 2763 po-

333 2783 509 2827 terant
546 2777 747 2840 abesse,
790 2778 934 2826 salva
975 2777 1264 2838 sententia3
1310 2774 1405 2825 sed

334 2865 426 2900 eas
465 2851 774 2906 confirmant
817 2866 995 2903 omnes
1034 2853 1153 2903 libri
1204 2851 1407 2916 reliqui.

336 2928 491 2980 Idem.

404 3004 631 3052 Gloriam
666 3002 878 3066 minuat]
911 3002 1048 3055 Quia
1082 3017 1270 3068 nempe
1303 3018 1406 3053 non

332 3084 444 3130 tam
476 3080 756 3144 gloriosum
786 3080 1030 3137 habetur,
1068 3079 1209 3144 quod
1247 3079 1306 3128 fit
1340 3093 1407 3129 ex

331 3158 560 3207 naturali
600 3157 969 3221 propensione,
1003 3158 1166 3221 qualis
1198 3156 1407 3206 videtur

333 3247 451 3284 esse
486 3247 685 3283 morum
731 3232 1036 3294 similitudo,
1080 3247 1235 3297 quam
1268 3232 1407 3297 quod

332 3308 397 3359 fit
430 3324 494 3358 ex
532 3309 744 3359 virtutis
782 3309 974 3358 studio.
1038 3308 1212 3373 Magis
1250 3309 1409 3358 inusi-

335 3391 507 3437 tatum
532 3392 587 3435 et
617 3386 958 3439 admiratione
981 3385 1192 3453 dignum
1229 3394 1329 3449 est,
1365 3386 1409 3435 si

334 3462 572 3512 homines
595 3462 822 3526 alioquin
858 3462 1066 3526 ingenio
1089 3468 1147 3512 et
1180 3463 1408 3512 moribus

337 3539 618 3599 dissimiles
661 3540 801 3589 inter
854 3553 909 3588 se
956 3538 1408 3589 concordaverint.

344 3617 498 3666 Idem.

402 3693 450 3743 A
466 3691 653 3757 seipse]
689 3692 734 3742 A
758 3707 809 3742 se
828 3691 931 3756 ipso
953 3692 1123 3742 Livin.
1147 3692 1202 3742 in
1224 3696 1373 3742 textu
1391 3706 1415 3753 3-

338 3769 432 3820 sed
464 3769 517 3817 in
543 3769 795 3832 margine,
818 3784 848 3817 a
870 3784 920 3818 se
941 3771 1042 3833 ipse
1065 3769 1130 3818 V.
1156 3769 1225 3820 G.

405 3845 453 3895 A
476 3859 525 3895 se
546 3844 672 3908 ipse]
716 3844 764 3894 A
792 3845 981 3908 seipso.
1046 3846 1202 3894 Verae
1234 3844 1411 3897 amici·

338 3925 430 3976 tiae
477 3925 707 3986 unicum,
752 3930 767 3951 ‘
805 3922 941 3972 idem
987 3925 1123 3973 velle
1171 3931 1227 3973 et
1271 3924 1411 3972 idem

339 3999 521 4065 nolle,’
558 3999 719 4050 veluti
741 3998 827 4060 μία
848 4001 984 4063 ψυχὴ
1015 4001 1067 4049 ἐν
1092 4002 1221 4050 δυοῖν
1253 4000 1410 4061 σώμα-

340 4094 439 4138 σιν,
487 4092 583 4127 una
616 4077 780 4127 anima
818 4078 871 4127 in
907 4077 1086 4127 duobus
1127 4077 1411 4141 corporibus.

342 4159 508 4208 Bern.

414 4235 526 4284 Non
577 4247 692 4293 ergo
733 4231 1070 4294 temporarium
1110 4235 1158 4279 et
1201 4228 1414 4279 subitum

338 4308 438 4372 esi]
461 4307 805 4358 Germanicus
821 4306 1099 4369 interpres,
1125 4303 1409 4365 flammina,

340 4387 455 4441 haec
483 4384 642 4437 verba
677 4382 926 4447 reddidit,
963 4382 1034 4431 Es
1069 4378 1136 4434 ist
1170 4380 1301 4432 nicht
1331 4380 1411 4431 ein

2358 405 2534 471 1075

1463 553 1636 612 knrzer
1674 565 1773 612 und
1803 563 2075 628 fliichn'ger
2105 563 2270 629 effect.
2332 563 2532 629 Utique

1462 640 1799 702 temporarium
1841 639 1965 688 alias
2009 639 2203 689 dicitur
2246 647 2533 689 momenta-

1465 729 1638 779 neum,
1674 723 1832 778 atque
1875 715 1940 764 ad
1982 714 2143 764 breve
2190 722 2397 777 tempus
2441 714 2536 764 du-

1467 805 1602 841 rans.
1651 791 1738 839 Sic
1762 791 1977 841 Senecae
1999 790 2166 855 Epist.
2186 794 2237 840 9.
2266 791 2532 848 amicitiae,

1470 866 1714 916 utilitatis
1754 880 1939 916 caussa
1993 868 2057 915 ad
2115 864 2275 916 breve
2329 873 2537 930 tempus

1469 950 1815 1006 comparatae,
1834 941 2080 992 dicuntur
2110 941 2127 970 ‘
2152 943 2482 1004 temporariae
2501 941 2536 993 ε’

1470 1020 1487 1048 ‘
1515 1019 1617 1068 Hae
1658 1019 1816 1082 sunt,’
1850 1021 2039 1084 inquit,
2068 1020 2085 1048 ‘
2113 1020 2374 1082 sinicium,
2411 1033 2537 1083 quas

1473 1098 1814 1159 temporarias
1829 1098 2047 1160 populus
2060 1096 2541 1161 appellat.’.Quinc·

1475 1173 1554 1222 til.
1579 1188 1633 1222 v.
1658 1177 1737 1222 10.
1757 1173 1950 1224 dicitur
1971 1177 1986 1202 ‘
2010 1173 2358 1236 temporarius
2381 1173 2540 1222 animi

1474 1249 1685 1300 motus.'
1770 1252 1898 1314 Ipse
1939 1250 2078 1301 Plin.
2134 1250 2302 1315 Epist.
2356 1265 2410 1299 v.
2457 1254 2539 1300 13.

1475 1333 1490 1355 ‘
1513 1327 1779 1384 Nonnulli,
1815 1342 2031 1391 quorum
2071 1327 2382 1391 temporaria
2420 1341 2541 1389 gra-

1475 1402 1631 1465 vitas,
1673 1402 1754 1451 vel
1791 1402 1964 1465 potius
2001 1402 2270 1465 gravitatis
2296 1401 2541 1463 imitatio,

1477 1477 1783 1528 ridebatur!
1847 1479 1951 1527 Sed
1978 1485 2106 1542 puto
2131 1492 2282 1541 posse
2308 1478 2540 1542 aliquan·

1477 1561 1587 1604 tum
1612 1553 1985 1616 significantius
2009 1553 2156 1604 reddi
2179 1570 2193 1603 ε
2231 1556 2303 1603 Es
2321 1555 2388 1603 ist
2409 1553 2546 1602 nicht

1474 1631 1580 1680 eine
1599 1631 1824 1680 iibereilte
1849 1633 1949 1683 aad
1977 1631 2239 1694 ohngefehr
2256 1630 2544 1693 geschehene

1474 1708 1628 1756 sache.
1707 1707 1828 1757 Hoc
1870 1709 2008 1757 enim
2052 1708 2165 1758 loco
2209 1708 2571 1769 temporarium³

1476 1784 1683 1834 videtur
1719 1784 2024 1834 sumendum
2063 1798 2160 1847 pro
2179 1783 2549 1845 extemporali,'

1473 1859 1584 1909 sive
1617 1874 1715 1923 pro
1734 1874 1800 1909 eo
1831 1859 1969 1923 quod
1990 1860 2162 1922 agitur
2192 1873 2258 1907 ex
2290 1864 2546 1921 tempore,

1477 1942 1534 1985 et
1566 1950 1632 1985 ex
1658 1937 1950 1986 inconsulto
1985 1936 2143 1984 animi
2175 1935 2393 1999 impetu,
2434 1936 2545 1983 sine

1477 2017 1677 2079 praevia
1722 2013 2138 2064 consideratione
2183 2027 2244 2063 ac
2288 2011 2546 2062 delibera·

1480 2094 1655 2155 tione;
1688 2092 1829 2158 qnod
1866 2092 2085 2153 Seneca,
2126 2089 2193 2140 de
2228 2088 2418 2139 Benef.
2453 2087 2547 2139 lib.

1481 2182 1564 2218 vr.
1598 2174 1755 2218 vocat
1804 2167 1820 2195 ‘
1864 2166 2254 2218 tumultuarium
2297 2173 2359 2215 et
2402 2166 2547 2214 inco-

1479 2245 1702 2308 gitatum
1746 2243 1916 2308 opus.'
2004 2243 2166 2293 Certe
2212 2242 2550 2306 temporariam

1479 2327 1536 2370 et
1574 2321 1784 2370 subitam
1817 2320 2227 2384 conjunguntur,
2279 2326 2337 2369 ut
2384 2332 2549 2382 oppo-

1479 2403 1668 2446 nantur
1703 2397 1951 2446 meditatis
1989 2406 2045 2447 et
2085 2395 2221 2446 bene
2257 2393 2549 2459 perpensis.

1477 2472 1566 2522 Sic
1615 2473 1897 2522 Eumenius
1951 2486 2047 2536 pro
2100 2473 2333 2521 Instaur.
2373 2470 2553 2520 Schol.

1480 2553 1670 2611 cap.2.
1705 2554 1861 2598 vocat
1895 2548 2309 2612 ‘temporarium
2344 2546 2553 2596 dicendi

1471 2623 1677 2687 genus-⁹
1739 2624 1864 2688 Ipse
1911 2625 2024 2674 Cic.
2068 2624 2136 2674 de
2181 2624 2335 2673 Orat.
2383 2638 2423 2672 1.
2468 2626 2553 2671 32.

1476 2702 1492 2728 ‘
1531 2700 1763 2750 Subitam
1821 2704 1880 2749 et
1934 2698 2204 2748 fortuitam
2260 2698 2553 2748 orationem

1480 2776 1854 2827 commentatio
1888 2781 1944 2826 et
1976 2775 2226 2839 cogitatio
2261 2773 2419 2824 facile
2445 2773 2553 2822 vin-

1482 2852 1593 2903 cit.’
1642 2853 1782 2905 Plin.
1823 2853 1996 2916 Epist.
2030 2867 2071 2901 1.
2108 2854 2157 2902 8.
2204 2851 2221 2879 ‘
2249 2850 2326 2899 Ut
2364 2848 2557 2898 subitae

1483 2930 1770 2994 largitionis
1788 2930 2051 2984 comitem,
2069 2926 2450 2992 poenitentiam,
2467 2940 2556 2975 ca-

1483 3003 1757 3055 veremus-⁹
1795 3006 1967 3067 Epist.
2000 3018 2039 3052 ι.
2081 3007 2159 3052 16.
2194 3006 2208 3031 ·
2232 3003 2356 3052 Sive
2390 3000 2555 3050 medi-

1483 3088 1619 3144 tata,
1641 3081 1749 3130 sive
1767 3081 1959 3140 subita,
1984 3078 2282 3143 proferret!
2309 3078 2557 3128 Schwarz.

1567 3156 1925 3221 Temporarium
1965 3161 2017 3207 et
2065 3153 2298 3216 subitam]
2352 3153 2556 3202 Plinius

1484 3235 1658 3298 Major
1696 3247 1816 3284 xvi.
1854 3236 1936 3283 23.
1976 3232 2130 3282 ‘Nec
2161 3237 2318 3281 terroe
2352 3236 2557 3279 tantum

1483 3318 1687 3362 natura·
1718 3310 1860 3361 circa
1902 3308 1997 3358 has
2041 3305 2230 3368 refert,
2286 3316 2465 3355 verum
2501 3312 2559 3354 et

1486 3388 1728 3454 quaedam
1752 3374 2066 3451 tempo'raria
2089 3383 2203 3435 vis.’
2270 3382 2555 3433 Eumenius

1485 3480 1585 3529 pro
1608 3465 1852 3514 Restaur.
1875 3462 2073 3513 Scholis
2095 3476 2117 3514 ι
2147 3467 2161 3488 ‘
2187 3460 2559 3509 Contestatum

1485 3554 1602 3589 esse
1641 3539 1790 3589 initio
1835 3537 2047 3587 dicendi
2093 3535 2234 3597 apud
2284 3534 2558 3583 audientes

1486 3616 1623 3679 volo,
1639 3614 2012 3678 temporarium
2031 3627 2114 3660 me
2133 3610 2339 3659 dicendi
2354 3602 2557 3674 munus,

1486 3696 1646 3754 atque
1670 3690 1724 3740 id
1747 3692 1912 3753 ipsum
1943 3686 2132 3737 studiis
2163 3687 2288 3736 meis
2329 3687 2562 3752 peculia·

1486 3768 1619 3817 riter
1642 3763 2004 3816 commodare.'
2029 3764 2196 3813 Livia.

1562 3844 1773 3906 Uterque
1793 3843 1988 3902 collegoe
2023 3839 2294 3902 consulatu]
2339 3840 2382 3889 1.
2409 3854 2457 3898 e.
2500 3854 2559 3889 u-

1488 3925 1676 3982 terque
1694 3916 1888 3982 gaudet
1910 3914 2203 3977 fruiturque
2227 3928 2326 3963 non
2356 3920 2559 3965 tantum

1486 3996 1758 4046 consulatu
1778 3993 1875 4043 sibi
1894 3992 2105 4052 delat03
2141 3990 2406 4040 sedetiam
2432 4005 2561 4054 gau.

1487 4072 1582 4122 det
1604 4072 1876 4121 consulatu
1908 4069 2143 4129 collegae,
2165 4066 2299 4115 haud
2321 4082 2471 4116 secus
2496 4083 2561 4118 ac

1487 4163 1601 4204 suo,
1624 4161 1790 4211 eoque
1814 4145 1960 4209 qnasi
1993 4143 2200 4203 iterum,
2225 4143 2334 4192 sive
2375 4158 2563 4194 secun-

1488 4226 1633 4288 dum,
1663 4223 1763 4275 sibi
1798 4221 2006 4272 delator
2044 4219 2388 4282 nequeenim
2425 4222 2562 4271 alter

1489 4302 1655 4350 minus
1711 4301 1922 4348 laetatur
1982 4295 2253 4345 consulatu
2324 4296 2561 4360 collegae,

1490 4391 1644 4445 quam
1660 4375 1893 4442 proprio.
1924 4372 2105 4425 Codex
2120 4371 2442 4437 Guelpherb.
2460 4386 2559 4437 pro
