3017 4942
745 377 813 425 c.
864 376 1110 427 sumn
1161 377 1492 430 saeuum
1542 380 1817 430 PANEG.
1892 382 1942 430 1.
1985 367 2095 432 85.

328 521 502 572 ticano
524 523 675 572 3461.
696 528 750 571 et
773 521 1259 587 Guelplierbytano‚
1294 538 1388 588 pro

331 597 656 659 Qai,1egitur
676 598 823 653 Quia.
853 598 918 647 In
931 599 1235 655 Parisieusi.
1249 608 1389 649 utro-

327 685 427 735 que
455 673 680 734 Veneto,
714 673 989 730 Patavino,
1012 681 1068 722 et
1101 674 1236 724 libro
1261 676 1390 724 Vos·

324 749 720 814 siano,superior
736 751 881 810 fatis.
949 751 1013 800 In
1037 752 1217 800 eodem
1244 751 1392 802 Vati·

326 839 476 889 cano,
499 832 555 875 et
578 826 1061 891 Guelpherbytano,
1082 829 1391 892 superiorsa·

321 903 412 963 cis,
431 903 569 966 quod
591 918 655 954 ex
666 903 796 963 fatis
818 903 991 968 effingi
1017 906 1205 968 potuit.
1237 905 1393 955 Facto

322 978 571 1042 alioquin,
595 980 794 1043 etfata,
816 994 919 1030 non
946 995 1060 1030 raro
1090 981 1139 1029 in
1165 982 1389 1046 antiquis

325 1055 591 1106 codicibus
615 1057 935 1120 permisceri,
963 1058 1073 1120 jam
1113 1059 1178 1106 ad
1209 1070 1408 1110 Lxxx..

324 1135 376 1182 ὅ.
436 1134 697 1182 annotavi.
777 1133 1177 1197 Dispiciendum
1244 1148 1391 1199 ergo,

325 1214 498 1269 utrum
520 1207 667 1266 satis,
703 1223 770 1258 an
794 1208 981 1272 sactus,
1025 1211 1236 1260 meliore
1268 1212 1389 1274 jure

322 1284 498 1335 locum
536 1286 669 1336 hunc
699 1293 938 1350 occupet.
989 1287 1175 1350 Putes,
1210 1289 1386 1352 Traja-

325 1376 454 1411 num>
468 1363 757 1426 superiorem
776 1362 909 1422 fatis
938 1362 1061 1425 dici,
1093 1365 1272 1424 ursata
1295 1379 1389 1429 pro

325 1438 576 1501 ampliore
632 1438 841 1490 fortuna
899 1448 1201 1504 sumantur-3
1254 1443 1391 1494 sicut

323 1513 459 1576 apud
497 1514 667 1563 Tacit.
700 1514 892 1565 Annal.
929 1529 1049 1566 xvi.
1087 1521 1137 1566 5.
1192 1519 1206 1544 ‘
1236 1519 1387 1569 Fere·

321 1588 465 1646 bant,
487 1589 862 1653 Vespasianum
893 1591 1245 1643 imminentem
1271 1608 1389 1657 per-

320 1664 510 1715 niciem
548 1667 742 1731 maj0re
781 1664 916 1729 fato,
938 1666 1001 1731 (i.
1025 1682 1073 1717 e.
1097 1668 1389 1732 interprete

320 1738 580 1798 Boeclero,
596 1747 611 1770 ⁶
623 1743 875 1807 ampliore
888 1741 1167 1807 fortuna‚’)
1179 1742 1388 1808 effugis·

319 1814 422 1866 se.'
452 1816 724 1866 claudian.
745 1817 811 1866 de
834 1817 1045 1868 Consul.
1066 1819 1236 1868 Mallii
1257 1820 1388 1868 'l'lie-

321 1890 487 1948 odori,
506 1907 579 1942 vs.
594 1897 679 1942 6⁰.
709 1896 724 1922 ‘
737 1895 858 1944 Una
875 1902 1189 1957 potestatum
1206 1894 1389 1958 spatiis

319 1967 567 2021 interfuit
587 1975 716 2018 oetas
732 1984 748 2029 3
764 1969 968 2032 Totque
991 1969 1179 2032 gradus
1198 1969 1292 2019 fati
1302 1968 1389 2034 ju-

321 2045 580 2094 venilibus
592 2045 768 2095 intulit
785 2047 932 2095 anuis
944 2045 979 2108 ς’
992 2047 1081 2096 ubi
1099 2047 1390 2112 Cup-Bar-

320 2117 456 2167 thius
473 2120 776 2177 annotavit‚‘
790 2119 898 2170 fata
914 2135 1005 2183 pro
1026 2122 1149 2186 ipsis
1166 2122 1390 2188 dignita-

320 2194 437 2253 bus,
450 2204 540 2245 aut
558 2196 861 2261 honoribus,
876 2198 995 2262 poni
1012 2197 1047 2258 ;'
1065 2200 1187 2264 quia
1200 2200 1388 2250 Roma·

317 2274 399 2334 ni,
415 2288 636 2323 summas
660 2281 952 2339 potestates
973 2282 1029 2325 et
1050 2278 1387 2340 magistratus

318 2350 601 2403 habuerint
616 2350 826 2403 fatales.
863 2353 983 2403 Huc
998 2354 1208 2404 trahunt
1230 2355 1388 2404 etism

318 2426 448 2476 illud
475 2428 664 2477 Claud.
701 2427 888 2478 Rutilii
920 2429 1047 2479 ltin.
1071 2443 1111 2478 1.
1133 2432 1216 2478 92.
1248 2436 1262 2459 ‘
1284 2431 1387 2479 Ex·

320 2504 465 2553 cedis
500 2503 652 2554 factis
693 2504 909 2569 grandia
942 2502 1056 2554 fata
1095 2503 1236 2555 tuis.’
1300 2504 1385 2555 Ad

315 2594 470 2643 quem
493 2581 662 2630 locum
687 2580 805 2630 vide
827 2581 1202 2631 Burmannum.
1271 2579 1388 2631 Qus

319 2655 389 2707 de
427 2670 485 2706 re
530 2658 715 2708 Cicero
749 2658 1063 2721 explicatius
1094 2658 1299 2710 locutus
1332 2658 1387 2706 in

318 2733 503 2796 Laelio,
525 2748 641 2797 cap.
666 2737 749 2783 25.
778 2733 932 2796 dixit,
966 2733 982 2760 ‘
1005 2734 1137 2789 loco,
1161 2730 1387 2796 fortuna,

317 2807 475 2868 fama,
508 2809 807 2874 superiores
822 2807 858 2871 ς’
893 2808 1235 2873 similiterque
1259 2823 1387 2860 voce

317 2887 336 2914 ‘
355 2886 550 2951 major'
586 2887 753 2937 utitur
784 2887 1031 2935 Mamert.
1063 2886 1116 2935 in
1141 2885 1387 2937 Genethl.

317 2962 615 3025 Maximini,
642 2978 762 3027 cap.
781 2968 833 3012 6.
866 2970 881 2992 ⁶
902 2964 1090 3013 Vester
1123 2964 1387 3013 immorta-

315 3043 383 3092 lis
407 3044 605 3092 animus
637 3042 875 3093 omuibus
909 3041 1117 3105 opibus,
1143 3043 1386 3106 omnique

316 3116 545 3175 fortuna,
570 3125 728 3183 atque
763 3118 875 3181 ipso
908 3118 1072 3181 major
1110 3125 1193 3169 est
1223 3118 1385 3182 impe·

315 3193 435 3244 rio.'
499 3196 721 3256 Verum,
753 3195 799 3244 si
828 3195 911 3244 cui
945 3195 1174 3258 placeat,
1193 3194 1386 3245 adscis-

318 3287 442 3323 cere
468 3272 770 3323 vocabulum
780 3272 932 3334 fatis,
952 3272 1006 3321 id
1030 3286 1131 3334 ego
1152 3273 1386 3322 hocloco

317 3347 494 3397 malim
510 3360 605 3410 pro
629 3361 771 3403 casn,
792 3347 1111 3403 calamitate,
1134 3347 1387 3411 periculo,

316 3435 542 3479 sumere,
565 3421 659 3486 ita,
682 3429 741 3472 ut
764 3421 1014 3485 Trajanus
1037 3421 1388 3484 superiorfutis

322 3497 551 3561 dicatur,
590 3497 678 3562 qui
714 3495 846 3560 fata,
880 3511 1189 3561 omnemque
1222 3497 1387 3546 fortu-

319 3590 461 3640 nam,
498 3575 647 3640 quasi
684 3575 736 3623 in
771 3589 864 3625 sua
894 3580 1156 3638 potestate
1179 3572 1389 3636 habeat,

322 3659 382 3701 ut
403 3664 501 3700 nec
527 3651 641 3715 ejus
664 3649 802 3699 fama
824 3658 880 3700 et
902 3650 1148 3714 dignitas,
1178 3664 1275 3699 nec
1307 3648 1387 3697 fe-

318 3728 510 3790 licitas,
566 3727 855 3791 periclitari
889 3727 1150 3791 minuique
1185 3727 1386 3789 possit3

318 3813 478 3872 prout
503 3804 686 3868 aliquis
709 3804 901 3854 dicitur
925 3806 941 3833 ⁸
963 3805 1157 3854 invidia
1171 3804 1337 3866 maj0r
1356 3802 1391 3868 ς’

320 3889 378 3931 et
401 3895 577 3945 supra,
596 3893 811 3930 xxxin.
832 3883 885 3929 2.
916 3885 931 3908 ·
950 3881 1088 3929 omui
1111 3878 1389 3930 affectione

319 3965 413 4008 aut
453 3959 708 4018 intactus,
746 3962 837 4006 ant
872 3954 1071 4019 major?
1139 3954 1201 4005 Iu
1236 3962 1388 4020 quarn

321 4033 634 4085 sententiam
678 4032 904 4087 Plinius.
947 4033 1002 4080 in
1042 4032 1198 4081 simili
1238 4046 1390 4095 argu·

318 4117 514 4174 mento,
544 4112 655 4174 jam
691 4123 849 4159 Lxxr.
886 4113 936 4160 4.
969 4110 1179 4173 scripsit
1204 4146 1222 4175 ‚
1253 4113 1269 4140 ⁸
1289 4109 1390 4160 Cui

320 4186 450 4237 nihil
482 4185 547 4235 ad
580 4185 876 4250 augendum
908 4183 1172 4248 fastigium
1204 4200 1388 4249 super-

322 4271 419 4326 est,
443 4263 526 4314 hic
551 4278 650 4314 uno
676 4261 829 4314 modo
852 4276 1094 4314 crescere
1117 4268 1315 4326 potest,
1343 4261 1388 4311 si

2358 368 2532 437 1039

1468 538 1525 574 se
1561 521 1673 587 ipse
1709 524 2004 591 submittat,
2036 538 2250 578 securus
2275 529 2530 592 magnitu-

1465 599 1602 649 dinis
1626 615 1750 650 suae.
1819 603 2005 667 Neque
2035 603 2171 652 euim
2208 604 2273 654 ab
2304 605 2413 654 ullo
2438 621 2527 669 pe-

1467 677 1635 725 riculo
1671 675 1882 726 fortuna
1904 679 2192 742 principum
2216 680 2416 743 longius
2439 680 2526 729 ab·

1467 761 1568 812 est,
1591 767 1742 817 quam
1766 752 2108 803 humilitatis.’
2161 755 2367 819 Itaque,
2388 755 2528 820 quod

1463 827 1540 879 ibi
1585 828 1719 877 dixit
1750 829 1968 886 Plinius,
2001 831 2243 880 ‘securus
2274 833 2528 894 magnitu-

1465 903 1604 953 dinis
1621 919 1727 953 suae
1745 902 1782 964 ;’
1811 905 1908 954 lioc
1926 904 2060 953 idem
2078 920 2217 956 nunc
2235 905 2528 969 significare

1466 980 1676 1029 videtur
1710 994 1804 1044 per
1828 981 1939 1030 haec
1966 981 2141 1038 verba,
2161 984 2529 1045 superior-sutis.

1466 1059 1590 1108 Non
1613 1058 1813 1108 inficias
1834 1073 1917 1121 eo,
1933 1074 2015 1109 me
2037 1074 2312 1123 suspensas
2334 1060 2530 1112 habere

1466 1137 1713 1192 rationes,
1767 1141 1935 1185 utram
1992 1136 2176 1200 eligam
2230 1137 2527 1188 lectionem.

1463 1211 1569 1261 Sed
1606 1211 1833 1261 libenter
1871 1220 2033 1263 totam
2071 1227 2177 1261 rem
2213 1213 2427 1262 aliorum
2442 1214 2529 1277 ju·

1465 1290 1603 1340 dicio
1625 1290 1893 1354 submitto,
1927 1298 1984 1339 et
2007 1291 2236 1352 interim,
2258 1290 2529 1340 Arutzeni-

1464 1380 1551 1414 um
1574 1374 1803 1426 secutus,
1821 1366 2023 1415 retineo
2046 1366 2325 1415 lectionem
2348 1368 2529 1429 vulga·

1465 1449 1594 1505 tam,
1623 1444 1838 1506 superior
1859 1443 2027 1502 factus
2042 1456 2064 1501 ,·
2097 1444 2336 1506 quoniam
2361 1443 2529 1505 expli-

1464 1521 1606 1569 catio
1633 1520 1846 1570 alterius
1879 1518 2139 1578 lectionis,
2161 1519 2529 1582 superior-fatis,

1464 1591 1685 1643 fortasse
1708 1593 1962 1643 nonnullis
1987 1592 2362 1657 quodammodo
2388 1607 2527 1656 quas·

1463 1671 1564 1720 sita
1593 1670 1758 1719 videri
1783 1676 1957 1734 queat.
2021 1669 2107 1718 Sic
2136 1668 2528 1733 superior-fuctus

1463 1749 1625 1797 etiam
1647 1748 1769 1796 alibi
1793 1748 2000 1810 legitur.
2066 1745 2180 1795 Cic.
2216 1746 2361 1796 Fam.
2400 1758 2529 1793 xur-

1463 1829 1516 1874 5.
1551 1831 1566 1853 ⁶
1593 1824 1961 1873 Gravissimum
2001 1828 2099 1886 est,
2133 1837 2246 1871 cum
2288 1824 2528 1884 superior

1462 1896 1638 1949 factus
1683 1901 1751 1950 sit
1795 1899 2000 1955 ordine,
2057 1896 2352 1946 inferiorem
2377 1921 2380 1935 ι
2411 1910 2527 1947 esse

1464 1974 1708 2026 fortuna.'
1758 1978 1941 2040 Nepos
1966 1977 2016 2025 in
2036 1974 2318 2037 Phocione,
2336 1989 2455 2036 cap.
2475 1979 2525 2025 3.

1463 2050 1480 2078 ‘
1500 2052 1621 2104 Quo
1642 2051 1781 2102 facto
1809 2053 2047 2116 populus,
2076 2052 2315 2114 superior
2337 2049 2526 2113 factuS,

1464 2129 1644 2178 statim
1699 2129 1861 2179 duces
1919 2128 2227 2178 adversarias
2283 2126 2527 2176 factionis

1461 2204 1736 2255 ,damnatos
1763 2206 1932 2268 patria
1956 2201 2191 2269 pepulit.’
2247 2203 2368 2253 Nou
2393 2214 2528 2265 nego

1461 2287 1659 2338 tamen,
1681 2281 1733 2329 in
1755 2282 1850 2332 hoc
1865 2282 2022 2331 Plinii
2042 2282 2156 2331 loco
2171 2279 2528 2343 participium,

1448 2354 1636 2416 factus,
1677 2357 1862 2420 magis,
1896 2371 2047 2421 quam
2090 2357 2139 2405 iu
2180 2355 2293 2404 istis
2327 2355 2527 2404 duobus

1460 2433 1612 2494 locis,
1634 2432 1852 2482 otiosum
1878 2431 2062 2482 videri.
2098 2430 2342 2480 Schwarz.

1527 2508 1817 2572 Dese-endis]
1835 2507 2079 2557 Testatur
2095 2506 2217 2568 Dio,
2236 2513 2291 2554 et
2308 2506 2531 2568 Eutrop.

1459 2582 1552 2634 lib.
1581 2598 1709 2633 vni.
1743 2585 1962 2633 Putat-ol.

1525 2659 1815 2722 Descendis]
1840 2660 2022 2723 Usque
2044 2673 2126 2721 eo,
2150 2663 2210 2708 ut
2238 2658 2256 2686 ‘
2273 2663 2530 2721 aegrotanq

1461 2741 1545 2786 tes
1562 2737 1752 2786 amicos
1776 2735 2005 2785 viseret.’
2036 2735 2301 2785 Ausonius
2318 2736 2373 2783 in
2390 2735 2527 2784 Gra·

1464 2812 1653 2862 tiarum
1676 2810 1926 2867 Actione,
1948 2819 2005 2862 et
2028 2811 2324 2875 Eutropius.
2358 2810 2495 2874 Lips.

1461 2930 1468 2936 .
1528 2887 1909 2939 familiaritatis
1928 2887 2103 2953 qfficia]
2121 2888 2266 2936 Talia
2285 2892 2528 2937 recenset

1462 2968 1684 3029 Eutrop.
1711 2978 1837 3014 vm.
1859 2968 1910 3013 4.
1944 2972 1958 2994 ⁴
1979 2963 2211 3014 Gloriam
2235 2972 2411 3013 tamen
2434 2964 2528 3012 mi-

1461 3044 1665 3093 litarem
1689 3042 1943 3092 civilitate
1972 3048 2028 3090 et
2065 3040 2420 3090 moderatione
2445 3054 2528 3089 su·

1463 3120 1670 3183 peravit
1691 3119 1965 3182 Trajanus,
1989 3117 2193 3180 Romoe,
2209 3124 2266 3166 et
2287 3131 2385 3180 per
2409 3131 2529 3180 pro·

1463 3195 1682 3259 vincias,
1718 3194 1968 3257 aequalem
2012 3208 2066 3243 se
2112 3192 2349 3243 omnibus
2385 3191 2529 3242 exhi-

1459 3272 1625 3323 bens:
1662 3272 1855 3321 amicos
1893 3269 2154 3319 salutandi
2197 3269 2258 3332 (i.
2303 3283 2352 3318 e.
2397 3269 2529 3318 invi·

1463 3347 1660 3410 sendi‚)
1684 3360 1868 3396 caussa
1890 3345 2245 3409 frequentans,
2261 3346 2344 3394 vel
2363 3358 2529 3407 aegro-

1464 3430 1675 3484 tantes3
1710 3424 1813 3479 vel,
1851 3436 1966 3471 cum
2008 3419 2169 3470 festos
2192 3420 2302 3469 dies
2325 3418 2529 3468 habuis-

1460 3510 1599 3565 sent,
1622 3501 1858 3551 couvivia
1891 3514 2006 3549 cum
2031 3499 2212 3549 iisdem
2243 3497 2530 3551 indiscreta

1462 3578 1686 3627 vicissim
1729 3576 1925 3625 habens
1951 3589 1966 3634 ς
2000 3588 2141 3637 saepe
2185 3574 2235 3622 iu
2279 3573 2529 3622 vehiculis

1459 3664 1642 3702 'eorum
1665 3651 1852 3700 sedens
1871 3665 1887 3709 ς
1906 3649 2098 3699 nullum
2123 3654 2414 3698 senatorem
2440 3650 2531 3698 lae-

1462 3728 1612 3789 dens,
1657 3726 1783 3775 nihil
1826 3724 2074 3788 injustum
2123 3723 2191 3772 ad
2236 3724 2530 3787 augendum

1462 3804 1647 3853 fiscum
1688 3816 1845 3865 agens
1872 3818 1888 3863 ς
1921 3799 2153 3850 liberalis
2200 3800 2252 3848 in
2294 3807 2531 3863 cunctos,

1462 3879 1675 3945 publice
1699 3877 2041 3941 privatimque
2063 3873 2238 3924 ditans
2257 3888 2456 3937 omues,
2473 3883 2532 3927 et

1462 3956 1743 4008 honoribus
1768 3967 1986 4016 augens,
2007 3966 2138 4016 quos
2169 3950 2251 3999 vel
2275 3951 2532 4000 mediocri

1465 4032 1823 4084 familiaritate
1886 4024 2246 4090 cognovisset!
2332 4025 2530 4076 Confer

1462 4107 1618 4159 Dion.
1651 4108 1796 4156 Cass.
1827 4105 1917 4155 lib.
1950 4115 2157 4153 nxvm.
2196 4116 2315 4165 pag.
2336 4105 2453 4151 772.
2473 4109 2532 4153 et

1430 4228 1441 4243 .
1466 4184 1662 4235 Auson.
1688 4185 1737 4232 in
1764 4198 1811 4233 c.
1833 4186 1883 4230 4.
1908 4180 2058 4230 Grat.
2079 4179 2203 4241 Act.
2239 4178 2480 4228 Schwarz.

1533 4260 1664 4310 Tunc
1699 4259 1905 4310 maxime
1937 4253 2217 4319 imperator]
2251 4254 2315 4304 In
2348 4253 2530 4304 codice
