3017 4942
489 416 624 497 724,

495 579 718 631 invicem
744 591 800 629 se
823 577 1142 636 salutabant,
1164 579 1250 645 qui
1273 576 1327 630 iu
1351 579 1438 632 via
1460 578 1564 633 sibi

497 654 637 705 forte
680 654 1027 718 obvenirent;
1082 655 1174 706 sed
1220 656 1399 720 potius
1448 657 1565 721 ejus

497 732 705 796 generis
740 730 1050 795 ‘salutatio,’
1090 747 1241 798 quam
1285 731 1435 782 amici
1472 732 1565 782 cli·

495 814 753 874 entesque
784 808 1071 873 faciebant,
1106 810 1195 875 qui
1226 810 1391 874 primo
1414 822 1566 859 mene

496 885 553 939 ln
576 887 717 937 aedes
736 886 1127 936 honoratiorum
1152 887 1455 948 veniebant,
1474 900 1566 939 eos

498 970 515 997 ‘
529 965 731 1013 salvere
746 963 762 988 '
784 964 1051 1029 jubentes,
1074 965 1254 1028 eisque
1277 962 1445 1014 officia
1469 978 1566 1014 stra

499 1046 555 1095 et
577 1039 769 1098 studia,
805 1041 849 1089 si
883 1040 1069 1106 quibus
1101 1054 1232 1102 opus
1256 1046 1416 1096 esset,
1438 1037 1565 1089 offe·

497 1124 697 1173 rentes.
746 1117 810 1166 In
834 1116 1105 1166 vestibulis
1128 1122 1185 1168 et
1206 1115 1351 1165 atriis
1375 1115 1567 1165 subsis-

499 1191 712 1251 tebant,
756 1193 843 1256 qui
887 1199 1140 1241 venerant
1179 1191 1244 1241 ad
1288 1198 1565 1256 patronum

496 1269 847 1331 salutandum,
871 1268 1163 1333 priusquam
1187 1269 1240 1318 iu
1259 1270 1463 1318 domum
1488 1269 1566 1318 iu-

498 1347 943 1403 tromitterentur,
983 1352 1121 1395 teste
1145 1344 1337 1402 Gellio,
1376 1358 1496 1395 xvr.
1516 1350 1567 1395 5.

498 1428 556 1475 et
594 1424 793 1473 Seneca
829 1423 894 1472 de
933 1423 1168 1473 Beuefie.
1199 1436 1276 1473 vr.
1302 1426 1384 1473 33.
1405 1428 1462 1473 et
1482 1426 1568 1473 84.

498 1501 667 1559 Erant
710 1500 901 1551 deinde
946 1500 1233 1565 peculiaria
1277 1500 1568 1563 conclavia,

495 1577 606 1633 sive
651 1577 765 1629 loca
808 1576 1017 1638 edium,
1048 1592 1165 1642 quae
1207 1591 1240 1627 a
1277 1576 1423 1629 Pliu.
1468 1589 1566 1626 xv.

498 1655 583 1711 11.
625 1652 871 1711 dicuntur
904 1653 1185 1705 ‘cubicula
1222 1650 1566 1707 salutatoria,'

496 1730 553 1785 in
608 1731 799 1796 quibus
859 1739 1133 1796 patronum
1177 1744 1209 1780 e
1260 1729 1568 1781 dormitorio

497 1807 845 1870 prodeuntem
868 1808 1180 1859 salutarunt.
1216 1807 1383 1857 Immo
1406 1814 1460 1856 et
1478 1805 1566 1858 ho·

499 1899 611 1934 rum
639 1886 992 1935 cubiculorum
1014 1886 1067 1935 in
1091 1885 1288 1937 aedibus
1307 1885 1568 1937 bominum

498 1963 866 2025 opulentorum
906 1976 1011 2011 non
1058 1974 1208 2011 uuum
1244 1959 1345 2011 fuit
1387 1975 1568 2023 genus·

498 2036 879 2088 Honoratiores
910 2039 1226 2088 salutatores
1264 2040 1317 2089 in
1355 2036 1569 2088 eubicu-

495 2114 605 2163 lum
643 2114 862 2167 interius
907 2115 1347 2178 admittebantur3
1394 2116 1568 2178 paullo

498 2193 681 2257 plures
727 2193 778 2245 in
823 2192 1065 2243 cubicula
1110 2193 1248 2243 atrio
1288 2195 1569 2258 propiora3

498 2270 708 2341 plurimi
733 2270 785 2319 in
810 2270 922 2333 ipso
941 2271 1076 2321 atrio
1100 2270 1401 2323 substitere.
1441 2271 1568 2320 For-

497 2346 640 2397 mula
663 2348 887 2397 solennis
918 2354 1053 2411 erat,
1087 2353 1214 2397 ‘ave
1237 2346 1271 2397 l'
1339 2347 1458 2398 Qua
1496 2346 1565 2401 de

498 2439 558 2477 re
580 2423 916 2477 disseruimus
941 2424 993 2474 iu
1019 2425 1252 2475 Dissert.
1282 2422 1350 2473 de
1376 2423 1567 2475 Assec-

500 2500 700 2559 tatione
726 2501 975 2557 Veterum
996 2501 1363 2550 Romanorum.
1412 2499 1567 2551 Quod

498 2576 773 2629 matutinae
790 2584 840 2625 et
857 2577 1088 2646 publieae
1105 2576 1431 2626 salutationis
1455 2574 1568 2625 offi-

498 2653 639 2709 cium
674 2670 777 2705 non
813 2662 1014 2707 tanturn
1045 2653 1270 2713 florente
1294 2655 1568 2719 republies

498 2730 553 2783 in
577 2745 666 2786 usu
689 2729 793 2782 fuit
814 2746 832 2792 ς
868 2732 960 2781 sed
985 2733 1141 2782 etiam
1164 2731 1264 2785 sub
1289 2732 1569 2794 imperato·

498 2809 641 2863 ribus
658 2811 1038 2872 continuatum,
1053 2816 1109 2860 >et
1133 2809 1211 2858 bis
1235 2808 1365 2873 ipsis
1380 2820 1571 2871 magna

500 2884 803 2951 frequentia
846 2894 903 2936 et
950 2886 1230 2950 ambitione
1276 2888 1568 2949 praestitum

501 2966 604 3015 est,
667 2962 757 3015 Sic
799 2961 1053 3012 Octavius
1096 2961 1387 3025 Augustus,
1430 2968 1570 3013 teste

502 3038 720 3090 Suetou.
748 3038 887 3102 Aug.
918 3054 965 3090 c.
1002 3043 1087 3089 63.
1123 3046 1140 3070 ‘
1160 3039 1463 3102 promiscuis
1488 3053 1569 3087 sa-

501 3118 839 3168 lutationibus
861 3117 1073 3167 admisit
1088 3125 1142 3167 et
1162 3117 1399 3180 plebem.’
1424 3117 1568 3167 Idem

500 3193 721 3244 Sueton.
743 3193 904 3256 Vesp.
930 3207 975 3242 c.
996 3196 1079 3241 21.
1100 3201 1297 3248 narrat,
1320 3190 1458 3241 hune
1477 3193 1569 3242 im·

502 3275 823 3334 peratorem,
844 3268 859 3296 ‘
879 3267 998 3317 dum
1025 3265 1389 3323 salutabatur‚'
1403 3270 1570 3331 ipsum

505 3358 564 3396 se
581 3345 858 3408 ‚ealcessse
894 3353 950 3399 et
984 3344 1309 3409 amicirisse5
1344 3351 1419 3406 et,
1453 3359 1497 3394 c.
1520 3350 1572 3395 4.

503 3420 748 3477 eundem,
770 3435 887 3471 cum
912 3420 1083 3470 adhuc
1105 3421 1342 3484 privatus
1365 3427 1525 3476 esset,
1543 3436 1573 3470 a

512 3499 726 3551 Nerone
773 3498 789 3526 ⁴
814 3497 1024 3562 publica
1058 3495 1410 3553 salutatione,'
1456 3512 1572 3562 quoe

503 3575 714 3625 scilicet
736 3573 791 3623 in
814 3574 985 3630 turba,
1006 3580 1165 3638 atque
1187 3574 1327 3624 inter
1345 3581 1572 3637 ceteros,

503 3649 679 3714 fleret,
722 3665 834 3700 esse
874 3650 1211 3714 prohibitum.
1278 3651 1341 3701 Iu
1380 3650 1571 3709 Galba,

504 3740 554 3779 c.
578 3730 659 3781 17.
680 3723 866 3790 refert,
889 3726 1115 3777 Galbam
1139 3734 1358 3789 repente
1379 3729 1395 3754 ⁸
1412 3740 1442 3776 e
1466 3741 1572 3776 me-

506 3801 594 3859 dia
616 3803 952 3853 salutantium
976 3801 1155 3855 turba’
1179 3803 1425 3852 Pisonem
1445 3803 1573 3853 Fru—

507 3876 561 3941 gi
584 3880 1007 3944 apprehendisse,
1024 3879 1291 3946 filiumque
1315 3881 1574 3943 appellas·

508 3969 587 4009 se.
667 3956 729 4006 1n
763 3955 1032 4008 Claudum
1062 3961 1144 4007 3⁵.
1184 3956 1364 4014 tradit,
1411 3957 1574 4020 impe·

510 4037 735 4085 retorem
782 4031 798 4058 ‘
822 4032 1224 4085 salutatoribus'
1254 4040 1574 4085 scrutatores

509 4121 716 4172 semper
741 4108 1065 4177 apposuisse,
1089 4116 1145 4160 et
1179 4109 1385 4176 quidem
1411 4110 1575 4160 omni·

509 4184 629 4246 bus,
651 4191 703 4238 et
725 4185 1117 4250 acerbissimos3
1139 4189 1227 4254 qui
1246 4203 1432 4252 nempe
1459 4203 1574 4253 per-

510 4265 868 4316 scrutarentur
881 4260 1204 4321 salutatores,
1221 4278 1285 4312 an
1301 4279 1445 4316 arma
1461 4279 1573 4329 ves·

513 4333 654 4394 tibus
679 4341 819 4393 tecta
851 4332 1125 4407 heberent.
1191 4338 1361 4396 Unde,
1391 4353 1572 4392 secuu-

1189 434 1410 495 ⁸0¹1*AE
1457 434 1869 488 vAmoRtm
1916 434 2002 497 m

1639 578 1762 633 dum
1785 580 1954 633 Tacit.
1979 576 2168 632 Annsl.
2201 592 2284 632 ει.
2308 581 2396 631 22.
2455 574 2701 633 Claudius

1639 657 1739 707 Cu.
1756 658 2003 722 Novium,
2016 658 2245 724 equitem
2265 647 2573 717 Romanum,
2586 673 2701 708 cum

1638 732 1723 783 bic
1765 731 1907 785 ferro
1940 734 2205 786 accinctus
2250 735 2588 798 reperiretur,
2617 734 2709 784 ‘itt

1639 813 1778 859 coetu
1829 809 2163 861 salutantium
2218 810 2705 875 principem,’·tor·

1639 886 1829 939 mentis
1866 885 2108 938 dilaniari
2133 888 2306 953 jussit.
2374 891 2543 941 Quam
2580 900 2705 941 vero

1638 964 1906 1014 scrutandi
1941 965 2373 1015 consuetudinem
2404 966 2484 1015 Fl.
2506 965 2707 1030 Vespa-

1641 1040 1815 1091 sianus
1853 1041 2047 1104 omisit,
2093 1041 2231 1108 quod
2279 1042 2329 1091 iu
2366 1043 2518 1106 hujus
2558 1038 2709 1104 Vtra,

1640 1130 1689 1167 c.
1728 1121 1809 1168 12.
1840 1124 2210 1169 commemorat
2253 1118 2556 1169 Suetonius.
2622 1119 2708 1169 Sic

1639 1194 1780 1245 haud
1804 1209 1948 1260 egre
1983 1194 2339 1260 intelligimus,
2377 1195 2709 1262 quemadmo-

1640 1271 1762 1323 dum
1783 1273 2037 1323 strocium
2056 1273 2708 1337 principum-salutationes

1640 1348 1762 1414 fuge
1785 1357 1842 1401 et
1864 1351 2080 1400 vastitas
2105 1350 2252 1415 sequi
2268 1350 2518 1415 potuerit,
2539 1351 2586 1398 si
2610 1349 2714 1398 sal·

1640 1434 1745 1478 tem
1766 1428 1819 1478 in
1843 1434 2069 1479 mentem
2086 1433 2394 1478 revocemus
2410 1427 2715 1492 exemplum

1643 1505 1871 1571 Vitellii,
1889 1508 1976 1572 qui
1996 1506 2252 1572 quendam
2277 1513 2292 1536 ‘
2311 1506 2362 1556 in
2377 1507 2491 1570 ipsa
2514 1507 2710 1555 saluta·

1643 1580 1782 1631 tione
1802 1581 1818 1604 '
1850 1583 2106 1648 supplicio
2145 1582 2393 1633 traditum
2419 1597 2600 1633 coram
2638 1583 2712 1631 in·

1644 1658 1812 1710 terfici
1829 1660 2010 1725 jussit,
2032 1660 2168 1710 velle
2198 1674 2255 1710 se
2288 1661 2467 1711 diceus
2493 1670 2714 1721 pascere

1642 1736 1846 1798 oculos;
1879 1737 2014 1801 qnod
2060 1736 2198 1800 apud
2233 1737 2445 1787 Sueton.
2487 1735 2714 1799 legimus

1643 1809 1699 1861 in
1723 1811 1904 1861 Vitell.
1928 1827 1975 1863 c.
1998 1815 2081 1862 14.
2112 1813 2267 1862 Idem·

1711 1886 2040 1938 &lutationes
2062 1886 2192 1951 tuus]
2230 1887 2356 1937 Illas
2387 1884 2634 1937 solennes
2658 1890 2715 1937 et

1643 1965 1943 2021 matutinas,
1961 1980 2091 2029 quas
2115 1972 2170 2014 et
2200 1965 2419 2029 principi
2444 1963 2715 2021 ferebant.

1640 2040 1808 2092 Tacit.
1844 2040 1985 2091 Anu.
2024 2055 2090 2091 rr.
2121 2045 2205 2093 22.
2239 2045 2288 2091 1.
2318 2041 2452 2089 -‘Cn.
2484 2042 2715 2104 Novius,

1643 2118 1697 2168 in
1718 2127 1855 2173 eoetu
1879 2120 2217 2170 salutantium
2242 2118 2572 2184 prinoipem?
2596 2120 2719 2184 Lip-

1645 2210 1766 2245 σιω.
2670 2219 2680 2226 -

1711 2273 1852 2335 Fuga
1873 2277 1920 2325 et
1943 2271 2170 2338 castitas]
2207 2273 2346 2325 Quia
2372 2272 2506 2337 jussi
2533 2272 2718 2323 statim

1642 2350 1912 2412 recedere,
1949 2365 2047 2401 nec
2082 2351 2367 2403 subsistere
2405 2350 2476 2400 ibi
2501 2349 2718 2414 fas,aut

1641 2427 1848 2477 morari.
1879 2428 2030 2477 Idem.

1709 2503 1852 2565 Fuga
1888 2508 1936 2553 et
1979 2501 2210 2566 vastitas]
2259 2503 2393 2552 Post
2427 2502 2719 2553 matutinas

1640 2580 1981 2629 salutationes
1997 2592 2149 2628 nona
2173 2586 2224 2628 te
2241 2576 2485 2642 fugimus,
2511 2585 2572 2627 ut
2591 2579 2718 2628 olim

1642 2655 1739 2706 sub
1755 2655 1969 2706 Tiberio
1990 2662 2045 2705 et
2074 2655 2392 2707 Domitiano.
2429 2655 2570 2706 Vide
2585 2656 2722 2707 Dio·

1643 2746 1760 2781 nem
1785 2738 1840 2782 et
1865 2733 2083 2782 Suetou.
2118 2731 2339 2780 Patare!-

1712 2807 2044 2870 Remvmmm,
2062 2806 2354 2870 resistimus]
2384 2807 2476 2857 Uti
2500 2807 2729 2859 verbum

1644 2884 1866 2949 simplex
1899 2883 2144 2941 ‘moron'
2179 2886 2250 2934 ita
2274 2889 2329 2933 et
2362 2884 2719 2948 compositum

1641 2963 1658 2991 ‘
1677 2976 1906 3012 remoror
1927 2960 1942 2984 ⁹
1974 2961 2040 3011 sd
2076 2962 2236 3012 verba
2255 2961 2574 3011 abundantia
2596 2976 2721 3025 per-

1645 3039 1800 3096 tinet,
1824 3053 1938 3103 quae
1965 3039 2014 3087 in
2039 3038 2223 3087 eadem
2246 3036 2434 3102 forma,
2458 3038 2612 3088 modo
2633 3052 2724 3091 ac-

1647 3115 1768 3178 tive,
1800 3113 1952 3164 modo
1983 3115 2314 3177 neutralites,
2343 3114 2421 3163 uti
2458 3128 2723 3178 gramma-⁵

1647 3191 1735 3241 tici
1768 3191 2068 3255 loquuntur,
2091 3190 2328 3255 usurpari
2352 3191 2542 3241 solent.
2614 3191 2724 3240 Ac-

1647 3268 1756 3317 tive
1793 3267 1984 3317 dicitur
2018 3267 2236 3316 verbum
2271 3267 2287 3294 ‘
2308 3264 2578 3322 remoror‚’
2616 3280 2721 3329 pro

1644 3349 1660 3372 ⁸
1679 3344 1931 3410 detineo‚’
1951 3347 1967 3374 ‘
1988 3343 2196 3394 retardo
2211 3342 2244 3406 ς’
2267 3343 2597 3407 neutraliter,
2619 3357 2721 3406 pro

1647 3422 1664 3452 ‘
1681 3419 1904 3484 maneo(
1926 3424 1943 3452 ἱ
1957 3418 2285 3476 commoror,'
2308 3420 2325 3448 ‘
2341 3419 2592 3469 cunctor.'
2642 3420 2723 3470 Ur

1647 3501 1797 3563 plura
1850 3498 2118 3563 utriusque
2174 3497 2396 3548 notionis
2449 3499 2721 3562 exempla,

1648 3577 1837 3640 passim
1861 3576 2030 3634 obvia,
2069 3575 2485 3639 proetermittsm,
2506 3574 2722 3629 unicam

1648 3653 1826 3703 Plauti
1851 3653 2088 3703 Casinam
2128 3667 2267 3702 nunc
2298 3651 2528 3702 excitare
2563 3652 2719 3702 libet.

1648 3728 1751 3786 Ibi,
1775 3741 1866 3778 ιιι.
1910 3733 1959 3777 6.
2003 3733 2086 3778 65.
2119 3728 2294 3778 active
2332 3727 2549 3790 dicitur,
2597 3727 2718 3777 ‘Eo

1649 3818 1788 3855 nunc
1819 3805 1955 3869 jam,
1995 3803 2093 3853 nisi
2137 3803 2402 3868 quippiam
2447 3817 2719 3854 remorare

1650 3882 1764 3932 me?
1830 3879 1905 3930 At
1927 3881 2256 3937 neutraliter,
2278 3894 2356 3931 rv.
2379 3886 2430 3931 8.
2451 3885 2500 3931 7.
2533 3884 2551 3910 ‘
2569 3881 2713 3933 Quid

1649 3958 1739 4007 illa
1779 3971 1918 4008 nune
1955 3956 2152 4006 tamdiu
2193 3956 2334 4007 intus
2369 3955 2718 4007 remoratur?

1652 4035 1732 4084 De
1749 4034 1905 4084 verbo
1924 4041 2098 4083 autern
2117 4038 2131 4062 ‘
2148 4034 2431 4099 resistere,’
2453 4049 2549 4099 pro
2564 4034 2715 4091 ‘con-

1651 4110 1875 4174 sistere,’
1926 4111 2237 4175 ‘perstaref
2285 4111 2396 4175 jam
2432 4126 2610 4175 supra,
2647 4113 2715 4162 ud

1648 4203 1703 4252 p.
1724 4191 1839 4238 478.
1861 4202 1963 4237 non
1985 4187 2115 4237 nibil·
2133 4186 2260 4236 dixi.
2294 4187 2542 4239 Schwart-
2660 4186 2668 4191 ’
2717 4186 2722 4190 ’

1715 4265 1811 4315 Illa
1831 4264 2173 4317 immanissima
2203 4263 2380 4327 bellua]
2413 4264 2711 4317 Pronomeu

1646 4343 1730 4392 illa
1753 4342 1806 4392 in
1830 4341 2003 4400 multis
2041 4341 2188 4401 libris
2225 4341 2574 4394 desideretur.
2642 4341 2715 4392 Ar
