3017 4942
804 459 873 507 c.
918 452 1166 507 remu
1214 452 1551 505 suevum
1600 455 1884 512 mnne.
1961 455 2012 504 1.
2043 441 2150 506 94.

365 601 646 668 imperium
664 600 981 653 Romanum.
1015 601 1171 652 Idem

436 680 652 746 Imperii,
673 678 830 744 Deos]
864 679 1067 790 Imperii
1085 678 1217 729 divos
1238 677 1309 727 V.
1345 676 1435 726 Li·

365 759 469 809 cin·

365 857 378 866 ·
435 834 662 898 Poincipi
680 831 1012 897 precabamur]
1048 830 1281 896 Aptius
1257 845 1436 895 impre-

363 912 611 975 cabanmr,
647 912 799 960 litera
836 908 977 959 finali
1015 908 1307 974 geminata3
1352 912 1435 957 est

367 993 544 1041 autem
567 987 633 1038 de
657 986 971 1036 Domitiano.
1005 986 1141 1049 Lips.

419 1064 566 1121 'Quoe
597 1064 721 1113 malo
747 1063 957 1127 principi
983 1061 1314 1126 precabamur]
1348 1060 1437 1111 Li·-

363 1140 549 1204 brarii,
572 1141 660 1205 qui
675 1138 817 1190 'forte
848 1140 1175 1203 ignorarunt,
1194 1153 1284 1188 eos
1307 1152 1433 1203 quo·

369 1232 473 1283 que
494 1218 511 1245 ‘
526 1216 751 1281 precari’
767 1217 874 1267 dici
894 1230 1069 1280 posse,
1091 1216 1178 1282 qui
1194 1215 1279 1265 alii
1298 1215 1437 1264 mala

365 1295 742 1358 imprecantur,
764 1307 941 1343 veram
965 1292 1245 1343 lectionem
1268 1297 1436 1341 muta·-

367 1377 512 1433 runt,
533 1371 626 1429 ita,
664 1377 720 1429 ut
755 1371 809 1420 iu
838 1370 1022 1420 codice
1042 1368 1329 1419 Parisiensi
1354 1382 1435 1417 re-

365 1447 690 1511 scripserint,
704 1462 808 1510 quoe
820 1445 904 1495 sub
914 1447 1039 1497 malo
1050 1445 1265 1510 principe
1271 1458 1437 1507 preca·

367 1521 572 1583 boner,-
617 1524 670 1573 in
703 1523 883 1574 Vatic.
916 1522 1242 1586 Guelpherb.
1277 1521 1438 1570 Pata-

368 1602 513 1663 vino‚
550 1607 607 1651 et
640 1613 777 1665 meo,
809 1615 913 1664 qaoe
944 1614 1032 1663 pro
1066 1601 1189 1649 malo
1222 1598 1438 1662 principe

359 1677 673 1743 precabamur
683 1693 703 1737 ‚-
737 1677 790 1726 in
809 1678 1018 1726 Veneto
1034 1680 1084 1726 2.
1106 1681 1164 1726 et
1182 1674 1435 1729 salisbur-

369 1755 538 1819 gensi,
570 1770 675 1819 quoe
696 1755 818 1804 melo
854 1755 1068 1819 principe
1098 1753 1437 1819 precabamur&

368 1837 428 1881 et
462 1831 540 1882 sic
576 1831 734 1882 etiam
766 1832 1019 1894 scriptum
1055 1831 1328 1880 invenerat
1353 1828 1439 1878 Li-

369 1906 589 1957 vineius.
656 1907 730 1958 At
759 1904 1023 1972 ‘precari'
1041 1920 1149 1955 non
1174 1906 1338 1956 solum
1362 1904 1437 1954 di·

365 1989 579 2040 cuntur,
596 1984 684 2049 qui
702 1984 856 2047 bene,
870 1983 964 2033 sed
989 1983 1166 2046 etiam,
1182 1983 1271 2049 qui
1287 1982 1439 2045 male,

369 2063 676 2125 precantur,
729 2061 840 2111 sive
893 2060 1272 2125 imprecantur.
1343 2058 1440 2111 Sic

365 2136 590 2186 Plautus
616 2135 764 2186 Asin.
787 2150 854 2186 ιι.
872 2141 920 2187 4.
946 2140 1030 2187 ⁷1.
1049 2138 1066 2165 ‘
1092 2135 1299 2200 Pergiu’
1319 2150 1437 2201 pre·

367 2214 479 2265 cari
516 2213 738 2278 pessimo
752 2213 788 2263 θ’
845 2214 957 2264 Cic.
993 2214 1047 2264 in
1078 2214 1260 2265 Pison.
1282 2228 1330 2264 c.
1355 2218 1437 2264 19.

367 2291 599 2356 ‘Neque
634 2306 759 2341 vero
794 2304 910 2357 ego,
949 2292 992 2340 si
1027 2304 1252 2356 unquam
1289 2290 1437 2341 vobis

367 2369 510 2418 mala
550 2383 817 2433 precarer,
854 2368 992 2433 quod
1034 2382 1180 2432 saepe
1221 2367 1343 2426 feci,
1383 2369 1438 2418 in

367 2459 475 2509 quo
499 2445 591 2495 Dii
613 2446 928 2496 immortales
959 2458 1103 2496 meas
1138 2457 1324 2508 preces
1346 2459 1437 2494 au·

367 2522 638 2586 diverunt,
669 2523 927 2590 morbum,
950 2531 1040 2574 aut
1075 2530 1311 2581 mortem,
1348 2518 1440 2574 aut

365 2599 677 2657 cruciatum,
700 2599 984 2665 precarer!
1051 2600 1122 2650 Et
1136 2600 1315 2650 Valet.
1337 2601 1437 2651 Cas

367 2674 447 2732 io,
483 2676 535 2725 in
575 2676 736 2740 Diris,
778 2685 1051 2743 postquam
1096 2679 1261 2728 multa
1304 2678 1439 2727 mala

367 2752 684 2818 imprecatus
705 2761 821 2804 erat
841 2752 1083 2818 Baitero,
1121 2769 1198 2804 vs.
1231 2758 1315 2809 47.
1352 2769 1436 2806 ca·

243 2821 251 2832 '
339 2840 343 2843 ·
365 2830 452 2880 mit
472 2846 492 2880 ι
519 2839 538 2863 ¹
555 2831 873 2897 Sic-precor,
897 2841 953 2882 et
972 2833 1161 2882 nostris
1187 2837 1440 2897 superent

367 2906 488 2956 hoec
508 2908 741 2959 carmina
765 2908 897 2958 votis
914 2908 945 2956 l’
983 2909 1106 2958 Non
1125 2908 1288 2972 igitur
1311 2910 1438 2959 satis

371 2995 574 3034 caussae
589 2989 725 3039 erat,
742 2983 1075 3047 quamobrem
1092 2983 1300 3047 Lipsius
1319 2996 1439 3035 cen-

367 3066 530 3117 seret,
554 3060 730 3124 aptius
750 3056 881 3123 fore,
912 3061 1320 3125 imprecabamnr3
1350 3075 1440 3111 ne·

367 3149 476 3200 que
507 3148 725 3185 necesse
756 3136 1017 3186 habebant
1050 3138 1439 3201 Berueggerus3

367 3220 432 3264 et
454 3212 713 3269 Hackius,
744 3213 805 3262 ut
837 3214 1016 3278 Lipsio
1045 3215 1286 3265 obsecuti
1318 3215 1439 3264 ede-

367 3295 494 3340 tent
526 3289 912 3353 imprecabantur.
980 3291 1246 3356 Ceterum,
1266 3292 1441 3341 velex

370 3363 611 3415 hocloco
634 3364 985 3428 intelligimus,
1011 3367 1175 3417 verba
1196 3374 1212 3397 ‘
1230 3368 1412 3418 audire
1425 3367 1440 3390 ’

369 3442 433 3490 et
463 3443 481 3471 ⁸
499 3441 777 3490 exaudire’
809 3440 992 3491 eadem
1012 3442 1228 3491 notione
1251 3442 1441 3493 identi-

368 3515 493 3567 dem
516 3515 700 3579 accipi,
733 3529 835 3578 pro
871 3522 887 3545 ·
908 3529 1137 3566 annuere
1162 3517 1443 3581 precibus,'

368 3604 470 3642 seu
503 3590 699 3648 facere,
729 3589 868 3654 quod
902 3591 1018 3654 quis
1049 3592 1307 3655 petieratz
1342 3594 1443 3643 uisi

374 3672 572 3732 tamen,
587 3664 723 3733 quod
742 3668 954 3718 verbum
970 3671 986 3697 ‘
1004 3667 1271 3727 exaudire,
1273 3667 1289 3691 '
1305 3669 1442 3734 quod

370 3746 560 3796 altero
565 3746 692 3797 loco
713 3744 946 3808 ponitur,
969 3743 1161 3809 aliquid
1188 3745 1441 3808 promtius

371 3829 436 3873 et
464 3821 659 3872 certius
693 3821 745 3870 in
779 3820 1053 3870 audiendis
1077 3820 1317 3885 precibus
1338 3821 1442 3886 sig·

374 3896 592 3949 nificare
614 3898 871 3947 videatur.
903 3896 1144 3948 schwarz-

365 4030 374 4037 ,
445 3974 559 4024 Non
578 3978 627 4023 te
639 3974 979 4037 distringimus
998 3973 1149 4037 votis]
1176 3973 1245 4025 H.
1264 3989 1313 4026 e.
1336 3989 1440 4025 non

376 4051 554 4101 multis
578 4051 819 4115 precibus
845 4053 1082 4117 votisque
1116 4059 1169 4102 te
1198 4051 1441 4102 distrahi·

376 4140 510 4182 mus,
527 4131 583 4175 et
607 4127 754 4190 quasi
777 4125 1144 4191 defatigemus.
1180 4132 1198 4158 ‘
1214 4128 1441 4178 Distrin-

375 4206 504 4266 gere
522 4200 540 4225 ’
582 4202 842 4265 significat
886 4204 940 4257 in
985 4211 1164 4268 partes
1209 4204 1442 4256 diversas

376 4278 690 4331 distrahere.
756 4280 894 4330 Vide
922 4296 1097 4345 supra,
1135 4281 1199 4331 ad
1241 4296 1295 4345 p.
1325 4285 1441 4334 655.

372 4347 692 4408 ‘Innumera
713 4355 940 4409 rusticos
972 4371 1100 4408 cura
1126 4358 1443 4425 distringatf'

2401 438 2573 506 1091
2649 502 2653 507 .

1509 599 1587 651 ait
1610 597 1815 650 Plinius
1837 599 2018 664 Major
2042 612 2212 650 xvm.
2232 601 2316 650 26.
2369 597 2575 650 Plinius

1509 683 1689 728 noster
1733 677 1904 741 Epist.
1939 689 2023 726 nc.
2058 680 2108 727 2.
2155 676 2312 741 ‘Ipse
2355 677 2573 727 multum

1508 754 1865 819 distringebar
1902 755 2207 818 plerumque
2244 753 2449 817 frigidis
2485 766 2579 802 ne-

1509 831 1702 898 gotiis-³
1755 832 1929 897 Epist.
1955 845 2047 881 ιιι.
2069 837 2116 881 5.
2151 832 2168 860 ‘
2190 831 2359 883 Quem
2386 831 2579 895 partim

1509 910 1736 975 publica,
1752 910 1943 974 partim
1965 909 2245 960 amicorum
2268 906 2459 973 officia,
2475 909 2579 958 dis*

1507 984 1788 1050 'tringuuff
1823 986 1974 1037 Idem·

1582 1063 1740 1113 Unum
1759 1058 1966 1112 omnium
1988 1064 2173 1129 votum]
2203 1062 2342 1113 Vide
2362 1063 2580 1114 Sueton-

1511 1139 1649 1203 Aug.
1670 1154 1787 1204 cap.
1812 1143 1894 1188 58.
1931 1140 2125 1190 Seuec.
2157 1140 2222 1189 de
2247 1140 2412 1189 Clem.
2436 1153 2474 1189 1.
2499 1144 2579 1197 19.

1512 1218 1773 1269 Martialis
1808 1216 1932 1266 illud
1966 1230 2067 1266 nec
2100 1215 2360 1280 absimile,
2393 1216 2459 1266 ad
2485 1216 2578 1268 Jo-

1511 1309 1659 1344 vemz
1695 1293 1825 1344 ‘Nil
1860 1308 1956 1358 pro
1989 1306 2075 1343 me
2108 1292 2232 1342 mihi
2253 1292 2467 1356 Jupiter
2490 1307 2579 1357 pe·

1513 1371 1665 1428 tenti,
1678 1371 1766 1420 Ne
1782 1369 2159 1433 succensueris,
2178 1369 2320 1418 velut
2338 1367 2582 1432 superbo.

1511 1449 1587 1498 Te
1610 1463 1706 1512 pro
1724 1448 1934 1497 Caesare
1951 1447 2120 1496 debeo
2142 1456 2348 1509 rogare.
2372 1447 2480 1496 Pro
2497 1458 2582 1497 me

1512 1525 1682 1575 debeo
1705 1524 1963 1575 Caesarem
1989 1521 2208 1587 rogare?
2236 1522 2385 1586 Ιιίρε.Δ

1587 1602 1748 1651 Unum
1767 1601 1978 1650 omnium
1998 1605 2161 1652 votum
2183 1599 2417 1662 estJVox
2433 1613 2583 1649 unum

1514 1678 1705 1728 omissa
1727 1678 1879 1729 estin
1902 1677 2167 1748 codicibus
2188 1678 2322 1726 Mss.
2341 1675 2582 1733 Venetis,

1515 1756 1919 1820 Salisburgensi,
1950 1754 2274 1820 Guelpherb.
2298 1754 2580 1816 Patavino,

1512 1836 1571 1884 et
1591 1847 1742 1894 meo;
1776 1833 1900 1883 item
1937 1840 1992 1883 et
2029 1833 2083 1881 in
2120 1831 2350 1882 editione
2385 1833 2593 1887 Putem,

1512 1909 1615 1959 lani
1639 1923 1703 1960 ac
1719 1907 1979 1958 Beroaldi.
2024 1908 2095 1957 Et
2118 1906 2327 1956 videtur
2348 1906 2582 1970 potuisse

1515 1986 1731 2047 abesse;
1779 2000 1896 2035 cum
1926 1985 2038 2048 jem
2077 1984 2241 2034 latest
2276 1983 2328 2031 in
2366 1989 2584 2032 autece-

1509 2061 1674 2112 deme
1695 2062 1942 2124 dictione,
1971 2061 2194 2124 Simplex
2209 2064 2470 2123 cunctaque
2483 2060 2584 2109 ista

1509 2141 1817 2205 complexum,
1838 2142 1920 2203 &c-
1964 2138 2104 2187 Male
2127 2151 2251 2188 vero
2273 2135 2584 2186 vocabulum

1513 2217 1740 2270 omnium,
1781 2229 1849 2264 ex
1893 2212 2260 2278 compendiosa
2298 2219 2423 2262 nota
2459 2224 2585 2261 con«-

1513 2293 1678 2342 vertit
1700 2291 2023 2342 Puteolanus
2057 2291 2110 2340 in
2143 2290 2291 2353 aiem,
2325 2295 2382 2339 et
2417 2288 2583 2337 Bero-

1513 2369 1666 2419 aldus
1688 2369 1741 2418 iu
1760 2369 1997 2427 animum-N
2017 2367 2107 2417 Sic
2130 2381 2252 2417 vero
2275 2368 2452 2415 'noster
2467 2364 2583 2429 jam

1512 2459 1693 2508 supra,¹
1712 2457 1887 2495 xxm.
1908 2450 1959 2495 5.
1986 2443 2221 2493 dixerat-z
2254 2449 2270 2472 ‘
2290 2443 2366 2492 Ut
2390 2443 2444 2492 in
2468 2442 2587 2491 uni-

1514 2524 1575 2570 us
1593 2522 1812 2571 salutem
1835 2520 2028 2569 collata
2045 2518 2270 2568 omnium
2287 2523 2407 2567 vota
2425 2518 2438 2567 i
2463 2531 2583 2569 cum

1513 2596 1613 2647 sibi
1645 2602 1701 2647 et
1735 2596 1913 2647 liberis
1945 2595 2058 2645 suis·
2084 2593 2441 2658 intelligerent
2464 2608 2584 2659 pre·

1509 2674 1639 2732 cari,
1676 2689 1792 2738 quse
1838 2686 1935 2736 pro
1975 2679 2030 2721 te
2071 2671 2451 2736 precarentur.’
2516 2670 2585 2722 Iu

1513 2749 1696 2800 codice
1717 2749 1980 2798 Vaticano
2009 2753 2065 2796 et
2087 2747 2348 2799 Patavino
2383 2746 2585 2809 pronis·

1512 2826 1643 2876 sima
1665 2822 1968 2875 confusione
1999 2837 2096 2888 pro
2129 2826 2308 2886 votum,
2329 2821 2585 2887 scriptum

1514 2909 1595 2954 est
1615 2907 1800 2952 notum.
1833 2901 2099 2951 Schwarz.

1515 3056 1636 3107 Nec
1672 3069 1808 3106 nova
1847 3070 1877 3103 a
1913 3060 1988 3115 te,
2020 3069 2053 3104 o
2083 3012 2317 3116 Jupiter,
2340 3053 2587 3115 petimus.

1516 3131 1865 3195 precibusque
1878 3129 2068 3179 nostris
2084 3127 2445 3191 efflagitamus.
2460 3128 2587 3178 Cus-

1518 3208 1776 3272 pinianus,
1790 3205 2079 3270 Gryphius,
2094 3212 2150 3254 et
2170 3203 2455 3255 sichardus
2475 3204 2586 3254 edi·

1517 3285 1641 3336 dere
1676 3285 1782 3335 Nec
1807 3298 1918 3334 vero
1953 3298 2126 3333 nocam
2158 3282 2249 3332 tibi
2290 3281 2589 3344 iniungimus

1512 3379 1695 3416 curam.
1761 3365 1940 3427 Prope
1959 3360 2147 3424 abfuit,
2167 3356 2228 3412 ut
2248 3362 2382 3411 hauc
2404 3361 2587 3411 lectio·

1517 3452 1636 3490 nem
1661 3438 2013 3502 admitterem,
2035 3453 2153 3489 cum
2176 3437 2397 3487 maxime
2421 3432 2475 3486 in
2499 3451 2587 3487 co-

1517 3516 1722 3567 dicibus
1746 3517 1875 3565 Mss.
1897 3515 2138 3570 Venetis,
2168 3513 2474 3578 Parisiepsi‚
2493 3513 2589 3564 Sas
2630 3558 2635 3562 .

1517 3592 1847 3656 lisburgensi,
1870 3596 1928 3640 et
1957 3590 2090 3640 libro
2112 3589 2391 3651 vossiano,
2421 3590 2587 3653 scrip·

1519 3676 1631 3721 tum
1676 3666 2112 3734 deprehenderim
2148 3680 2233 3715 nec
2271 3678 2380 3714 vero
2406 3674 2587 3712 novam

1517 3746 1611 3795 tihi
1665 3745 1977 3807 injungimus.
2047 3743 2120 3792 Τιι
2162 3741 2309 3804 enim,
2348 3740 2431 3802 ᾃσ.
2499 3737 2588 3791 lbi

1518 3821 1654 3871 enim
1677 3821 1999 3886 suspicabar,
2021 3817 2326 3868 vocabulum
2347 3829 2512 3865 curam
2533 3814 2588 3863 iu

1518 3898 1811 3962 antiquiore
1830 3895 2053 3963 quodam
2069 3893 2254 3945 codice
2267 3898 2482 3957 propter
2497 3905 2586 3941 ve·

1520 3982 1772 4026 tustetem
1827 3973 2140 4037 exolevisse,
2187 3977 2244 4021 ut
2285 3985 2316 4019 a
2358 3968 2585 4019 librariis
2638 3974 2645 3981 ‘

1517 4052 1937 4105 describentibus
1954 4051 2059 4115 legi
2075 4064 2176 4100 nou
2198 4046 2447 4113 potuerit.
2474 4044 2583 4095 Sed

1517 4134 1575 4180 et
1607 4135 1755 4179 recte
1788 4135 1930 4180 stare
1964 4133 2145 4194 potest
2171 4125 2329 4176 lectio
2354 4124 2583 4187 vulgata.

1518 4204 1672 4256 Idem.

1585 4282 1727 4331 Nova
1765 4282 1856 4331 tibi
1897 4280 2217 4346 iniungimus]
2269 4280 2455 4330 Novam
2491 4275 2589 4368 libi

1517 4357 1812 4422 inungimus
1834 4358 1895 4410 C.
1918 4359 1987 4410 G.
2017 4357 2182 4419 Lirin.
2576 4386 2583 4396 -
