3017 4942
744 412 810 459 c.
856 409 1100 460 pun-m
1146 405 1477 460 saeuum
1527 407 1805 459 nunc.
1880 408 1933 461 1.
1974 391 2086 460 39.

312 554 428 628 vita
447 552 618 619 posita
638 558 742 618 est,
764 555 954 620 sepius
971 554 1101 605 illud
1124 554 1378 619 cogitant,

313 632 440 697 quid
463 632 630 697 possit
651 633 717 695 is,
734 634 880 697 cujus
901 633 954 684 in
979 634 1180 684 ditione
1204 648 1265 683 ac
1285 648 1377 697 po·

315 715 517 758 testate
554 717 700 771 sunt5
732 723 884 775 quam
908 709 1032 775 quid
1073 710 1265 759 debeat
1298 709 1375 759 fa·

311 785 467 837 cere-²
567 787 674 837 Hic
730 786 1045 852 intelligitur
1106 788 1122 817 ⁸
1143 793 1379 851 potestas

309 861 526 927 patria‚’
561 877 677 926 quae
699 864 925 914 naturali
950 863 1155 914 ratione
1177 870 1259 913 est
1285 864 1375 927 jus

307 936 524 1002 utrique
550 938 756 1001 parenti
779 947 1078 1003 competens
1113 938 1166 987 iu
1200 952 1375 1002 perso·

308 1027 425 1070 nas,
447 1014 707 1077 actiones,
742 1024 801 1066 et
835 1016 971 1066 bona
999 1015 1298 1076 liberorum,
1320 1021 1377 1064 ut

310 1103 377 1141 eo
402 1089 715 1155 dirigantur,
752 1097 814 1142 ut
832 1092 1114 1143 liberorum
1151 1089 1376 1142 felicitas

309 1173 369 1217 et
410 1168 699 1218 communis
746 1165 954 1217 familia
998 1167 1377 1230 societatisque

307 1243 551 1296 humanm
597 1243 818 1306 utilitas,
873 1251 1198 1307 procuretur.
1298 1246 1378 1294 Ea

306 1317 426 1383 ipsa
448 1325 704 1383 potestas,
721 1321 1004 1373 secuudum
1028 1322 1172 1386 leges
1187 1321 1376 1372 Roma·

310 1409 429 1462 nas,
453 1410 556 1446 non
578 1397 743 1447 solum
766 1405 937 1448 morte
960 1399 1144 1463 patris,
1168 1398 1259 1449 sed
1277 1399 1379 1449 eti-

311 1484 395 1524 am
442 1472 671 1522 maxima
713 1480 772 1523 et
813 1473 987 1524 media
1039 1476 1378 1527 diminutione

309 1547 503 1612 capitis
560 1550 724 1612 patris
773 1551 858 1600 vel
915 1550 1043 1615 filiig
1121 1560 1380 1617 praeterea

311 1626 755 1689 emancipatione,
776 1633 832 1678 et
869 1627 1149 1692 adoptione
1184 1629 1252 1680 ab
1285 1629 1377 1679 ad·-

311 1701 610 1754 scendente
632 1701 795 1764 facta,
831 1705 1148 1756 solvebatur.
1212 1706 1380 1757 Justi·

310 1777 456 1828 nian.
499 1777 676 1829 Instit.
717 1780 820 1831 Tit.
865 1782 1048 1846 quibus
1092 1782 1259 1833 modis
1289 1785 1378 1847 jus

309 1855 503 1917 patriae
542 1857 826 1920 potestatis
864 1858 1104 1908 solvitur.
1183 1860 1380 1910 Secun-

314 1930 439 1981 dum
467 1945 595 1981 vero
608 1932 699 1996 jus
723 1941 948 1996 naturae,
971 1949 1034 1985 ea
1057 1935 1164 1985 dici
1204 1943 1382 2000 potest

311 2013 596 2071 perpetua,
620 2017 840 2074 propter
857 2011 1186 2063 indelebilem
1205 2021 1383 2079 pater-

313 2084 500 2136 nitatis
556 2087 917 2139 characterem
973 2096 1032 2141 et
1100 2106 1383 2155 perennem

311 2168 647 2226 paternorum
664 2164 968 2215 meritorum
993 2166 1385 2218 beneficiorum·

310 2253 416 2305 que
437 2238 707 2304 fructum3
739 2245 974 2306 quamvis
1007 2258 1132 2294 usus
1153 2254 1210 2295 et
1232 2259 1383 2296 exer-

314 2317 504 2372 citium
550 2319 661 2381 ejus
701 2322 982 2384 potestatis
1034 2336 1130 2386 pro
1179 2323 1383 2373 ratione

312 2394 433 2445 finis
458 2394 857 2449 determinetur.
890 2400 1068 2464 Certe,
1088 2415 1154 2450 ex
1165 2401 1381 2465 ,legibus

314 2473 653 2532 naturalihus
685 2475 972 2526 honestatis
995 2483 1053 2526 et
1088 2477 1287 2539 decori,
1320 2477 1382 2528 li·

315 2549 431 2600 beri
466 2563 678 2612 semper
710 2560 765 2601 et
788 2566 885 2617 per
906 2567 1108 2603 omnem
1148 2562 1382 2609 aetatem·

298 2626 523 2678 ³etiamsi
542 2642 573 2675 e
595 2625 791 2678 familia
812 2630 1034 2693 egressi,
1047 2630 1207 2680 etiam
1229 2644 1383 2694 gran-

314 2702 412 2755 des
452 2712 513 2754 et
547 2703 713 2754 adulti
742 2719 804 2756 ac
841 2713 992 2770 patre
1027 2706 1290 2772 digniores
1326 2715 1383 2760 et

312 2780 670 2845 potentiores,
704 2789 765 2833 ut
797 2791 945 2836 recte
968 2792 1145 2836 monet
1173 2786 1384 2851 Lipsius

315 2858 383 2909 ad
423 2858 479 2908 h.
522 2860 557 2909 Ι.
602 2860 966 2914 auctoritatem
1003 2870 1272 2923 pareutum
1302 2877 1385 2914 rs·

317 2937 491 2987 vereri
513 2935 732 2989 debent.
796 2937 914 2990 Qua
936 2938 1005 2987 de
1029 2953 1086 2988 re
1123 2940 1275 3004 plura
1296 2954 1383 2990 ex·

318 3013 465 3077 posui
509 3014 563 3062 iu
609 3013 962 3077 disputatione
995 3014 1065 3066 de
1105 3016 1384 3067 Limitihus

317 3088 549 3141 Pietatis
590 3090 892 3143 Liberorum
929 3106 1057 3157 erga
1107 3092 1388 3145 Parentes·

321 3166 572 3220 Samen.

328 3295 335 3300 .
372 3247 526 3299 ’θυι
561 3260 770 3299 xxxix.
832 3249 1100 3300 Abstulisse
1128 3249 1404 3314 vicesima]

320 3325 366 3377 1.
388 3340 440 3376 e.
463 3327 720 3378 exemisse
735 3328 1119 3387 vicesimae,aut
1139 3329 1389 3378 liberasse

318 3411 377 3454 et
401 3401 695 3456 vindicasse
719 3403 785 3453 ob
802 3417 963 3453 onere
984 3405 1262 3454 vicesimae.
1296 3404 1388 3455 Sic

320 3480 557 3546 loquitur
580 3480 779 3529 Plinius
812 3481 971 3530 etiam
1008 3480 1180 3543 Epist.
1203 3494 1281 3531 vt.
1305 3485 1389 3531 20.

329 3560 410 3610 11.
460 3558 477 3586 ⁸
505 3554 778 3620 effusoque
824 3569 982 3606 cursu
1023 3555 1260 3619 periculo
1303 3570 1390 3605 au·

322 3630 531 3690 fertur,'
565 3634 602 3683 i.
627 3647 674 3683 e.
700 3633 952 3684 liberatur
973 3648 1004 3681 a
1029 3632 1280 3700 periculo.
1314 3630 1390 3683 A·

318 3709 447 3763 liam
463 3717 783 3766 structuram
802 3710 959 3775 hujus
983 3711 1129 3760 verbi
1152 3709 1390 3775 sequitur

319 3787 502 3842 Plaut.
525 3790 580 3837 in
605 3788 750 3838 Asin.
773 3779 813 3837 r.
835 3790 885 3837 3.
909 3792 989 3836 11.
1007 3788 1187 3837 ‘Solus
1209 3787 1389 3837 solitu·

321 3862 441 3914 dine
488 3871 542 3913 te
573 3871 730 3928 atque
775 3864 844 3913 ah
882 3869 1118 3926 egestate
1156 3860 1391 3923 abstuli‚’

322 3942 359 3991 i.
380 3955 430 3992 e.
451 3940 675 3992 liberavi
699 3948 756 3990 et
779 3939 1038 3990 vindicavi
1080 3947 1133 3988 te
1157 3951 1189 3988 a
1209 3938 1390 3988 solitu-

321 4016 441 4069 dine
464 4026 522 4068 et
543 4024 801 4080 egestate.
867 4017 1164 4067 censentur
1185 4029 1311 4065 vero
1336 4015 1391 4065 in

324 4095 496 4159 primo
513 4094 839 4158 cognationis
862 4093 1047 4166 gradu,
1079 4099 1250 4157 pater,
1283 4105 1391 4142 ma-

325 4179 427 4234 ter,
450 4170 637 4234 liberi3
672 4171 728 4220 in
752 4169 982 4222 secundo
1004 4167 1188 4232 gradu,
1203 4166 1390 4225 frater.

324 4263 498 4321 amors
509 4262 652 4302 avus,
677 4246 812 4307 avia,
828 4247 1214 4310 neptismepos.
1249 4243 1392 4295 Vide

322 4324 458 4379 Jalii
490 4322 670 4378 Paulli
686 4324 935 4377 sentent.
958 4323 1182 4388 Recept.
1203 4320 1294 4394 lib.
1309 4334 1394 4374 tv.

2383 389 2518 460 665

1453 553 1539 605 tit.
1556 558 1636 605 11.
1658 553 1725 603 de
1748 552 2032 605 Gradibus.
2065 552 2222 604 Idem.

1515 633 1717 683 Exemit
1737 631 1979 696 cavitque]
2011 630 2122 682 Sub
2157 631 2312 680 finem
2339 632 2513 695 proxi·

1449 709 1520 759 sni
1543 709 1733 772 capitis
1755 708 2121 773 alloquebatur
2150 708 2355 759 Plinius
2381 723 2516 772 prae·

1448 793 1650 835 sentem
1673 785 1952 849 Trajanum
1970 801 1986 834 t
2020 790 2035 813 ‘
2052 786 2128 834 Tu
2149 786 2375 849 quidem,
2398 785 2516 835 cw-

1448 876 1552 918 sar.
1607 863 1750 912 illam
1808 861 2176 925 exceptionem
2212 859 2517 912 removisti.'

1449 938 1607 990 Nunc
1634 945 1882 1004 tanquam
1925 938 1990 987 de
2024 937 2244 987 ahsente
2282 937 2515 1002 loquitur

1449 1014 1502 1065 in
1548 1029 1769 1079 persona
1815 1015 1990 1065 tertia.
2071 1015 2337 1077 Suspicor,
2374 1015 2513 1065 illam

1450 1106 1687 1156 personne
1713 1094 2076 1153 mutationem,
2095 1106 2213 1157 quae
2236 1092 2516 1156 aliquoties

1450 1169 1504 1219 iu
1539 1171 1637 1219 hoc
1679 1170 2012 1234 Panegyrico
2047 1170 2291 1226 occurrit,
2327 1168 2518 1219 identi-

1450 1246 1570 1299 dem
1592 1246 1888 1312 profectam
1913 1261 2027 1297 esse
2044 1262 2075 1296 a
2092 1246 2250 1296 Plinii
2273 1243 2517 1311 frequen-

1452 1324 1493 1374 ti
1536 1322 1900 1374 emendatione
1936 1320 2185 1372 oratiouis
2218 1336 2357 1382 ωας
2392 1322 2516 1371 dum

1451 1400 1605 1450 modo
1627 1414 1694 1450 ex
1717 1414 1810 1449 suo
1832 1399 2061 1463 ingenio,
2078 1398 2229 1448 modo
2251 1413 2317 1448 ex
2341 1397 2519 1447 admo·

1451 1476 1652 1526 uitione
1692 1477 1991 1537 amicorum,
2046 1475 2347 1540 quibuscum
2400 1488 2515 1525 earn

1451 1551 1618 1615 ipsam
1636 1553 1925 1602 orationem
1943 1557 2066 1601 ante
2080 1551 2362 1600 editionem
2375 1564 2517 1599 corn·

1450 1628 1828 1689 manicarent,
1849 1627 2084 1691 quaedam
2119 1626 2353 1681 inseruit,
2376 1641 2517 1692 qum·

1453 1701 1574 1752 dam
1598 1703 1806 1760 demsit,
1824 1703 2083 1768 aliterque
2102 1702 2343 1753 mutavit.
2390 1704 2518 1753 Cer·

1454 1785 1526 1838 te,
1560 1780 1603 1829 si
1639 1781 1756 1846 quis
1788 1780 2070 1843 diligenter
2102 1779 2346 1829 attendat
2380 1780 2518 1829 iuter

1454 1856 1748 1922 legendum,
1770 1872 1870 1908 nou
1892 1858 2113 1908 obscura
2135 1856 2517 1906 sententiarum

1453 1934 1775 1998 quarundam
1797 1934 1943 1999 quasi
1961 1933 2276 1997 postliminio
2295 1936 2522 1983 interca·

1456 2011 1677 2061 latarum
1717 2011 1940 2073 vestigia
1977 2010 2355 2075 deprehendet.
2421 2009 2522 2060 Ce-

1458 2094 1654 2151 terum,
1676 2087 1942 2140 notandus
1975 2086 2060 2138 bic
2084 2094 2168 2137 est
2200 2102 2322 2137 usus
2344 2086 2519 2149 singu·

1456 2164 1583 2216 laris
1607 2164 1755 2215 verbi
1786 2165 1802 2194 ‘
1818 2162 2044 2229 cavere,'
2073 2161 2195 2214 du‘m
2214 2179 2329 2215 cum
2355 2165 2521 2227 parti-

1458 2243 1578 2292 cula
1619 2247 1676 2292 ιιι
1711 2248 2084 2299 constructum,
2119 2240 2313 2291 dicitur
2349 2240 2418 2291 de
2457 2239 2521 2291 iis

1458 2322 1548 2385 qui
1588 2320 1672 2370 vel
1712 2321 1829 2385 lege
1852 2320 1937 2370 vel
1970 2325 2286 2369 testamento
2323 2317 2521 2382 aliquid

1459 2398 1784 2449 constituunt
1820 2412 1883 2448 ac
1923 2396 2185 2446 sanciunt.
2267 2395 2355 2446 Sic
2396 2407 2521 2443 usus

1458 2482 1542 2526 est
1564 2475 1664 2524 hoc
1689 2473 1848 2523 verbo
1870 2474 2071 2528 Cicero,
2107 2485 2223 2521 cum
2262 2469 2328 2519 de
2366 2476 2521 2524 testa·

1457 2557 1633 2600 mento
1658 2550 1872 2615 Epicuri
1895 2549 2211 2614 loqueretur,
2226 2547 2342 2596 Pin.
2360 2559 2424 2595 ιι.
2438 2549 2524 2598 81-

1453 2630 1468 2658 ‘
1494 2628 1753 2690 Epicurus
1777 2659 1793 2674 .
1815 2660 1833 2678 .
1854 2659 1869 2675 .
1890 2633 1997 2674 tam
2025 2630 2270 2674 accurate
2310 2610 2522 2686 tamque

1459 2706 1747 2769 diligenter
1776 2709 1929 2753 cavet
1957 2708 2015 2751 et
2036 2699 2221 2762 sancit,
2257 2704 2318 2748 ut
2360 2697 2521 2762 Amy·

1457 2781 1738 2834 nonachus
1760 2787 1817 2829 et.
1830 2777 2171 2838 Timocrates,
2182 2773 2399 2824 heredes
2421 2774 2522 2835 sui,

1458 2860 1527 2911 de
1565 2857 1848 2910 Hermachi
1893 2854 2162 2906 sententia
2200 2851 2347 2914 dent,
2379 2852 2521 2916 quod

1458 2938 1587 2989 satis
1614 2936 1704 2992 sit,
1738 2934 1803 2984 ad
1836 2933 1975 2983 diem
2010 2929 2268 2994 agendum
2294 2929 2522 2978 natalem

1458 3029 1605 3065 suum
1625 3009 1941 3079 quotannis.’
2008 3009 2220 3060 Sueten.
2252 3004 2452 3057 Domit.
2474 3019 2526 3059 c.

1458 3096 1509 3143 ⁹.
1558 3094 1844 3154 ‘Legatum
1878 3087 2036 3138 etiam
2091 3099 2158 3135 ex
2206 3087 2525 3134 testamento

1459 3169 1618 3220 Rusci
1637 3166 1920 3232 Caepionis,
1936 3165 2022 3229 qui
2040 3168 2276 3222 caverat,
2290 3167 2349 3209 ut
2369 3165 2523 3223 quot·

1463 3246 1633 3303 annis,
1664 3240 2075 3306 ingredientibus
2094 3239 2291 3289 curiam
2315 3242 2526 3286 senato-

1462 3323 1624 3380 ribus,
1650 3328 1847 3371 certam
1877 3330 2125 3368 summam
2156 3314 2348 3364 viritim
2390 3325 2527 3377 prae·

1463 3406 1628 3451 staret
1643 3398 1802 3447 heres
1815 3409 1957 3450 suus,
1976 3394 2180 3443 irritum
2200 3388 2361 3441 fecit-⁹
2393 3389 2527 3439 Cur-

1464 3477 1570 3528 tius
1604 3487 1687 3524 vr.
1720 3477 1803 3523 ll.
1840 3475 1923 3521 20.
1956 3471 1972 3499 ‘
1998 3470 2138 3532 Lege
2175 3465 2524 3523 Macedonum

1462 3557 1671 3602 cautum
1694 3549 1758 3613 (i.
1778 3561 1829 3597 e.
1852 3542 2128 3607 sancitum)
2144 3550 2277 3602 erat,
2312 3546 2371 3589 ut
2403 3553 2525 3604 pro·-

1461 3628 1838 3695 pinquieorum
1865 3622 1954 3687 qui
1979 3620 2089 3683 regi
2114 3617 2341 3668 insidiati
2357 3620 2528 3671 erant,

1462 3719 1580 3758 cum
1624 3703 1748 3768 ipsis
1783 3694 2135 3751 necarentur!
2211 3693 2340 3756 lpse
2383 3691 2529 3740 Plin.

1462 3783 1635 3846 Epist.
1672 3793 1747 3830 vr.
1791 3782 1843 3828 4.
1886 3783 1902 3807 ⁸
1934 3775 2011 3826 At
2058 3774 2145 3823 ille
2186 3769 2527 3821 maudaverat

1462 3863 1800 3921 carentque,
1823 3860 1883 3902 ut
1912 3850 2139 3900 divinum
2183 3845 2309 3897 illud
2344 3853 2398 3895 et
2433 3845 2527 3894 im·

1461 3934 1683 3987 mortale
1716 3929 1912 3981 factum
1954 3926 2189 3977 versibus
2226 3922 2531 3976 inscribere·

1463 4009 1583 4063 tur:
1617 4010 1772 4059 Idam.

1530 4087 1631 4137 His
1649 4079 1853 4148 qaoque]
1887 4080 1952 4131 In
1987 4077 2253 4132 codicibus
2283 4077 2415 4127 Mss.
2433 4076 2526 4126 Sa·

1461 4161 1790 4224 lishurgensi‚
1820 4155 2145 4221 Guelpherb.
2180 4161 2237 4203 et
2271 4168 2528 4217 meo„pro

1464 4239 1587 4294 His,
1631 4236 1821 4300 legitur
1854 4234 1945 4286 Iis.
2026 4232 2162 4283 Haec
2207 4230 2532 4295 prenomina

1463 4315 1752 4382 snpissime
1775 4312 1914 4364 inter
1934 4324 1993 4361 se
2016 4307 2318 4377 permutari,
2334 4312 2530 4373 praeter
