3017 4942
782 453 849 501 o.
893 452 1142 503 rmuu
1190 451 1525 504 suenum
1553 453 1855 505 rauna.
1932 455 1988 505 1.
2032 438 2142 505 82.

347 591 568 643 terion-es
611 592 822 659 syllaba
867 595 922 646 iu
963 595 1183 658 quodam
1228 596 1409 648 codice

349 677 557 744 vetusto
579 673 918 735 exoleverint,
939 681 998 723 ut
1022 681 1224 724 tantum
1250 679 1409 724 truns-⁸

335 746 424 806 fre
462 748 564 812 legi
604 741 853 811 potuerit.
920 750 1093 801 Etiam
1130 752 1407 802 Rhenanus

348 823 512 872 edidit
535 823 797 884 transferre
806 840 829 882 ,-
860 825 952 874 sed
975 826 1028 875 in
1054 827 1284 889 margine
1317 841 1408 876 uo·

347 902 503 964 tavit,
526 904 652 953 alias
676 904 782 969 legi
798 905 1129 964 transfretare,
1144 907 1227 956 vel
1252 911 1410 956 trans.

343 977 436 1027 ire.
490 978 611 1029 Hoc
633 980 847 1030 verbum
869 982 1099 1039 transire,
1139 981 1275 1046 quod
1296 983 1408 1048 pla·

345 1053 634 1118 nissimum,
675 1063 733 1106 et
775 1057 894 1108 huic
942 1057 1017 1107 rei
1062 1064 1262 1108 tantum
1307 1073 1408 1109 non

344 1131 614 1194 proprium
665 1139 767 1195 est,
817 1141 1128 1199 receperunt
1185 1136 1407 1201 Lipsius,

345 1205 672 1272 Bernegger,
696 1209 950 1274 Hackius,
978 1212 1228 1269 Bannius,
1252 1213 1412 1263 Pata·

344 1283 651 1348 rol,‘Ceva,
698 1285 1000 1349 Gesnerus3
1044 1288 1203 1338 nihilo
1238 1289 1409 1340 minus

344 1359 557 1410 verbum
581 1364 898 1422 transfretare
931 1365 1155 1415 orationi
1181 1380 1406 1432 panegy-

343 1436 467 1486 ricae
491 1438 662 1501 aptius
676 1439 894 1502 judit-03
930 1441 1068 1505 quod
1091 1444 1323 1507 quamvis
1353 1445 1406 1494 in

341 1513 606 1564 codicibus
649 1517 782 1566 Μαι.
817 1518 904 1583 qui
948 1517 1071 1568 mihi
1115 1519 1407 1580 innotuere,

342 1604 445 1641 nou
501 1593 819 1652 inveniatur,
879 1595 955 1644 uti
996 1610 1095 1646 uec
1143 1597 1409 1649 iuvenitur

341 1671 551 1721 transire
563 1687 585 1730 ,-
607 1671 721 1736 jam
746 1679 918 1722 tamen
936 1673 1063 1723 illud
1093 1674 1293 1725 editum
1315 1692 1406 1742 ap-

341 1744 720 1813 probatamque
744 1755 825 1797 est
847 1763 878 1798 a
900 1749 1025 1799 viris
1047 1750 1269 1808 eximiis,
1304 1754 1406 1803 Ca·

342 1827 537 1879 tanaeo,
571 1822 728 1888 Aldo,
766 1824 951 1890 Juuta,
990 1827 1155 1878 tribus
1182 1829 1413 1892 stepha*

338 1897 440 1961 nis,
490 1899 747 1964 Gryphio,
808 1900 1078 1968 Ascensi0‚
1131 1907 1404 1972 Sicbardo,

341 1972 536 2036 Navio,
572 1975 829 2040 Liviueio,
865 1978 1188 2042 Boxbornio,
1235 1982 1403 2033 Cella·

337 2049 449 2112 rio,
478 2051 706 2117 Hearne,
738 2052 1039 2106 Arutzenio.
1120 2057 1242 2108 Nec
1288 2074 1405 2109 ver-

337 2125 459 2176 bum
488 2128 587 2178 hoc
613 2128 856 2181 abhorret
877 2131 944 2181 ab
966 2146 1062 2181 usu
1087 2133 1185 2183 sevi
1209 2134 1404 2185 Plinia-

337 2202 411 2251 ni.
476 2204 692 2256 sueton.
718 2206 852 2256 Caes.
871 2220 921 2258 c.
946 2212 1031 2259 84.
1063 2207 1082 2238 ‘
1103 2209 1403 2261 Secundum

337 2292 589 2343 superum
614 2294 757 2331 mare
779 2282 1132 2334 Brundusium
1156 2287 1409 2344 tetendit,

337 2368 440 2419 quo
463 2356 721 2418 consules,
738 2357 1143 2425 Pompeiusque,
1159 2360 1404 2426 confuge-

336 2438 474 2492 rant,
529 2434 907 2499 quamprimum
961 2435 1406 2489 transfretaturi.'

335 2508 476 2560 Geli.
521 2510 681 2565 Noct.
732 2511 903 2562 Attic.
948 2524 1006 2562 x.
1048 2517 1131 2563 26.
1184 2515 1404 2566 ‘Asinio

335 2584 585 2649 Pollioni,
621 2588 676 2636 in
714 2587 936 2652 quadam
975 2589 1216 2653 epistola,
1249 2606 1401 2656 quam

334 2660 400 2709 ad
426 2661 682 2713 Plancum
728 2664 959 2726 scripsit,
997 2672 1054 2714 et
1091 2666 1400 2730 quibusdam

336 2737 452 2789 aliia
477 2739 537 2789 C.
562 2739 798 2789 Sallustii
823 2740 1014 2805 iniquis
1038 2741 1251 2806 dignum
1277 2751 1404 2796 nota

332 2814 500 2865 visum
523 2823 626 2873 est.
663 2817 799 2882 quod
839 2817 892 2866 iu
933 2819 1102 2882 primo
1136 2819 1400 2871 Historia·

333 2904 470 2956 rum,
507 2893 660 2943 maris
704 2893 979 2944 transitum
1022 2896 1401 2947 transmissum-

331 2982 435 3032 que
491 2969 707 3020 navibus
776 2969 992 3031 factum,
1051 2977 1403 3036 transgressum

331 3046 652 3109 appellavit;
676 3061 890 3112 eosque,
910 3049 994 3112 qui
1016 3048 1207 3101 fretum
1232 3056 1400 3103 trans-

331 3125 606 3188 miserant,
648 3141 773 3190 qnos
812 3127 1146 3186 transfretasse
1178 3130 1284 3180 dici
1319 3146 1400 3183 so·

331 3201 482 3252 litum
528 3209 629 3265 est,
684 3209 1013 3266 transgressos
1057 3203 1230 3255 dixit!
1295 3208 1401 3257 Eu-

331 3280 536 3328 menius
576 3279 626 3327 iu
661 3278 926 3343 Panegyr.
963 3279 1239 3331 Constant.
1261 3281 1400 3347 Aug.

331 3368 384 3405 c.
409 3359 457 3405 7.
491 3363 507 3386 ‘
528 3354 609 3423 Ad
652 3363 854 3418 tempus
882 3355 1070 3419 ipsum,
1105 3371 1209 3420 quo
1247 3366 1403 3420 pater

329 3431 386 3481 in
437 3431 760 3480 Britanniam
803 3429 1217 3481 transfretabat!
1282 3435 1413 3485 Nec-

331 3522 415 3558 me
438 3516 670 3563 moratur
687 3507 920 3559 additum
936 3507 1072 3558 ›illud
1091 3523 1278 3560 nomeu
1288 3512 1397 3569 fre·

331 3589 417 3643 ta,·
469 3590 597 3649 quot
639 3583 776 3632 enim
819 3590 941 3632 sunt
988 3585 1148 3633 verba
1191 3595 1401 3649 neutra,

332 3676 449 3725 quae
487 3660 843 3711 accusativum
869 3666 1108 3723 cognatae
1132 3660 1390 3725 significa-

332 3737 506 3798 tionis,
539 3737 633 3789 vei*
664 3750 771 3786 sure
810 3735 1038 3798 originis,
1074 3736 1396 3788 admittunt?

330 3827 381 3863 v.
417 3828 477 3877 g.,
497 3812 709 3875 ‘jurare
749 3811 1073 3862 verissimum
1112 3813 1394 3876 pulcherri-

328 3903 577 3953 mumque
622 3888 1054 3952 jusjurandum,’
1119 3891 1134 3918 ‘
1168 3891 1395 3955 gaudere

330 3963 612 4029 gaudium‚'
645 3965 660 3992 ‘
679 3979 911 4029 pugnare
931 3967 1197 4030 pugnam,’
1229 3968 1246 3995 ‘
1268 3983 1397 4033 pug.

330 4055 455 4090 nare
475 4040 696 4106 praelia,’
712 4044 729 4072 ⁸
746 4034 996 4105 navigare
1013 4043 1226 4107 aequor,'
1247 4048 1262 4074 ‘
1278 4059 1399 4096 cur-‚

329 4132 450 4168 rere
472 4119 645 4180 viam,’
674 4124 732 4168 et
765 4118 868 4168 alie
901 4119 1106 4181 generis
1141 4121 1396 4185 ejusdem.

328 4195 499 4245 Putes
534 4193 776 4254 fortasse,
819 4195 1035 4245 verbum
1079 4198 1396 4259 transfretare

327 4285 483 4336 posse
508 4286 719 4336 prorsus
757 4271 958 4331 abesse,
977 4280 1035 4322 ut
1045 4272 1187 4333 freta
1203 4277 1396 4327 obstan·

328 4348 403 4399 tia
436 4348 598 4411 remis,
644 4354 1026 4405 connectantur
1065 4363 1183 4407 eum
1219 4354 1398 4418 verbo,

2375 438 2560 509 1003

1481 594 1738 647 donatore.
1804 596 1905 648 Sed
1930 597 2057 649 nihil
2079 603 2242 652 muto.
2283 599 2350 651 In
2367 600 2554 652 codice

1485 674 1889 737 salisburgensi,
1914 683 1970 724 et
1992 689 2130 739 meo,
2152 691 2250 727 nou
2278 677 2398 741 lego
2410 678 2550 739 freta

1482 750 1742 816 obstantia,
1765 750 1856 801 sed
1867 752 2009 812 freta
2029 754 2281 804 distantia.
2310 755 2550 806 Schwar-

1485 842 1613 877 zius.

1550 905 1689 954 Car.
1723 918 1947 958 nxxxn.
1992 905 2267 956 Dissimilis
2285 905 2387 971 illi]
2420 907 2549 958 Uni-

1485 993 1577 1030 cus
1612 981 1778 1031 codex
1815 981 2221 1046 salisburgensis
2258 997 2355 1048 pro
2388 983 2482 1045 illi,
2515 999 2552 1035 a

1485 1055 1652 1119 prima
1665 1072 1820 1107 manu
1838 1058 1997 1108 babet
2012 1058 2094 1108 ille
2105 1074 2126 1117 ,-
2146 1058 2556 1124 haudquaquam

1484 1131 1793 1182 inconcinne
1823 1149 1840 1196 3
1899 1142 2021 1183 tunc
2074 1135 2211 1185 enim
2266 1134 2550 1200 diceretur,

1487 1208 1734 1263 Quantum
1754 1209 2007 1259 dissimilis
2025 1210 2124 1268 ille,
2147 1211 2349 1261 scilicet
2370 1212 2550 1261 Domi·

1485 1284 1656 1333 tianus
1679 1284 1782 1334 fuit
1803 1286 2059 1350 Trojano!
2120 1288 2202 1336 Ex
2225 1289 2435 1351 vulgata
2458 1302 2550 1338 au-

1482 1366 1592 1412 tem
1617 1362 1843 1412 lectione
1877 1363 2183 1413 invertenda
2216 1370 2294 1413 est
2318 1365 2548 1428 explica-

1484 1437 1577 1494 tio,
1601 1439 1849 1495 Quantum
1883 1439 2132 1489 dissimilis
2166 1446 2248 1490 eat
2287 1440 2548 1504 Trajauua

1480 1514 1575 1574 ini,
1614 1516 1818 1566 seilicet
1857 1516 2191 1577 Domitiano;
2225 1515 2313 1581 qui
2354 1531 2547 1582 nempe

1481 1592 1665 1654 palluit
1699 1601 1862 1657 metu,
1896 1608 2013 1643 cum
2050 1592 2133 1642 vel
2169 1592 2545 1658 placidissimus

1479 1666 1673 1717 Albani
1707 1668 1996 1733 Baianique
2041 1669 2185 1718 lacus
2220 1682 2380 1734 aquas
2412 1682 2559 1719 nave⁴

1482 1747 1765 1797 transiret!
1810 1746 1964 1796 Idem.

1544 1823 1728 1872 Albani
1770 1821 1925 1884 locus]
1958 1822 2117 1873 Lacus
2155 1821 2347 1873 dicitur
2391 1835 2545 1872 omne

1479 1906 1750 1963 perpetua»
1770 1907 1826 1947 et
1848 1912 1948 1948 nou
1961 1895 2173 1948 fluentis
2193 1910 2342 1961 aquae
2366 1912 2548 1962 recep-

1479 1976 1726 2024 taculum.
1795 1974 1966 2024 Varro
1998 1973 2063 2022 de
2100 1972 2300 2038 Lingua
2323 1973 2442 2024 Lat.
2464 1987 2546 2024 lv.

1477 2056 1530 2101 5.
1562 2053 1791 2113 ‘Lacus‚
1832 2052 2012 2105 lacuna
2050 2064 2253 2114 magna,
2297 2048 2544 2114 ubiequa

1478 2128 1736 2179 contineri
1761 2126 1978 2192 potest.'
2045 2125 2109 2175 In
2140 2139 2351 2176 nemore
2382 2124 2546 2175 Alba-

1470 2219 1549 2255 ·no
1591 2205 1827 2255 Albanus
1866 2205 2013 2254 lacus
2046 2202 2166 2267 fuit,
2205 2203 2353 2267 cujus
2394 2217 2546 2268 aquae

1478 2282 1867 2332 intumescentis
1921 2278 2158 2344 prodigio
2206 2279 2352 2342 capti
2403 2279 2575 2341 Veii,v

1479 2364 1638 2422 prout
1680 2364 1861 2408 narrat
1905 2357 2019 2407 Liv-
2058 2370 2116 2407 v.
2152 2360 2234 2406 19.
2296 2356 2548 2406 Meminit

1477 2435 1633 2500 hujus
1669 2436 1916 2500 Propert.
1938 2449 2028 2484 nt.
2049 2439 2136 2487 21.
2164 2434 2180 2463 ‘
2197 2433 2431 2483 Albanus
2468 2435 2543 2483 la·

1478 2528 1591 2574 cus,
1626 2520 1683 2564 et
1718 2514 1846 2564 socii
1886 2511 2227 2565 Nemorensis
2265 2509 2332 2560 ab
2371 2509 2547 2560 unda.'

1478 2590 1717 2656 Uterque
1738 2591 1874 2640 euim
1899 2591 2061 2649 lacus,
2086 2587 2335 2650 Albanus,
2352 2594 2408 2636 et
2430 2587 2482 2636 N
2488 2600 2546 2636 e·

1475 2667 1745 2730 morensis,
1780 2667 1885 2732 qui,
1923 2673 2136 2715 auctore
2159 2663 2362 2724 Servio,
2391 2676 2546 2712 voca-

1477 2749 1563 2792 tus
1594 2749 1677 2792 est
1712 2742 1991 2806 Speculum
2017 2741 2228 2803 Dianae,
2267 2738 2335 2789 ab
2358 2737 2541 2788 iisdem

1475 2820 1657 2868 extitit
1697 2817 1946 2879 fontibus,
2005 2823 2065 2866 ut
2110 2815 2265 2865 docet
2305 2814 2543 2877 Scaliger

1474 2895 1543 2945 ad
1579 2897 1829 2960 Propert.
1895 2893 2037 2944 Vide
2074 2890 2309 2942 Pataroli
2340 2898 2542 2945 notam*

1539 3047 1724 3098 Albani
1745 3047 1897 3111 loeus]
1923 3045 2028 3096 Hic
2051 3054 2167 3096 erat
2188 3044 2252 3095 ad
2277 3042 2544 3097 Albanum

1475 3131 1724 3185 montem,
1742 3130 1880 3172 teste
1900 3120 2077 3172 strab-⁸
2095 3121 2185 3172 lib.
2209 3136 2263 3172 v.
2300 3121 2542 3184 Uterque

1474 3217 1621 3252 mous
1646 3209 1701 3252 et
1737 3202 1901 3265 lacus,
1924 3213 2112 3250 nomen
2146 3198 2333 3253 retulit
2355 3197 2422 3249 ab
2448 3197 2542 3247 Ai-

1475 3279 1562 3336 ba,
1593 3277 1770 3341 opido,
1805 3277 1873 3327 ab
1909 3277 2037 3327 urbe
2077 3275 2261 3340 procul
2284 3274 2541 3325 milliariis

1474 3356 1687 3406 circiter
1740 3359 1821 3406 12.
1876 3352 2161 3403 secundum
2213 3351 2539 3415 Eutropium.

1476 3432 1806 3482 Domitianus
1844 3429 1918 3479 ibi
1941 3442 2219 3484 secessum,
2254 3433 2270 3456 ⁶
2292 3433 2538 3491 tanquam

1474 3508 1648 3557 arcem
1693 3488 1916 3570 aliquam
1957 3502 2229 3568 elegerat:
2261 3516 2362 3565 qno
2394 3516 2538 3551 max·

1476 3583 1579 3633 ime
1628 3581 2015 3649 delectabatur,
2059 3587 2198 3629 teste
2241 3578 2436 3634 Dione,
2480 3583 2542 3629 et

1474 3661 1689 3710 Sueton.
1720 3675 1770 3709 c.
1788 3663 1839 3709 4.
1862 3667 1914 3708 et
1940 3661 2030 3711 19„
2087 3657 2172 3706 Ibi
2200 3656 2540 3719 quinquatria.

1471 3738 1727 3787 Minervae
1750 3735 2057 3791 celebravit,
2088 3747 2248 3796 seque
2285 3735 2539 3796 sagittan-

1470 3813 1527 3862 di
1551 3814 1725 3862 studio
1748 3812 2003 3862 exercuit.
2067 3811 2253 3860 Testes
2278 3809 2459 3872 iidem,
2483 3815 2540 3860 et

1469 3891 1705 3940 Martial.
1735 3904 1785 3939 v.
1808 3895 1857 3939 1.
1891 3888 2112 3938 Putat-ol.

1536 3965 1836 4029 Baianique]
1869 3964 2099 4013 Baianus
2125 3963 2286 4019 lacus,
2316 3976 2406 4010 seu
2433 3962 2539 4012 Lu-

1470 4045 1666 4107 crinus,
1691 4043 1743 4092 in
1781 4042 2028 4092 interiore
2050 4039 2238 4102 angulo
2261 4039 2448 4088 Baiani
2472 4041 2550 4091 si·‚

1469 4137 1586 4184 uus,
1608 4121 1696 4186 qui
1717 4134 1853 4169 nunc
1879 4118 2025 4177 Golfo
2046 4118 2100 4167 di
2123 4118 2373 4178 Pozzuolo,
2391 4118 2540 4168 Baiis

1470 4198 1751 4262 contiguus
1790 4206 1925 4253 erat,
1965 4201 2105 4247 teste
2139 4194 2315 4244 Strab.
2351 4195 2442 4244 lib.
2482 4210 2538 4248 V.

1473 4275 1734 4332 Delicatis
1771 4273 2002 4339 piscibus
2026 4270 2360 4333 abundabat;
2394 4286 2533 4322 utine

1470 4367 1574 4439 uqu
1599 4351 1696 4402 uisi
1735 4344 1883 4417 palus
1917 4355 2020 4408 est.
2043 4347 2332 4415 deperditis
2367 4352 2538 4425 aquisg
