3017 4942
471 342 604 410 694

474 504 620 555 velut
641 504 813 553 Muta
850 508 907 553 et
931 502 1180 568 absorpta
1202 502 1288 568 (nt
1313 502 1540 567 piscibus

473 580 642 644 hami)
687 580 905 644 privatis
941 579 1297 646 facultatibus,
1334 580 1541 631 iisdem·

475 673 578 723 que
618 657 850 721 implicita
883 663 937 707 et
975 658 1189 719 innexa,
1221 663 1279 707 ut
1316 656 1442 707 feris
1468 658 1542 708 la-

474 734 640 799 quei,
625 749 639 762 ·
701 734 977 783 trabuntur
1020 747 1122 782 una
1164 748 1283 783 cum
1325 734 1435 783 istis
1475 734 1541 783 ad

476 810 784 874 principem,
809 809 986 873 specie
1018 809 1104 859 illa
1128 809 1498 874 gratitudinis
1486 824 1541 860 ιιι

478 885 826 936 testamentis.
846 885 997 953 Lips.

540 963 759 1026 Honesta]
783 963 965 1011 Malim
1002 977 1100 1023 ego
1125 962 1294 1011 lia-sm
1316 967 1364 1011 et
1385 961 1543 1024 inpli-

474 1045 587 1089 cata
627 1037 746 1107 (nrt
771 1033 949 1097 fiunti
985 1027 1144 1099 visuh
1188 1033 1517 1100 acathium
1520 1040 1544 1104 )

422 1139 426 1144 ·
477 1116 614 1166 Nam
645 1119 913 1170 ‘haurire’
947 1121 1164 1184 respicit
1199 1121 1265 1170 ad
1294 1129 1436 1171 retro
1457 1135 1541 1171 re-

472 1190 638 1243 ferre.
678 1196 826 1246 Rern.

538 1272 819 1336 Inplicata]
845 1272 1191 1335 Multiplices«.
1218 1273 1432 1337 Legitur
1448 1274 1540 1323 ali-

475 1361 529 1396 as
556 1347 837 1411 implicata3
870 1356 928 1399 ut
956 1348 1096 1399 forte
1123 1350 1395 1411 scripserit
1419 1364 1540 1400 auc·

478 1430 583 1487 tor,
622 1426 772 1476 velati
806 1433 950 1477 aucta
989 1432 1035 1476 et
1069 1427 1361 1492 umplficutu
1392 1432 1543 1477 retro.

476 1501 659 1553 Grut-

476 1607 481 1612 ·
541 1579 739 1630 Haasta
753 1586 800 1631 et
814 1581 1080 1646 implicata]
1102 1581 1260 1632 Varie
1278 1581 1361 1631 hic
1377 1583 1543 1647 locus,

472 1661 529 1703 et
539 1657 782 1721 scriptus,
801 1665 854 1708 et
870 1672 901 1707 a
916 1658 1540 1710 commentatoribns'ten·

477 1740 643 1795 tatus,
665 1736 946 1797 reperitur.
1013 1736 1212 1784 Omnes
1236 1736 1349 1786 libri
1375 1739 1540 1800 scrip-

474 1809 516 1857 ti
540 1818 699 1874 atque
739 1812 997 1875 impressi,
1032 1813 1217 1877 quibus
1252 1827 1372 1863 usus
1408 1828 1538 1871 sum,

472 1886 707 1949 produnt
735 1887 945 1947 liaustu
978 1889 1116 1954 quod
1163 1904 1284 1939 vero
1318 1891 1539 1940 vocabu-

472 1962 580 2012 lum
604 1963 812 2027 Lipsius
852 1965 1057 2028 putavit
1091 1966 1143 2014 in
1170 1971 1313 2015 nacta
1335 1976 1541 2018 mutan-

473 2038 630 2089 dum:
667 2049 783 2105 quoe
825 2042 1130 2104 conjectura
1174 2044 1328 2092 etiam
1365 2044 1541 2094 arrisit

472 2115 708 2166 Lirineio
753 2126 810 2168 et
852 2119 1103 2182 Grutero,
1158 2120 1444 2185 eademqne
1486 2123 1540 2171 in

475 2190 713 2241 Vossiani
737 2193 853 2243 libri
888 2194 1120 2259 margine
1149 2205 1398 2247 annotata
1419 2206 1539 2260 est;

474 2267 614 2317 auin
638 2268 819 2319 codice
844 2270 1064 2335 quodam
1090 2273 1192 2322 Ms.
1214 2281 1425 2337 reperta
1447 2275 1540 2331 sit,

478 2343 660 2395 dicere
682 2360 781 2396 non
807 2346 989 2397 babeo.
1065 2349 1192 2399 Meo
1217 2358 1388 2401 autem
1412 2367 1538 2416 qna-

471 2420 716 2485 licuuque
753 2423 957 2486 jtuiicio
1003 2433 1148 2475 recte
1189 2428 1355 2477 locum
1391 2433 1537 2478 su'um

474 2503 654 2548 tuetur
679 2514 776 2549 vox
792 2501 984 2551 liaustu.
1056 2503 1309 2565 Equidem
1335 2505 1537 2556 Plinius

471 2573 650 2638 Major
705 2588 785 2625 lx.
826 2581 912 2627 63.
967 2578 1062 2640 ait,
1110 2582 1125 2607 ‘
1146 2580 1538 2644 scolopendras,

471 2649 624 2701 bamo
647 2651 917 2710 devorato,
942 2656 1109 2705 omnia
1133 2656 1398 2707 interanea
1418 2652 1542 2708 evo-⁸

469 2735 638 2792 munt,
653 2729 819 2780 donec
843 2730 1047 2781 hamum
1072 2741 1320 2796 egerant3
1347 2733 1538 2785 deiude

471 2807 747 2858 resorbeut
774 2806 817 2858 ε’
850 2816 1045 2873 tamen,
1084 2826 1178 2875 pro
1212 2812 1540 2870 ‘devorare‚’

477 2883 636 2936 etiam
681 2885 893 2935 verbum
935 2886 1209 2937 ‘haurire'
1243 2889 1413 2938 locum
1449 2890 1540 2937 ba-

469 2959 595 3010 bere
621 2969 811 3025 potest.
875 2962 963 3013 Sic
987 2964 1186 3015 Colum.
1208 2980 1336 3015 vur-
1362 2971 1441 3017 17.
1458 2971 1540 3016 ll.

467 3039 485 3066 ⁸
509 3037 776 3089 Hauriunt
829 3040 998 3102 pisces
1049 3041 1258 3102 quidem
1306 3044 1536 3107 integros

470 3112 656 3164 cibos.’
724 3115 796 3164 Et
820 3114 990 3165 eidem
1015 3115 1190 3166 Plinio
1224 3118 1420 3181 Majori
1446 3133 1535 3172 ιιι.

470 3192 554 3238 12.
576 3195 631 3239 et
652 3203 707 3238 v.
729 3192 812 3240 sl.
843 3190 859 3217 ‘
879 3190 1038 3254 opida
1060 3194 1186 3243 mari
1208 3194 1393 3245 hausta
1410 3196 1425 3218 ’
1455 3196 1533 3246 di·

470 3272 680 3317 cuntur.
747 3266 853 3316 Pro
896 3267 1064 3318 altera
1102 3284 1230 3321 voce
1272 3269 1535 3337 implicatu,

469 3341 690 3404 legimus
713 3340 1030 3405 multiplicata
1052 3344 1101 3394 in
1132 3347 1402 3398 codicibus
1427 3351 1535 3399 Va-

470 3417 678 3481 ticanis,
703 3419 1002 3483 Parisiensi,
1036 3422 1454 3490 Salisbtirgensi‚·
1478 3435 1535 3476 et

470 3494 973 3560 Guelpherbytauo3
1009 3514 1125 3564 quae
1166 3501 1318 3551 lectio
1356 3504 1535 3567 utique

469 3573 628 3622 etiam
654 3588 685 3622 a
707 3574 936 3637 plurimis
963 3576 1248 3626 editoribus
1283 3586 1367 3628 est
1391 3580 1533 3629 evul-

467 3655 615 3712 gata:
674 3649 934 3701 Gruterus
957 3652 1165 3717 quidem
1205 3655 1256 3702 in
1282 3661 1532 3707 contextu

468 3724 713 3776 editionis
750 3742 857 3777 suae
882 3728 1112 3791 prodidit
1135 3731 1306 3781 haustu
1333 3738 1383 3782 et
1412 3736 1533 3783 mul·

467 3801 719 3862 tiplicata5
754 3811 808 3854 at
841 3805 893 3853 in
928 3806 1065 3855 notis
1093 3807 1253 3867 magis
1291 3809 1534 3870 probavit

467 3882 611 3925 aucta
629 3883 675 3927 et
697 3881 1004 3945 amplificata.
1058 3882 1251 3930 Verum
1277 3883 1389 3932 haec
1415 3900 1530 3948 pos·

468 3952 631 4002 terior
652 3957 908 4005 correctio
931 3956 1025 4005 soli
1061 3956 1297 4006 debetur.
1323 3959 1531 4022 ingenio
1567 3983 1570 3984 ⁷

469 4028 891 4091 etconJecturae,
907 4045 1078 4099 neque
1103 4033 1346 4095 praesidio
1370 4035 1529 4085 alicu-

461 4106 547 4168 jus
572 4108 763 4157 veteris
785 4109 980 4158 codicis
1015 4117 1106 4160 snt
1141 4111 1384 4164 editionis
1421 4131 1531 4166 mn-

469 4182 628 4232 nitnr.
691 4184 809 4233 Vox
848 4186 1112 4248 implicata,
1143 4204 1292 4253 quam
1333 4194 1533 4256 recepi,

469 4264 617 4307 extat
650 4258 700 4308 in
732 4258 911 4311 codice
948 4262 1174 4329 Veneto,
1204 4257 1261 4317 et
1300 4268 1353 4319 in
1394 4269 1529 4321 libro

1173 358 1393 407 No'rAE.
1446 359 1851 409 vammum
1905 361 1982 409 m

1618 503 1871 552 vossiano
1892 520 1907 565 ς
1942 502 2228 574 eademque
2241 503 2352 567 jam
2374 502 2522 553 edita
2548 508 2633 553 est
2656 516 2688 553 a

1616 579 1821 631 Jacobo
1839 581 1917 630 De
1942 582 1992 630 la
2009 582 2209 638 Batine,
2224 589 2276 630 et
2302 582 2558 631 Gesnero.
2579 583 2687 631 Pro

1615 657 1714 707 ltac
1750 657 1909 707 habet
1952 657 2188 720 implicita
2232 658 2481 717 Patarol;
2530 672 2687 722 quam

1616 736 1930 798 scripturam
1953 737 2123 786 etiam
2162 736 2455 800 Gryphius,
2477 736 2692 785 sichar·

1617 811 1734 870 dus,
1751 821 1805 861 et
1831 812 2065 874 Bivium,
2082 813 2134 862 in
2155 828 2248 862 ora
2263 812 2554 863 editionum
2573 826 2690 860 sua-

1616 901 1750 948 rum,
1773 903 1835 937 ac
1860 890 2114 939 Gruterus
2148 889 2199 937 iu
2223 888 2357 938 notis
2377 889 2505 948 suis,
2527 901 2689 936 anno-⁵

1618 970 1814 1013 tarunt.
1883 965 2022 1015 Num
2040 971 2214 1014 autem
2252 965 2397 1025 legas
2418 963 2687 1027 implicata,

1617 1055 1683 1090 an
1725 1042 1980 1105 implicita,
2017 1041 2145 1091 nihil
2188 1042 2441 1101 interest3
2489 1040 2688 1088 utravis

1618 1117 1756 1166 enim
1777 1116 1946 1166 forma
1967 1122 2187 1168 utuntur
2221 1115 2458 1179 probatae
2486 1116 2690 1165 Latini·

1584 1189 1591 1200 '
1617 1195 1744 1244 tatis
1765 1203 2028 1244 auctores.
2072 1194 2399 1256 Quamquam
2425 1206 2551 1240 vero
2580 1191 2691 1240 Pli-

1615 1273 1730 1322 nius
1754 1280 1934 1322 nester
1956 1273 2005 1321 iu
2030 1272 2289 1335 epistolis,
2308 1279 2561 1334 quantum
2582 1284 2689 1319 rne-

1615 1349 1761 1407 mini,
1821 1364 2031 1412 semper
2075 1347 2306 1411 prodidit
2344 1347 2688 1411 participium

1615 1425 1910 1490 implicitum,-
1935 1426 2045 1489 jam
2081 1433 2255 1475 tamen
2294 1425 2491 1474 retinui
2524 1424 2688 1487 impli-

1614 1507 1741 1565 catu,
1764 1516 1829 1550 ex
1856 1501 2039 1551 codice
2064 1502 2165 1551 Ms.
2188 1502 2263 1550 uti
2289 1500 2417 1561 dixi,
2454 1501 2688 1565 Veneto,

1616 1587 1674 1629 et
1695 1579 1826 1629 libro
1847 1579 2121 1630 vossiano.
2153 1578 2248 1627 Cui
2273 1578 2549 1641 scripturas
2566 1587 2693 1641 quo·

1615 1655 1889 1704 dammodo
1920 1656 2077 1705 etiam
2102 1654 2359 1703 succurrit
2384 1652 2690 1702 terminatio

1616 1734 1832 1782 alterins
1874 1731 2135 1794 lectionis,
2169 1731 2490 1793 multiplicata
2507 1745 2530 1788 ,·
2568 1744 2687 1795 quae

1616 1823 1682 1858 ex
1720 1810 1807 1858 illa
1849 1817 1963 1858 orta
2000 1810 2054 1859 in
2098 1814 2182 1857 tot
2214 1808 2363 1857 libris
2400 1805 2692 1856 invenitur,

1614 1884 1873 1950 Equidem
1912 1885 2289 1950 aliquantisper
2333 1883 2598 1946 baesitavi,
2627 1897 2690 1931 u-

1617 1968 1754 2011 trum
1776 1962 2111 2025 multiplicata,
2142 1976 2207 2010 an
2230 1961 2475 2024 implicata
2496 1959 2690 2010 admit·

1615 2044 1801 2088 terem.
1865 2038 2107 2088 Antehac
2146 2038 2358 2102 pronior
2388 2036 2592 2088 fueram
2618 2036 2688 2085 ad

1599 2108 2030 2179 'amplectendam
2062 2129 2241 2165 vocem
2278 2114 2501 2178 priorem
2522 2114 2689 2163 malti·

1610 2194 1822 2258 plicam,-
1856 2208 1994 2243 nunc
2028 2191 2181 2242 alteri
2225 2193 2392 2242 locum
2429 2191 2688 2243 concessi.

1614 2269 1736 2319 Huc
1759 2270 2081 2334 potissimum
2124 2284 2206 2319 rue
2239 2269 2689 2333 induxitcompa·

1616 2348 1770 2409 ratio,
1791 2362 1894 2411 qua
1916 2362 2037 2397 usus
2062 2353 2143 2396 est
2168 2347 2396 2410 Plinius,
2430 2353 2486 2396 et
2526 2361 2687 2410 quam

1614 2422 1819 2486 Lipsius
1857 2438 1918 2473 ac
1956 2423 2225 2475 Gesner-us
2275 2424 2407 2472 bene
2446 2422 2684 2487 explic‘a·

1615 2506 1755 2552 runt.
1785 2501 2000 2551 Scilicet
2026 2500 2227 2550 Plinius
2248 2507 2519 2563 comparat
2546 2500 2687 2550 dona

1614 2568 1874 2629 Caesarum
1900 2591 2171 2628 avarorum
2209 2577 2372 2628 hamis
2389 2582 2445 2625 et
2468 2577 2687 2641 laqueis,

1611 2654 1797 2719 quibus
1821 2654 2122 2704 inescantur
2158 2660 2213 2702 et
2252 2653 2538 2717 capiuntur
2576 2654 2682 2716 pis·

1612 2747 1700 2783 ces
1722 2748 1784 2783 ac
1808 2732 1951 2782 ferae.
2015 2731 2183 2780 Sicuti
2219 2730 2380 2793 igitur
2401 2730 2540 2779 hami
2565 2743 2683 2781 cum

1612 2825 1734 2861 esca
1752 2812 2059 2860 hauriuntur
2081 2818 2138 2859 et
2162 2809 2505 2859 absorbentur
2529 2823 2561 2857 a
2581 2808 2684 2870 pis·

1613 2886 1780 2944 cibus,
1808 2901 1924 2937 cum
1960 2886 2151 2936 damno
2181 2886 2395 2946 hornm;
2428 2899 2492 2934 ac
2522 2883 2683 2935 sicuti

1611 2962 1808 3028 laqueis
1841 2970 1896 3012 et
1921 2963 2121 3013 retibus
2143 2962 2384 3011 similiter
2406 2961 2683 3023 implican-

1611 3045 1697 3089 tur
1736 3048 1791 3090 et
1827 3040 2164 3089 innectuntur
2200 3038 2388 3103 pisces,
2426 3045 2518 3086 aut
2556 3051 2684 3087 aves

1609 3123 1668 3166 et
1704 3115 1855 3178 ferae,
1886 3127 1944 3166 ut
1984 3131 2083 3164 una
2117 3130 2232 3165 cnm
2272 3114 2433 3164 hamis
2455 3111 2684 3179 laqueis·

1607 3207 1709 3257 que
1753 3193 2095 3242 extrahantur
2137 3199 2191 3241 et
2239 3191 2548 3254 capiantur;
2610 3191 2683 3240 ita

1608 3284 1825 3321 munera
1862 3285 2131 3319 avarorum
2169 3268 2465 3333 principum
2490 3268 2685 3318 similia

1567 3353 1570 3358 ’
1609 3355 1732 3396 sunt
1768 3345 2056 3410 htijusmodi
2104 3344 2267 3393 hamis
2316 3353 2371 3393 et
2413 3343 2681 3407 piscibus3

1608 3422 1731 3473 dum
1774 3422 1967 3471 hauriri
2010 3421 2221 3486 quidem
2266 3435 2297 3469 a
2339 3418 2680 3471 facultatibus

1610 3505 1949 3568 privatorum,
1991 3511 2048 3553 et
2082 3503 2162 3552 liis
2198 3502 2456 3565 implicari
2497 3502 2682 3552 viden-

1609 3590 1729 3641 tur;
1767 3581 1858 3631 sed
1884 3582 1959 3630 ita
1984 3586 2177 3636 tamen,
2216 3585 2275 3627 ut
2296 3577 2371 3627 sic
2393 3578 2594 3635 hausta,
2625 3586 2682 3629 et

1606 3657 1682 3707 his
1705 3658 1827 3720 ipsis
1867 3655 2206 3705 facultatibus
2240 3654 2507 3717 implicata,
2544 3651 2683 3704 refe·

1606 3742 1790 3784 rantur
1806 3733 1872 3781 ad
1889 3731 2099 3782 eosdem
2127 3731 2412 3795 principes,
2426 3738 2684 3797 tauquam

1606 3818 1903 3875 captatores
1956 3808 2384 3873 patrimoniorum
2443 3809 2682 3871 privato·

1608 3903 1740 3937 rum.
1808 3886 1960 3938 Adeo
2000 3885 2334 3949 participium
2379 3886 2682 3949 implicaturis

1607 3977 1858 4028 perquam
1879 3963 2328 4013 accommodatum
2361 3969 2444 4011 est
2466 3963 2532 4013 ad
2560 3977 2682 4013 con·

1608 4039 1908 4091 tiuuandam
1953 4038 2334 4103 metaphoram,
2379 4055 2411 4089 a
2455 4048 2684 4105 captura

1605 4117 1824 4182 piscium
1846 4114 2176 4179 ferarumque
2200 4117 2443 4180 petitam.
2513 4117 2579 4167 Id
2605 4119 2684 4167 lu·

1605 4195 1840 4243 cnlenter
1861 4192 2169 4255 comprobat
2206 4193 2351 4243 locus
2386 4195 2500 4245 Cic.
2527 4196 2686 4246 Orat.

1561 4331 1570 4339 ‚
1605 4271 1671 4321 de
1709 4270 1939 4335 Haruspx
1975 4270 2134 4335 Resp.
2170 4284 2290 4336 cap.
2309 4273 2360 4321 4.
2391 4271 2483 4321 ‘Si
2519 4273 2680 4323 etiam
