<?xml version="1.0" encoding="UTF-8"?>
<!DOCTYPE html PUBLIC "-//W3C//DTD XHTML 1.0 Transitional//EN"
    "http://www.w3.org/TR/xhtml1/DTD/xhtml1-transitional.dtd">
<html xmlns="http://www.w3.org/1999/xhtml" xml:lang="en" lang="en">
 <head>
  <title>
</title>
<meta http-equiv="Content-Type" content="text/html;charset=utf-8" />
  <meta name='ocr-system' content='tesseract 3.04.00' />
  <meta name='ocr-capabilities' content='ocr_page ocr_carea ocr_par ocr_line ocrx_word'/>
</head>
<body>
  <div class='ocr_page' id='page_1' title='image "./panegyriciveter01unkngoog_0672.png"; bbox 0 0 3017 4942; ppageno 0'>
   <div class='ocr_carea' id='block_1_1' title="bbox 493 374 670 449">
    <p class='ocr_par' dir='ltr' id='par_1_1' title="bbox 493 374 670 449">
     <span class='ocr_line' id='line_1_1' title="bbox 493 374 670 449; baseline 0.006 -1"><span class='ocrx_word' id='word_1_1' title='bbox 493 374 670 449; x_wconf 77' lang='lat'>1052</span> 
     </span>
    </p>
   </div>
   <div class='ocr_carea' id='block_1_2' title="bbox 489 537 1562 1820">
    <p class='ocr_par' dir='ltr' id='par_1_2' title="bbox 489 537 1562 1820">
     <span class='ocr_line' id='line_1_2' title="bbox 495 537 1562 604; baseline -0.006 -11"><span class='ocrx_word' id='word_1_2' title='bbox 495 539 739 593; x_wconf 77' lang='lat' dir='ltr'><strong>membris</strong></span> <span class='ocrx_word' id='word_1_3' title='bbox 772 544 946 590; x_wconf 90' lang='lat' dir='ltr'><strong>mente</strong></span> <span class='ocrx_word' id='word_1_4' title='bbox 980 545 1101 590; x_wconf 85' lang='lat' dir='ltr'><strong>suut</strong></span> <span class='ocrx_word' id='word_1_5' title='bbox 1136 537 1469 604; x_wconf 73' lang='lat' dir='ltr'><strong>repetendae3</strong></span> <span class='ocrx_word' id='word_1_6' title='bbox 1512 553 1562 587; x_wconf 84' lang='lat' dir='ltr'><strong>v.</strong></span> 
     </span>
     <span class='ocr_line' id='line_1_3' title="bbox 497 616 1561 683; baseline -0.003 -15"><span class='ocrx_word' id='word_1_7' title='bbox 497 634 549 683; x_wconf 82' lang='lat' dir='ltr'><strong>g.</strong></span> <span class='ocrx_word' id='word_1_8' title='bbox 578 618 768 680; x_wconf 67' lang='lat' dir='ltr'><strong>Dignus</strong></span> <span class='ocrx_word' id='word_1_9' title='bbox 788 632 859 679; x_wconf 83' lang='lat' dir='ltr'><strong>es,</strong></span> <span class='ocrx_word' id='word_1_10' title='bbox 880 616 963 680; x_wconf 74' lang='lat' dir='ltr'><strong>qui</strong></span> <span class='ocrx_word' id='word_1_11' title='bbox 985 616 1251 680; x_wconf 69' lang='lat' dir='ltr'><strong>petentibus</strong></span> <span class='ocrx_word' id='word_1_12' title='bbox 1270 617 1561 667; x_wconf 68' lang='lat' dir='ltr'><strong>mentionem</strong></span> 
     </span>
     <span class='ocr_line' id='line_1_4' title="bbox 493 692 1558 756; baseline -0.004 -12"><span class='ocrx_word' id='word_1_13' title='bbox 493 727 513 746; x_wconf 80' lang='grc'><strong>.</strong></span> <span class='ocrx_word' id='word_1_14' title='bbox 536 728 550 744; x_wconf 88' lang='grc'><strong>.</strong></span> <span class='ocrx_word' id='word_1_15' title='bbox 573 726 586 740; x_wconf 94' lang='grc'><strong>.</strong></span> <span class='ocrx_word' id='word_1_16' title='bbox 610 693 823 751; x_wconf 48' lang='lat' dir='ltr'><strong>tribuam·</strong></span> <span class='ocrx_word' id='word_1_17' title='bbox 853 693 1030 756; x_wconf 63' lang='lat' dir='ltr'><strong>dignus</strong></span> <span class='ocrx_word' id='word_1_18' title='bbox 1042 707 1109 750; x_wconf 79' lang='lat' dir='ltr'><strong>es,</strong></span> <span class='ocrx_word' id='word_1_19' title='bbox 1125 693 1208 756; x_wconf 78' lang='lat' dir='ltr'><strong>qui</strong></span> <span class='ocrx_word' id='word_1_20' title='bbox 1221 692 1281 742; x_wconf 78' lang='lat' dir='ltr'><strong>ab</strong></span> <span class='ocrx_word' id='word_1_21' title='bbox 1297 693 1463 743; x_wconf 78' lang='lat' dir='ltr'><strong>amicis</strong></span> <span class='ocrx_word' id='word_1_22' title='bbox 1480 727 1494 743; x_wconf 89' lang='lat'><strong>.</strong></span> <span class='ocrx_word' id='word_1_23' title='bbox 1515 725 1558 741; x_wconf 86' lang='lat'><strong>..</strong></span> 
     </span>
     <span class='ocr_line' id='line_1_5' title="bbox 496 768 1562 833; baseline -0.002 -15"><span class='ocrx_word' id='word_1_24' title='bbox 496 784 589 818; x_wconf 72' lang='lat' dir='ltr'><strong>non</strong></span> <span class='ocrx_word' id='word_1_25' title='bbox 627 774 674 819; x_wconf 80' lang='lat' dir='ltr'><strong>te</strong></span> <span class='ocrx_word' id='word_1_26' title='bbox 707 769 912 832; x_wconf 72' lang='lat' dir='ltr'><strong>relinqui</strong></span> <span class='ocrx_word' id='word_1_27' title='bbox 948 773 1089 832; x_wconf 73' lang='lat' dir='ltr'><strong>pates</strong></span> <span class='ocrx_word' id='word_1_28' title='bbox 1104 785 1124 828; x_wconf 83' lang='lat'><strong>,-</strong></span> <span class='ocrx_word' id='word_1_29' title='bbox 1166 769 1343 831; x_wconf 74' lang='lat' dir='ltr'><strong>dignus</strong></span> <span class='ocrx_word' id='word_1_30' title='bbox 1374 784 1444 833; x_wconf 84' lang='lat' dir='ltr'><strong>es,</strong></span> <span class='ocrx_word' id='word_1_31' title='bbox 1476 768 1562 833; x_wconf 71' lang='lat' dir='ltr'><strong>qai</strong></span> 
     </span>
     <span class='ocr_line' id='line_1_6' title="bbox 493 844 1562 910; baseline -0.001 -14"><span class='ocrx_word' id='word_1_32' title='bbox 493 862 676 910; x_wconf 79' lang='lat' dir='ltr'><strong>semper</strong></span> <span class='ocrx_word' id='word_1_33' title='bbox 697 846 930 903; x_wconf 77' lang='lat' dir='ltr'><strong>invenias,</strong></span> <span class='ocrx_word' id='word_1_34' title='bbox 948 847 1031 909; x_wconf 58' lang='lat' dir='ltr'><strong>&amp;a</strong></span> <span class='ocrx_word' id='word_1_35' title='bbox 1095 844 1226 896; x_wconf 86' lang='lat' dir='ltr'><strong>ldeo</strong></span> <span class='ocrx_word' id='word_1_36' title='bbox 1257 852 1430 896; x_wconf 79' lang='lat' dir='ltr'><strong>autem</strong></span> <span class='ocrx_word' id='word_1_37' title='bbox 1454 846 1562 895; x_wconf 83' lang='lat' dir='ltr'><strong>Pli-</strong></span> 
     </span>
     <span class='ocr_line' id='line_1_7' title="bbox 494 921 1562 987; baseline 0.003 -15"><span class='ocrx_word' id='word_1_38' title='bbox 494 923 613 972; x_wconf 89' lang='lat' dir='ltr'><strong>nius</strong></span> <span class='ocrx_word' id='word_1_39' title='bbox 635 923 918 987; x_wconf 84' lang='lat' dir='ltr'><strong>Trajanum</strong></span> <span class='ocrx_word' id='word_1_40' title='bbox 952 922 1081 973; x_wconf 87' lang='lat' dir='ltr'><strong>dicit</strong></span> <span class='ocrx_word' id='word_1_41' title='bbox 1113 921 1342 986; x_wconf 76' lang='lat' dir='ltr'><strong>dignum,</strong></span> <span class='ocrx_word' id='word_1_42' title='bbox 1364 923 1449 985; x_wconf 90' lang='lat' dir='ltr'><strong>qui</strong></span> <span class='ocrx_word' id='word_1_43' title='bbox 1486 921 1562 975; x_wconf 75' lang='lat' dir='ltr'><strong>of-</strong></span> 
     </span>
     <span class='ocr_line' id='line_1_8' title="bbox 494 999 1562 1064; baseline 0.001 -15"><span class='ocrx_word' id='word_1_44' title='bbox 494 999 612 1050; x_wconf 80' lang='lat' dir='ltr'><strong>ficis</strong></span> <span class='ocrx_word' id='word_1_45' title='bbox 635 1000 844 1050; x_wconf 86' lang='lat' dir='ltr'><strong>mandet</strong></span> <span class='ocrx_word' id='word_1_46' title='bbox 865 999 1131 1064; x_wconf 81' lang='lat' dir='ltr'>deponere</span> <span class='ocrx_word' id='word_1_47' title='bbox 1161 1000 1484 1064; x_wconf 88' lang='lat' dir='ltr'><strong>optantibus,</strong></span> <span class='ocrx_word' id='word_1_48' title='bbox 1503 1005 1562 1050; x_wconf 91' lang='lat' dir='ltr'><strong>et</strong></span> 
     </span>
     <span class='ocr_line' id='line_1_9' title="bbox 493 1076 1562 1142; baseline 0.001 -16"><span class='ocrx_word' id='word_1_49' title='bbox 493 1079 821 1127; x_wconf 81' lang='lat' dir='ltr'><strong>vacationem</strong></span> <span class='ocrx_word' id='word_1_50' title='bbox 855 1078 1154 1142; x_wconf 85' lang='lat' dir='ltr'><strong>petentibus</strong></span> <span class='ocrx_word' id='word_1_51' title='bbox 1182 1077 1402 1139; x_wconf 76' lang='lat' dir='ltr'><strong>tribuat3</strong></span> <span class='ocrx_word' id='word_1_52' title='bbox 1438 1076 1562 1142; x_wconf 87' lang='lat' dir='ltr'><strong>quia</strong></span> 
     </span>
     <span class='ocr_line' id='line_1_10' title="bbox 497 1150 1557 1218; baseline 0.002 -16"><span class='ocrx_word' id='word_1_53' title='bbox 497 1153 743 1203; x_wconf 88' lang='lat' dir='ltr'><strong>indicium</strong></span> <span class='ocrx_word' id='word_1_54' title='bbox 780 1150 1010 1204; x_wconf 78' lang='lat' dir='ltr'><strong>felicium</strong></span> <span class='ocrx_word' id='word_1_55' title='bbox 1048 1161 1340 1218; x_wconf 88' lang='lat' dir='ltr'><strong>temporum</strong></span> <span class='ocrx_word' id='word_1_56' title='bbox 1376 1164 1478 1217; x_wconf 80' lang='lat' dir='ltr'><strong>est,</strong></span> <span class='ocrx_word' id='word_1_57' title='bbox 1516 1155 1557 1204; x_wconf 88' lang='lat' dir='ltr'><strong>si</strong></span> 
     </span>
     <span class='ocr_line' id='line_1_11' title="bbox 495 1230 1559 1294; baseline 0 -14"><span class='ocrx_word' id='word_1_58' title='bbox 495 1231 756 1292; x_wconf 75' lang='lat' dir='ltr'>supersint</span> <span class='ocrx_word' id='word_1_59' title='bbox 790 1230 941 1280; x_wconf 81' lang='lat' dir='ltr'><strong>amici</strong></span> <span class='ocrx_word' id='word_1_60' title='bbox 974 1230 1219 1294; x_wconf 83' lang='lat' dir='ltr'><strong>principis</strong></span> <span class='ocrx_word' id='word_1_61' title='bbox 1254 1240 1309 1280; x_wconf 91' lang='lat' dir='ltr'><strong>et</strong></span> <span class='ocrx_word' id='word_1_62' title='bbox 1331 1231 1559 1280; x_wconf 85' lang='lat' dir='ltr'><strong>ministri</strong></span> 
     </span>
     <span class='ocr_line' id='line_1_12' title="bbox 494 1306 1558 1373; baseline 0.003 -17"><span class='ocrx_word' id='word_1_63' title='bbox 494 1306 642 1368; x_wconf 83' lang='lat' dir='ltr'><strong>boni,</strong></span> <span class='ocrx_word' id='word_1_64' title='bbox 664 1308 768 1372; x_wconf 87' lang='lat' dir='ltr'><strong>qui,</strong></span> <span class='ocrx_word' id='word_1_65' title='bbox 801 1322 918 1358; x_wconf 88' lang='lat' dir='ltr'><strong>cum</strong></span> <span class='ocrx_word' id='word_1_66' title='bbox 954 1323 1105 1373; x_wconf 82' lang='lat' dir='ltr'><strong>pares</strong></span> <span class='ocrx_word' id='word_1_67' title='bbox 1139 1309 1244 1358; x_wconf 88' lang='lat' dir='ltr'><strong>sint</strong></span> <span class='ocrx_word' id='word_1_68' title='bbox 1280 1308 1434 1358; x_wconf 85' lang='lat' dir='ltr'><strong>rebus</strong></span> <span class='ocrx_word' id='word_1_69' title='bbox 1468 1324 1558 1373; x_wconf 81' lang='lat' dir='ltr'><strong>ge·</strong></span> 
     </span>
     <span class='ocr_line' id='line_1_13' title="bbox 494 1384 1559 1449; baseline 0.001 -16"><span class='ocrx_word' id='word_1_70' title='bbox 494 1384 693 1446; x_wconf 65' lang='lat' dir='ltr'><strong>tendis,</strong></span> <span class='ocrx_word' id='word_1_71' title='bbox 717 1398 776 1435; x_wconf 90' lang='lat' dir='ltr'><strong>se</strong></span> <span class='ocrx_word' id='word_1_72' title='bbox 799 1391 972 1436; x_wconf 85' lang='lat' dir='ltr'><strong>tamen</strong></span> <span class='ocrx_word' id='word_1_73' title='bbox 993 1398 1095 1434; x_wconf 89' lang='lat' dir='ltr'><strong>non</strong></span> <span class='ocrx_word' id='word_1_74' title='bbox 1116 1385 1353 1449; x_wconf 76' lang='lat' dir='ltr'><strong>ingeram</strong></span> <span class='ocrx_word' id='word_1_75' title='bbox 1376 1385 1559 1434; x_wconf 88' lang='lat' dir='ltr'><strong>obtru-</strong></span> 
     </span>
     <span class='ocr_line' id='line_1_14' title="bbox 495 1459 1560 1526; baseline 0.002 -16"><span class='ocrx_word' id='word_1_76' title='bbox 495 1459 723 1526; x_wconf 83' lang='lat' dir='ltr'><strong>dantque</strong></span> <span class='ocrx_word' id='word_1_77' title='bbox 769 1459 1072 1524; x_wconf 80' lang='lat' dir='ltr'><strong>honoribus,</strong></span> <span class='ocrx_word' id='word_1_78' title='bbox 1110 1475 1278 1526; x_wconf 84' lang='lat' dir='ltr'><strong>neque</strong></span> <span class='ocrx_word' id='word_1_79' title='bbox 1328 1463 1560 1512; x_wconf 75' lang='lat' dir='ltr'><strong>ambiant</strong></span> 
     </span>
     <span class='ocr_line' id='line_1_15' title="bbox 493 1538 1561 1603; baseline 0.001 -17"><span class='ocrx_word' id='word_1_80' title='bbox 493 1552 707 1587; x_wconf 84' lang='lat' dir='ltr'><strong>munera</strong></span> <span class='ocrx_word' id='word_1_81' title='bbox 773 1538 986 1602; x_wconf 84' lang='lat' dir='ltr'><strong>publica</strong></span> <span class='ocrx_word' id='word_1_82' title='bbox 1045 1546 1277 1603; x_wconf 78' lang='lat' dir='ltr'><strong>quoestus</strong></span> <span class='ocrx_word' id='word_1_83' title='bbox 1341 1552 1519 1588; x_wconf 84' lang='lat' dir='ltr'><strong>caussa</strong></span> <span class='ocrx_word' id='word_1_84' title='bbox 1545 1557 1561 1602; x_wconf 66' lang='grc' dir='ltr'><strong>ς</strong></span> 
     </span>
     <span class='ocr_line' id='line_1_16' title="bbox 492 1613 1559 1679; baseline 0.001 -16"><span class='ocrx_word' id='word_1_85' title='bbox 492 1613 726 1679; x_wconf 78' lang='lat' dir='ltr'><strong>itemque</strong></span> <span class='ocrx_word' id='word_1_86' title='bbox 769 1615 811 1664; x_wconf 82' lang='lat' dir='ltr'><strong>si</strong></span> <span class='ocrx_word' id='word_1_87' title='bbox 856 1628 1006 1664; x_wconf 91' lang='lat' dir='ltr'><strong>nemo</strong></span> <span class='ocrx_word' id='word_1_88' title='bbox 1045 1622 1262 1676; x_wconf 74' lang='lat' dir='ltr'><strong>cogatur</strong></span> <span class='ocrx_word' id='word_1_89' title='bbox 1301 1614 1368 1664; x_wconf 84' lang='lat' dir='ltr'><strong>ad</strong></span> <span class='ocrx_word' id='word_1_90' title='bbox 1406 1615 1559 1664; x_wconf 82' lang='lat' dir='ltr'><strong>susti·</strong></span> 
     </span>
     <span class='ocr_line' id='line_1_17' title="bbox 494 1680 1560 1756; baseline 0.001 -14"><span class='ocrx_word' id='word_1_91' title='bbox 494 1680 665 1742; x_wconf 78' lang='lat' dir='ltr'><strong>nenda</strong></span> <span class='ocrx_word' id='word_1_92' title='bbox 699 1691 892 1754; x_wconf 87' lang='lat' dir='ltr'><strong>munia,</strong></span> <span class='ocrx_word' id='word_1_93' title='bbox 915 1692 1006 1742; x_wconf 89' lang='lat' dir='ltr'><strong>sed</strong></span> <span class='ocrx_word' id='word_1_94' title='bbox 1031 1690 1296 1756; x_wconf 71' lang='lat' dir='ltr'>quibusvis</span> <span class='ocrx_word' id='word_1_95' title='bbox 1333 1691 1482 1740; x_wconf 87' lang='lat' dir='ltr'><strong>bonis</strong></span> <span class='ocrx_word' id='word_1_96' title='bbox 1504 1699 1560 1743; x_wconf 88' lang='lat' dir='ltr'><strong>et</strong></span> 
     </span>
     <span class='ocr_line' id='line_1_18' title="bbox 489 1767 1559 1820; baseline 0.001 -1"><span class='ocrx_word' id='word_1_97' title='bbox 489 1768 628 1820; x_wconf 82' lang='lat' dir='ltr'><strong>bene</strong></span> <span class='ocrx_word' id='word_1_98' title='bbox 651 1769 851 1819; x_wconf 85' lang='lat' dir='ltr'><strong>meritis</strong></span> <span class='ocrx_word' id='word_1_99' title='bbox 871 1767 1096 1818; x_wconf 84' lang='lat' dir='ltr'><strong>facultas</strong></span> <span class='ocrx_word' id='word_1_100' title='bbox 1120 1775 1242 1819; x_wconf 88' lang='lat' dir='ltr'><strong>voto</strong></span> <span class='ocrx_word' id='word_1_101' title='bbox 1268 1782 1359 1818; x_wconf 89' lang='lat' dir='ltr'><strong>suo</strong></span> <span class='ocrx_word' id='word_1_102' title='bbox 1382 1770 1559 1820; x_wconf 83' lang='lat' dir='ltr'><strong>viven-</strong></span> 
     </span>
    </p>
   </div>
   <div class='ocr_carea' id='block_1_3' title="bbox 482 1849 1560 4442">
    <p class='ocr_par' dir='ltr' id='par_1_3' title="bbox 494 1849 1190 1900">
     <span class='ocr_line' id='line_1_19' title="bbox 494 1849 1190 1900; baseline -0.003 0"><span class='ocrx_word' id='word_1_103' title='bbox 494 1849 549 1900; x_wconf 90' lang='lat' dir='ltr'><strong>di</strong></span> <span class='ocrx_word' id='word_1_104' title='bbox 573 1851 909 1900; x_wconf 85' lang='lat' dir='ltr'><strong>concedatur.</strong></span> <span class='ocrx_word' id='word_1_105' title='bbox 944 1850 1190 1899; x_wconf 72' lang='lat' dir='ltr'><strong>Schwarz.</strong></span> 
     </span>
    </p>

    <p class='ocr_par' dir='ltr' id='par_1_4' title="bbox 491 1927 1559 2069">
     <span class='ocr_line' id='line_1_20' title="bbox 560 1927 1559 1992; baseline -0.001 -15"><span class='ocrx_word' id='word_1_106' title='bbox 560 1928 662 1983; x_wconf 75' lang='lat' dir='ltr'><strong>Qui</strong></span> <span class='ocrx_word' id='word_1_107' title='bbox 685 1927 956 1992; x_wconf 75' lang='lat' dir='ltr'><strong>petentibus</strong></span> <span class='ocrx_word' id='word_1_108' title='bbox 975 1927 1293 1992; x_wconf 73' lang='lat' dir='ltr'><strong>vacationem]</strong></span> <span class='ocrx_word' id='word_1_109' title='bbox 1338 1927 1559 1977; x_wconf 79' lang='lat' dir='ltr'><strong>Vocatio·</strong></span> 
     </span>
     <span class='ocr_line' id='line_1_21' title="bbox 491 2003 1307 2069; baseline -0.004 -15"><span class='ocrx_word' id='word_1_110' title='bbox 491 2018 616 2055; x_wconf 79' lang='lat' dir='ltr'><strong>nem.</strong></span> <span class='ocrx_word' id='word_1_111' title='bbox 684 2004 813 2069; x_wconf 81' lang='lat' dir='ltr'><strong>Leg.</strong></span> <span class='ocrx_word' id='word_1_112' title='bbox 834 2004 1143 2054; x_wconf 76' lang='lat' dir='ltr'><strong>vocationem.</strong></span> <span class='ocrx_word' id='word_1_113' title='bbox 1174 2003 1307 2053; x_wconf 88' lang='lat' dir='ltr'><strong>Ritt.</strong></span> 
     </span>
    </p>

    <p class='ocr_par' dir='ltr' id='par_1_5' title="bbox 491 2080 1558 2223">
     <span class='ocr_line' id='line_1_22' title="bbox 560 2080 1558 2155; baseline -0.001 -24"><span class='ocrx_word' id='word_1_114' title='bbox 560 2081 814 2155; x_wconf 71' lang='lat' dir='ltr'><strong>Requiem]</strong></span> <span class='ocrx_word' id='word_1_115' title='bbox 838 2083 1006 2134; x_wconf 81' lang='lat' dir='ltr'><strong>Quam</strong></span> <span class='ocrx_word' id='word_1_116' title='bbox 1025 2081 1149 2131; x_wconf 85' lang='lat' dir='ltr'><strong>alias</strong></span> <span class='ocrx_word' id='word_1_117' title='bbox 1165 2080 1443 2145; x_wconf 85' lang='lat' dir='ltr'><strong>depontani</strong></span> <span class='ocrx_word' id='word_1_118' title='bbox 1464 2081 1558 2130; x_wconf 89' lang='lat' dir='ltr'><strong>im·</strong></span> 
     </span>
     <span class='ocr_line' id='line_1_23' title="bbox 491 2152 976 2223; baseline 0.006 -17"><span class='ocrx_word' id='word_1_119' title='bbox 491 2152 791 2223; x_wconf 74' lang='lat' dir='ltr'><strong>peti-abant.</strong></span> <span class='ocrx_word' id='word_1_120' title='bbox 823 2158 976 2209; x_wconf 76' lang='lat' dir='ltr'><strong>Bern-</strong></span> 
     </span>
    </p>

    <p class='ocr_par' dir='ltr' id='par_1_6' title="bbox 493 2231 1557 2374">
     <span class='ocr_line' id='line_1_24' title="bbox 567 2231 1557 2343; baseline 0.003 -60"><span class='ocrx_word' id='word_1_121' title='bbox 567 2234 664 2283; x_wconf 84' lang='lat' dir='ltr'><strong>Vos</strong></span> <span class='ocrx_word' id='word_1_122' title='bbox 703 2234 913 2300; x_wconf 77' lang='lat' dir='ltr'><strong>quoque]</strong></span> <span class='ocrx_word' id='word_1_123' title='bbox 962 2231 1134 2285; x_wconf 81' lang='lat' dir='ltr'><strong>Amici</strong></span> <span class='ocrx_word' id='word_1_124' title='bbox 1178 2240 1234 2285; x_wconf 91' lang='lat' dir='ltr'><strong>et</strong></span> <span class='ocrx_word' id='word_1_125' title='bbox 1279 2234 1557 2343; x_wconf 72' lang='lat' dir='ltr'>familiares</span> 
     </span>
     <span class='ocr_line' id='line_1_25' title="bbox 493 2310 787 2374; baseline 0.004 -16"><span class='ocrx_word' id='word_1_126' title='bbox 493 2310 620 2374; x_wconf 82' lang='lat' dir='ltr'><strong>ejus.</strong></span> <span class='ocrx_word' id='word_1_127' title='bbox 654 2310 787 2374; x_wconf 69' lang='grc' dir='ltr'><strong>Εὗρε.</strong></span> 
     </span>
    </p>

    <p class='ocr_par' dir='ltr' id='par_1_7' title="bbox 494 2385 1557 2514">
     <span class='ocr_line' id='line_1_26' title="bbox 567 2385 1557 2454; baseline 0.002 -18"><span class='ocrx_word' id='word_1_128' title='bbox 567 2388 661 2437; x_wconf 84' lang='lat' dir='ltr'><strong>Vos</strong></span> <span class='ocrx_word' id='word_1_129' title='bbox 697 2387 898 2452; x_wconf 72' lang='lat' dir='ltr'><strong>qaoque]</strong></span> <span class='ocrx_word' id='word_1_130' title='bbox 943 2385 1115 2439; x_wconf 88' lang='lat' dir='ltr'><strong>Amici</strong></span> <span class='ocrx_word' id='word_1_131' title='bbox 1155 2388 1424 2454; x_wconf 84' lang='lat' dir='ltr'><strong>principis,</strong></span> <span class='ocrx_word' id='word_1_132' title='bbox 1460 2388 1557 2439; x_wconf 89' lang='lat' dir='ltr'><strong>viri</strong></span> 
     </span>
     <span class='ocr_line' id='line_1_27' title="bbox 494 2461 891 2514; baseline -0.003 -1"><span class='ocrx_word' id='word_1_133' title='bbox 494 2461 635 2514; x_wconf 80' lang='lat' dir='ltr'><strong>boni.</strong></span> <span class='ocrx_word' id='word_1_134' title='bbox 672 2463 891 2513; x_wconf 81' lang='lat' dir='ltr'><strong>Patarol.</strong></span> 
     </span>
    </p>

    <p class='ocr_par' dir='ltr' id='par_1_8' title="bbox 486 2541 1560 3294">
     <span class='ocr_line' id='line_1_28' title="bbox 558 2541 1557 2606; baseline 0.004 -14"><span class='ocrx_word' id='word_1_135' title='bbox 558 2543 746 2593; x_wconf 77' lang='lat' dir='ltr'><strong>Parcus</strong></span> <span class='ocrx_word' id='word_1_136' title='bbox 769 2541 951 2606; x_wconf 77' lang='lat' dir='ltr'><strong>noster]</strong></span> <span class='ocrx_word' id='word_1_137' title='bbox 992 2543 1170 2594; x_wconf 82' lang='lat' dir='ltr'>Codex</span> <span class='ocrx_word' id='word_1_138' title='bbox 1190 2545 1475 2595; x_wconf 75' lang='lat' dir='ltr'><strong>patavinus</strong></span> <span class='ocrx_word' id='word_1_139' title='bbox 1499 2554 1557 2597; x_wconf 91' lang='lat' dir='ltr'><strong>et</strong></span> 
     </span>
     <span class='ocr_line' id='line_1_29' title="bbox 490 2619 1557 2686; baseline 0.006 -19"><span class='ocrx_word' id='word_1_140' title='bbox 490 2619 623 2668; x_wconf 89' lang='lat' dir='ltr'><strong>liber</strong></span> <span class='ocrx_word' id='word_1_141' title='bbox 648 2621 935 2670; x_wconf 85' lang='lat' dir='ltr'><strong>Vossianus</strong></span> <span class='ocrx_word' id='word_1_142' title='bbox 970 2622 1163 2671; x_wconf 88' lang='lat' dir='ltr'><strong>babent</strong></span> <span class='ocrx_word' id='word_1_143' title='bbox 1192 2623 1413 2686; x_wconf 72' lang='lat' dir='ltr'><strong>princeps</strong></span> <span class='ocrx_word' id='word_1_144' title='bbox 1450 2639 1557 2673; x_wconf 82' lang='lat' dir='ltr'><strong>nos·</strong></span> 
     </span>
     <span class='ocr_line' id='line_1_30' title="bbox 490 2696 1555 2763; baseline 0.006 -19"><span class='ocrx_word' id='word_1_145' title='bbox 490 2701 581 2744; x_wconf 75' lang='lat' dir='ltr'><strong>ter.</strong></span> <span class='ocrx_word' id='word_1_146' title='bbox 650 2696 753 2745; x_wconf 89' lang='lat' dir='ltr'><strong>Sed</strong></span> <span class='ocrx_word' id='word_1_147' title='bbox 797 2711 900 2746; x_wconf 89' lang='lat' dir='ltr'><strong>non</strong></span> <span class='ocrx_word' id='word_1_148' title='bbox 944 2705 1045 2759; x_wconf 87' lang='lat' dir='ltr'><strong>est,</strong></span> <span class='ocrx_word' id='word_1_149' title='bbox 1079 2699 1216 2763; x_wconf 86' lang='lat' dir='ltr'>qnod</span> <span class='ocrx_word' id='word_1_150' title='bbox 1259 2701 1555 2762; x_wconf 71' lang='lat' dir='ltr'>rejiciamus</span> 
     </span>
     <span class='ocr_line' id='line_1_31' title="bbox 488 2773 1560 2839; baseline 0.007 -20"><span class='ocrx_word' id='word_1_151' title='bbox 488 2773 752 2835; x_wconf 79' lang='lat' dir='ltr'><strong>vulgatam</strong></span> <span class='ocrx_word' id='word_1_152' title='bbox 774 2773 1065 2831; x_wconf 83' lang='lat' dir='ltr'><strong>lectionem,</strong></span> <span class='ocrx_word' id='word_1_153' title='bbox 1083 2790 1197 2824; x_wconf 86' lang='lat' dir='ltr'><strong>cum</strong></span> <span class='ocrx_word' id='word_1_154' title='bbox 1209 2791 1380 2839; x_wconf 81' lang='lat' dir='ltr'><strong>parens</strong></span> <span class='ocrx_word' id='word_1_155' title='bbox 1397 2783 1560 2827; x_wconf 80' lang='lat' dir='ltr'><strong>noster</strong></span> 
     </span>
     <span class='ocr_line' id='line_1_32' title="bbox 488 2852 1556 2917; baseline 0.008 -21"><span class='ocrx_word' id='word_1_156' title='bbox 488 2863 586 2912; x_wconf 87' lang='lat' dir='ltr'><strong>pro</strong></span> <span class='ocrx_word' id='word_1_157' title='bbox 629 2852 645 2879; x_wconf 88' lang='lat'>‘</span> <span class='ocrx_word' id='word_1_158' title='bbox 672 2857 822 2913; x_wconf 80' lang='lat' dir='ltr'><strong>patre</strong></span> <span class='ocrx_word' id='word_1_159' title='bbox 866 2853 1096 2917; x_wconf 79' lang='lat' dir='ltr'><strong>patriae,&#39;</strong></span> <span class='ocrx_word' id='word_1_160' title='bbox 1142 2854 1251 2901; x_wconf 86' lang='lat' dir='ltr'><strong>sive</strong></span> <span class='ocrx_word' id='word_1_161' title='bbox 1294 2856 1310 2883; x_wconf 88' lang='lat'>‘</span> <span class='ocrx_word' id='word_1_162' title='bbox 1336 2862 1556 2917; x_wconf 85' lang='lat' dir='ltr'><strong>parente</strong></span> 
     </span>
     <span class='ocr_line' id='line_1_33' title="bbox 487 2925 1553 2994; baseline 0.007 -22"><span class='ocrx_word' id='word_1_163' title='bbox 487 2925 740 2988; x_wconf 87' lang='lat' dir='ltr'><strong>publico,&#39;</strong></span> <span class='ocrx_word' id='word_1_164' title='bbox 763 2934 1000 2990; x_wconf 87' lang='lat' dir='ltr'><strong>ponatur.</strong></span> <span class='ocrx_word' id='word_1_165' title='bbox 1063 2929 1150 2978; x_wconf 81' lang='lat' dir='ltr'><strong>Sic</strong></span> <span class='ocrx_word' id='word_1_166' title='bbox 1174 2935 1353 2979; x_wconf 85' lang='lat' dir='ltr'><strong>noster</strong></span> <span class='ocrx_word' id='word_1_167' title='bbox 1378 2944 1553 2994; x_wconf 87' lang='lat' dir='ltr'><strong>supra,</strong></span> 
     </span>
     <span class='ocr_line' id='line_1_34' title="bbox 488 3002 1554 3070; baseline 0.008 -21"><span class='ocrx_word' id='word_1_168' title='bbox 488 3012 571 3049; x_wconf 79' lang='lat' dir='ltr'><strong>lv.</strong></span> <span class='ocrx_word' id='word_1_169' title='bbox 592 3004 642 3050; x_wconf 83' lang='lat'><strong>2.</strong></span> <span class='ocrx_word' id='word_1_170' title='bbox 680 3002 911 3053; x_wconf 86' lang='lat' dir='ltr'><strong>‘Parens</strong></span> <span class='ocrx_word' id='word_1_171' title='bbox 954 3012 1129 3054; x_wconf 86' lang='lat' dir='ltr'><strong>noster</strong></span> <span class='ocrx_word' id='word_1_172' title='bbox 1169 3006 1399 3068; x_wconf 83' lang='lat' dir='ltr'><strong>privatas</strong></span> <span class='ocrx_word' id='word_1_173' title='bbox 1438 3022 1554 3070; x_wconf 84' lang='lat' dir='ltr'><strong>gra-</strong></span> 
     </span>
     <span class='ocr_line' id='line_1_35' title="bbox 488 3077 1553 3171; baseline 0.008 -45"><span class='ocrx_word' id='word_1_174' title='bbox 488 3077 678 3127; x_wconf 85' lang='lat' dir='ltr'><strong>tiarum</strong></span> <span class='ocrx_word' id='word_1_175' title='bbox 713 3080 947 3130; x_wconf 77' lang='lat' dir='ltr'><strong>actiones</strong></span> <span class='ocrx_word' id='word_1_176' title='bbox 984 3081 1212 3143; x_wconf 80' lang='lat' dir='ltr'><strong>cohibet,</strong></span> <span class='ocrx_word' id='word_1_177' title='bbox 1242 3091 1298 3133; x_wconf 89' lang='lat' dir='ltr'><strong>et</strong></span> <span class='ocrx_word' id='word_1_178' title='bbox 1329 3086 1553 3171; x_wconf 86' lang='lat' dir='ltr'><strong>compri-</strong></span> 
     </span>
     <span class='ocr_line' id='line_1_36' title="bbox 487 3154 1552 3223; baseline 0.007 -20"><span class='ocrx_word' id='word_1_179' title='bbox 487 3154 629 3215; x_wconf 83' lang='lat' dir='ltr'><strong>mit3’</strong></span> <span class='ocrx_word' id='word_1_180' title='bbox 665 3164 721 3205; x_wconf 89' lang='lat' dir='ltr'><strong>ut</strong></span> <span class='ocrx_word' id='word_1_181' title='bbox 758 3158 855 3206; x_wconf 89' lang='lat' dir='ltr'><strong>alia</strong></span> <span class='ocrx_word' id='word_1_182' title='bbox 893 3157 1039 3220; x_wconf 82' lang='lat' dir='ltr'><strong>hujus</strong></span> <span class='ocrx_word' id='word_1_183' title='bbox 1070 3159 1274 3221; x_wconf 85' lang='lat' dir='ltr'><strong>generis</strong></span> <span class='ocrx_word' id='word_1_184' title='bbox 1303 3159 1417 3209; x_wconf 85' lang='lat' dir='ltr'><strong>loca</strong></span> <span class='ocrx_word' id='word_1_185' title='bbox 1440 3161 1552 3223; x_wconf 89' lang='lat' dir='ltr'><strong>jam</strong></span> 
     </span>
     <span class='ocr_line' id='line_1_37' title="bbox 486 3232 1175 3294; baseline 0.007 -15"><span class='ocrx_word' id='word_1_186' title='bbox 486 3232 900 3294; x_wconf 66' lang='lat' dir='ltr'><strong>praetermittam.</strong></span> <span class='ocrx_word' id='word_1_187' title='bbox 936 3233 1175 3284; x_wconf 65' lang='lat' dir='ltr'><strong>Schwen-</strong></span> 
     </span>
    </p>

    <p class='ocr_par' dir='ltr' id='par_1_9' title="bbox 482 3309 1553 4442">
     <span class='ocr_line' id='line_1_38' title="bbox 554 3309 1553 3379; baseline 0.008 -23"><span class='ocrx_word' id='word_1_188' title='bbox 554 3309 978 3370; x_wconf 75' lang='lat' dir='ltr'><strong>Fovetejudicium</strong></span> <span class='ocrx_word' id='word_1_189' title='bbox 998 3311 1120 3375; x_wconf 65' lang='grc' dir='ltr'><strong>ἠιω]</strong></span> <span class='ocrx_word' id='word_1_190' title='bbox 1154 3312 1199 3361; x_wconf 91' lang='lat'><strong>1.</strong></span> <span class='ocrx_word' id='word_1_191' title='bbox 1220 3327 1266 3362; x_wconf 86' lang='lat' dir='ltr'><strong>e.</strong></span> <span class='ocrx_word' id='word_1_192' title='bbox 1291 3314 1428 3363; x_wconf 87' lang='lat' dir='ltr'><strong>omni</strong></span> <span class='ocrx_word' id='word_1_193' title='bbox 1453 3329 1553 3379; x_wconf 90' lang='lat' dir='ltr'><strong>ope</strong></span> 
     </span>
     <span class='ocr_line' id='line_1_39' title="bbox 485 3384 1553 3443; baseline 0.006 -9"><span class='ocrx_word' id='word_1_194' title='bbox 485 3384 740 3443; x_wconf 87' lang='lat' dir='ltr'><strong>laborate,</strong></span> <span class='ocrx_word' id='word_1_195' title='bbox 766 3393 822 3435; x_wconf 91' lang='lat' dir='ltr'><strong>ut</strong></span> <span class='ocrx_word' id='word_1_196' title='bbox 858 3386 1106 3434; x_wconf 82' lang='lat' dir='ltr'><strong>tueamini</strong></span> <span class='ocrx_word' id='word_1_197' title='bbox 1144 3402 1204 3435; x_wconf 85' lang='lat' dir='ltr'><strong>ac</strong></span> <span class='ocrx_word' id='word_1_198' title='bbox 1230 3390 1553 3440; x_wconf 83' lang='lat' dir='ltr'><strong>conservetis</strong></span> 
     </span>
     <span class='ocr_line' id='line_1_40' title="bbox 485 3460 1553 3528; baseline 0.004 -17"><span class='ocrx_word' id='word_1_199' title='bbox 485 3461 629 3511; x_wconf 87' lang='lat' dir='ltr'><strong>illam</strong></span> <span class='ocrx_word' id='word_1_200' title='bbox 656 3460 840 3511; x_wconf 85' lang='lat' dir='ltr'><strong>bonam</strong></span> <span class='ocrx_word' id='word_1_201' title='bbox 876 3461 1335 3523; x_wconf 79' lang='lat' dir='ltr'><strong>existimationem,</strong></span> <span class='ocrx_word' id='word_1_202' title='bbox 1362 3471 1416 3513; x_wconf 91' lang='lat' dir='ltr'><strong>et</strong></span> <span class='ocrx_word' id='word_1_203' title='bbox 1440 3466 1553 3528; x_wconf 88' lang='lat' dir='ltr'><strong>opi·</strong></span> 
     </span>
     <span class='ocr_line' id='line_1_41' title="bbox 485 3538 1551 3604; baseline 0.004 -17"><span class='ocrx_word' id='word_1_204' title='bbox 485 3538 692 3588; x_wconf 88' lang='lat' dir='ltr'><strong>nionem</strong></span> <span class='ocrx_word' id='word_1_205' title='bbox 731 3539 1080 3603; x_wconf 81' lang='lat' dir='ltr'><strong>honorificam,</strong></span> <span class='ocrx_word' id='word_1_206' title='bbox 1115 3555 1266 3604; x_wconf 89' lang='lat' dir='ltr'><strong>quam</strong></span> <span class='ocrx_word' id='word_1_207' title='bbox 1301 3539 1371 3589; x_wconf 90' lang='lat' dir='ltr'><strong>de</strong></span> <span class='ocrx_word' id='word_1_208' title='bbox 1403 3543 1551 3591; x_wconf 84' lang='lat' dir='ltr'><strong>nobis</strong></span> 
     </span>
     <span class='ocr_line' id='line_1_42' title="bbox 486 3614 1551 3681; baseline 0.004 -18"><span class='ocrx_word' id='word_1_209' title='bbox 486 3614 665 3664; x_wconf 75' lang='lat' dir='ltr'><strong>Caesar</strong></span> <span class='ocrx_word' id='word_1_210' title='bbox 697 3616 871 3665; x_wconf 82' lang='lat' dir='ltr'><strong>babet.</strong></span> <span class='ocrx_word' id='word_1_211' title='bbox 938 3616 1155 3672; x_wconf 87' lang='lat' dir='ltr'><strong>Omnes,</strong></span> <span class='ocrx_word' id='word_1_212' title='bbox 1179 3632 1306 3681; x_wconf 85' lang='lat' dir='ltr'><strong>quos</strong></span> <span class='ocrx_word' id='word_1_213' title='bbox 1333 3620 1551 3681; x_wconf 88' lang='lat' dir='ltr'><strong>contuli,</strong></span> 
     </span>
     <span class='ocr_line' id='line_1_43' title="bbox 485 3690 1551 3757; baseline 0.001 -16"><span class='ocrx_word' id='word_1_214' title='bbox 485 3690 693 3741; x_wconf 87' lang='lat' dir='ltr'><strong>codices</strong></span> <span class='ocrx_word' id='word_1_215' title='bbox 717 3693 842 3740; x_wconf 87' lang='lat' dir='ltr'><strong>Mss.</strong></span> <span class='ocrx_word' id='word_1_216' title='bbox 866 3706 962 3757; x_wconf 89' lang='lat' dir='ltr'><strong>pro</strong></span> <span class='ocrx_word' id='word_1_217' title='bbox 981 3691 1163 3752; x_wconf 78' lang='lat' dir='ltr'><strong>fovete,</strong></span> <span class='ocrx_word' id='word_1_218' title='bbox 1188 3701 1433 3756; x_wconf 78' lang='lat' dir='ltr'><strong>corrupte</strong></span> <span class='ocrx_word' id='word_1_219' title='bbox 1472 3708 1551 3742; x_wconf 88' lang='lat' dir='ltr'><strong>re·</strong></span> 
     </span>
     <span class='ocr_line' id='line_1_44' title="bbox 484 3764 1549 3832; baseline 0.003 -17"><span class='ocrx_word' id='word_1_220' title='bbox 484 3764 807 3827; x_wconf 81' lang='lat' dir='ltr'><strong>feruntfovet</strong></span> <span class='ocrx_word' id='word_1_221' title='bbox 822 3783 842 3825; x_wconf 89' lang='lat'><em>;</em></span> <span class='ocrx_word' id='word_1_222' title='bbox 875 3774 1031 3832; x_wconf 84' lang='lat' dir='ltr'><strong>atque</strong></span> <span class='ocrx_word' id='word_1_223' title='bbox 1051 3768 1124 3817; x_wconf 87' lang='lat' dir='ltr'><strong>ita</strong></span> <span class='ocrx_word' id='word_1_224' title='bbox 1148 3769 1366 3831; x_wconf 83' lang='lat' dir='ltr'><strong>legimus</strong></span> <span class='ocrx_word' id='word_1_225' title='bbox 1392 3770 1549 3818; x_wconf 85' lang='lat' dir='ltr'><strong>etiarn</strong></span> 
     </span>
     <span class='ocr_line' id='line_1_45' title="bbox 484 3843 1550 3908; baseline 0.003 -16"><span class='ocrx_word' id='word_1_226' title='bbox 484 3843 539 3892; x_wconf 87' lang='lat' dir='ltr'><strong>in</strong></span> <span class='ocrx_word' id='word_1_227' title='bbox 586 3843 959 3908; x_wconf 75' lang='lat' dir='ltr'><strong>antiquioribus</strong></span> <span class='ocrx_word' id='word_1_228' title='bbox 1004 3843 1315 3893; x_wconf 79' lang='lat' dir='ltr'><strong>editionibus</strong></span> <span class='ocrx_word' id='word_1_229' title='bbox 1353 3846 1550 3895; x_wconf 88' lang='lat' dir='ltr'><strong>Puteo·</strong></span> 
     </span>
     <span class='ocr_line' id='line_1_46' title="bbox 484 3918 1550 3985; baseline 0.002 -17"><span class='ocrx_word' id='word_1_230' title='bbox 484 3918 612 3980; x_wconf 89' lang='lat' dir='ltr'><strong>lani,</strong></span> <span class='ocrx_word' id='word_1_231' title='bbox 642 3920 906 3982; x_wconf 86' lang='lat' dir='ltr'><strong>Beroaldi,</strong></span> <span class='ocrx_word' id='word_1_232' title='bbox 940 3919 1193 3976; x_wconf 84' lang='lat' dir='ltr'><strong>Catanaei,</strong></span> <span class='ocrx_word' id='word_1_233' title='bbox 1231 3921 1550 3985; x_wconf 78' lang='lat' dir='ltr'><strong>cuspiniani.</strong></span> 
     </span>
     <span class='ocr_line' id='line_1_47' title="bbox 482 3995 1549 4062; baseline 0.002 -17"><span class='ocrx_word' id='word_1_234' title='bbox 482 3995 692 4045; x_wconf 82' lang='lat' dir='ltr'><strong>Primus</strong></span> <span class='ocrx_word' id='word_1_235' title='bbox 714 3996 881 4055; x_wconf 79' lang='lat' dir='ltr'><strong>fovete</strong></span> <span class='ocrx_word' id='word_1_236' title='bbox 915 3997 1155 4059; x_wconf 82' lang='lat' dir='ltr'><strong>procudit</strong></span> <span class='ocrx_word' id='word_1_237' title='bbox 1185 3996 1371 4062; x_wconf 83' lang='lat' dir='ltr'><strong>Aldus,</strong></span> <span class='ocrx_word' id='word_1_238' title='bbox 1408 4008 1459 4048; x_wconf 92' lang='lat' dir='ltr'><strong>et</strong></span> <span class='ocrx_word' id='word_1_239' title='bbox 1497 4001 1549 4047; x_wconf 89' lang='lat' dir='ltr'><strong>in</strong></span> 
     </span>
     <span class='ocr_line' id='line_1_48' title="bbox 482 4071 1549 4134; baseline 0.005 -15"><span class='ocrx_word' id='word_1_240' title='bbox 482 4071 646 4120; x_wconf 79' lang='lat' dir='ltr'><strong>tertia</strong></span> <span class='ocrx_word' id='word_1_241' title='bbox 683 4071 910 4120; x_wconf 82' lang='lat' dir='ltr'><strong>editione</strong></span> <span class='ocrx_word' id='word_1_242' title='bbox 950 4073 1267 4134; x_wconf 82' lang='lat' dir='ltr'><strong>Catanaeus;</strong></span> <span class='ocrx_word' id='word_1_243' title='bbox 1310 4081 1416 4122; x_wconf 88' lang='lat' dir='ltr'><strong>tum</strong></span> <span class='ocrx_word' id='word_1_244' title='bbox 1451 4076 1549 4124; x_wconf 91' lang='lat' dir='ltr'><strong>As-</strong></span> 
     </span>
     <span class='ocr_line' id='line_1_49' title="bbox 483 4147 1549 4213; baseline 0.003 -17"><span class='ocrx_word' id='word_1_245' title='bbox 483 4147 705 4207; x_wconf 85' lang='lat' dir='ltr'><strong>censius,</strong></span> <span class='ocrx_word' id='word_1_246' title='bbox 737 4147 918 4203; x_wconf 82' lang='lat' dir='ltr'><strong>Junta,</strong></span> <span class='ocrx_word' id='word_1_247' title='bbox 942 4147 1237 4209; x_wconf 80' lang='lat' dir='ltr'><strong>Rhenanus,</strong></span> <span class='ocrx_word' id='word_1_248' title='bbox 1262 4150 1549 4213; x_wconf 74' lang='lat' dir='ltr'><strong>Gryplnius,</strong></span> 
     </span>
     <span class='ocr_line' id='line_1_50' title="bbox 485 4221 1547 4279; baseline 0.004 -7"><span class='ocrx_word' id='word_1_249' title='bbox 485 4221 779 4279; x_wconf 76' lang='lat' dir='ltr'><strong>sichardus,</strong></span> <span class='ocrx_word' id='word_1_250' title='bbox 802 4230 858 4272; x_wconf 81' lang='lat' dir='ltr'><strong>et</strong></span> <span class='ocrx_word' id='word_1_251' title='bbox 892 4224 1076 4271; x_wconf 84' lang='lat' dir='ltr'><strong>ceteri·</strong></span> <span class='ocrx_word' id='word_1_252' title='bbox 1148 4224 1345 4272; x_wconf 82' lang='lat' dir='ltr'><strong>Unicus</strong></span> <span class='ocrx_word' id='word_1_253' title='bbox 1379 4226 1547 4276; x_wconf 87' lang='lat' dir='ltr'><strong>codex</strong></span> 
     </span>
     <span class='ocr_line' id='line_1_51' title="bbox 483 4296 1547 4361; baseline 0.006 -15"><span class='ocrx_word' id='word_1_254' title='bbox 483 4297 807 4361; x_wconf 83' lang='lat' dir='ltr'><strong>Guelphicus</strong></span> <span class='ocrx_word' id='word_1_255' title='bbox 831 4296 1027 4347; x_wconf 85' lang='lat' dir='ltr'><strong>deserit</strong></span> <span class='ocrx_word' id='word_1_256' title='bbox 1054 4298 1179 4348; x_wconf 89' lang='lat' dir='ltr'><strong>illud</strong></span> <span class='ocrx_word' id='word_1_257' title='bbox 1201 4300 1360 4359; x_wconf 84' lang='lat' dir='ltr'><strong>fovet,</strong></span> <span class='ocrx_word' id='word_1_258' title='bbox 1386 4303 1436 4351; x_wconf 91' lang='lat' dir='ltr'><strong>in</strong></span> <span class='ocrx_word' id='word_1_259' title='bbox 1461 4317 1547 4351; x_wconf 88' lang='lat' dir='ltr'><strong>ce·</strong></span> 
     </span>
     <span class='ocr_line' id='line_1_52' title="bbox 483 4371 1544 4442; baseline 0.007 -19"><span class='ocrx_word' id='word_1_260' title='bbox 483 4373 610 4427; x_wconf 83' lang='lat' dir='ltr'><strong>teris</strong></span> <span class='ocrx_word' id='word_1_261' title='bbox 671 4371 937 4424; x_wconf 82' lang='lat' dir='ltr'><strong>codicibus</strong></span> <span class='ocrx_word' id='word_1_262' title='bbox 991 4374 1117 4425; x_wconf 83' lang='lat' dir='ltr'><strong>Mss.</strong></span> <span class='ocrx_word' id='word_1_263' title='bbox 1173 4377 1419 4442; x_wconf 77' lang='lat' dir='ltr'><strong>obvium3</strong></span> <span class='ocrx_word' id='word_1_264' title='bbox 1472 4379 1544 4430; x_wconf 87' lang='lat' dir='ltr'><strong>ibi</strong></span> 
     </span>
    </p>
   </div>
   <div class='ocr_carea' id='block_1_4' title="bbox 1188 393 2003 445">
    <p class='ocr_par' dir='ltr' id='par_1_10' title="bbox 1188 393 2003 445">
     <span class='ocr_line' id='line_1_53' title="bbox 1188 393 2003 445; baseline -0.001 0"><span class='ocrx_word' id='word_1_265' title='bbox 1188 394 1406 445; x_wconf 69' lang='lat' dir='ltr'>NOTAE</span> <span class='ocrx_word' id='word_1_266' title='bbox 1454 393 1867 444; x_wconf 64' lang='lat' dir='ltr'><strong>vsmomm</strong></span> <span class='ocrx_word' id='word_1_267' title='bbox 1918 394 2003 444; x_wconf 73' lang='lat' dir='ltr'><strong>m</strong></span> 
     </span>
    </p>
   </div>
   <div class='ocr_carea' id='block_1_5' title="bbox 1625 537 2726 4437">
    <p class='ocr_par' dir='ltr' id='par_1_11' title="bbox 1625 537 2726 4437">
     <span class='ocr_line' id='line_1_54' title="bbox 1635 537 2724 606; baseline 0.001 -17"><span class='ocrx_word' id='word_1_268' title='bbox 1635 538 1772 589; x_wconf 86' lang='lat' dir='ltr'><strong>enim</strong></span> <span class='ocrx_word' id='word_1_269' title='bbox 1811 552 1878 589; x_wconf 81' lang='lat' dir='ltr'><strong>ex</strong></span> <span class='ocrx_word' id='word_1_270' title='bbox 1914 552 2093 589; x_wconf 87' lang='lat' dir='ltr'><strong>errore</strong></span> <span class='ocrx_word' id='word_1_271' title='bbox 2128 537 2322 590; x_wconf 75' lang='lat' dir='ltr'><strong>librarii</strong></span> <span class='ocrx_word' id='word_1_272' title='bbox 2358 552 2535 606; x_wconf 69' lang='lat' dir='ltr'><strong>oeqne,</strong></span> <span class='ocrx_word' id='word_1_273' title='bbox 2573 555 2638 592; x_wconf 85' lang='lat' dir='ltr'><strong>ac</strong></span> <span class='ocrx_word' id='word_1_274' title='bbox 2660 539 2724 590; x_wconf 74' lang='lat' dir='ltr'><strong>in</strong></span> 
     </span>
     <span class='ocr_line' id='line_1_55' title="bbox 1633 616 2719 683; baseline 0.002 -17"><span class='ocrx_word' id='word_1_275' title='bbox 1633 616 1979 667; x_wconf 85' lang='lat' dir='ltr'><strong>Kircbmaieri</strong></span> <span class='ocrx_word' id='word_1_276' title='bbox 2003 616 2256 680; x_wconf 87' lang='lat' dir='ltr'><strong>editione,</strong></span> <span class='ocrx_word' id='word_1_277' title='bbox 2288 633 2354 667; x_wconf 83' lang='lat' dir='ltr'><strong>ex</strong></span> <span class='ocrx_word' id='word_1_278' title='bbox 2383 619 2541 683; x_wconf 84' lang='lat' dir='ltr'><strong>lapsu</strong></span> <span class='ocrx_word' id='word_1_279' title='bbox 2566 624 2719 682; x_wconf 79' lang='lat' dir='ltr'><strong>typo·</strong></span> 
     </span>
     <span class='ocr_line' id='line_1_56' title="bbox 1634 693 2719 759; baseline 0 -15"><span class='ocrx_word' id='word_1_280' title='bbox 1634 693 1837 759; x_wconf 73' lang='lat' dir='ltr'><strong>graphi,</strong></span> <span class='ocrx_word' id='word_1_281' title='bbox 1863 709 1957 758; x_wconf 85' lang='lat' dir='ltr'><strong>pro</strong></span> <span class='ocrx_word' id='word_1_282' title='bbox 1978 694 2160 756; x_wconf 78' lang='lat' dir='ltr'><strong>fovete,</strong></span> <span class='ocrx_word' id='word_1_283' title='bbox 2183 700 2334 744; x_wconf 83' lang='lat' dir='ltr'><strong>extat</strong></span> <span class='ocrx_word' id='word_1_284' title='bbox 2354 695 2618 744; x_wconf 84' lang='lat' dir='ltr'><strong>mendose</strong></span> <span class='ocrx_word' id='word_1_285' title='bbox 2634 695 2719 751; x_wconf 74' lang='lat' dir='ltr'><strong>so·</strong></span> 
     </span>
     <span class='ocr_line' id='line_1_57' title="bbox 1632 769 2720 832; baseline 0 -14"><span class='ocrx_word' id='word_1_286' title='bbox 1632 783 1759 820; x_wconf 75' lang='lat' dir='ltr'><strong>ecre.</strong></span> <span class='ocrx_word' id='word_1_287' title='bbox 1819 769 2028 818; x_wconf 88' lang='lat' dir='ltr'><strong>Primus</strong></span> <span class='ocrx_word' id='word_1_288' title='bbox 2051 776 2308 832; x_wconf 75' lang='lat' dir='ltr'><strong>praeterea</strong></span> <span class='ocrx_word' id='word_1_289' title='bbox 2335 770 2627 819; x_wconf 81' lang='lat' dir='ltr'><strong>Rhenanus</strong></span> <span class='ocrx_word' id='word_1_290' title='bbox 2654 770 2720 818; x_wconf 87' lang='lat' dir='ltr'><strong>si·</strong></span> 
     </span>
     <span class='ocr_line' id='line_1_58' title="bbox 1634 846 2720 911; baseline -0.001 -15"><span class='ocrx_word' id='word_1_291' title='bbox 1634 848 1740 896; x_wconf 89' lang='lat' dir='ltr'><strong>mul</strong></span> <span class='ocrx_word' id='word_1_292' title='bbox 1763 847 2031 911; x_wconf 74' lang='lat' dir='ltr'><strong>evulgavit</strong></span> <span class='ocrx_word' id='word_1_293' title='bbox 2049 846 2370 911; x_wconf 78' lang='lat' dir='ltr'><strong>adverbium,</strong></span> <span class='ocrx_word' id='word_1_294' title='bbox 2381 849 2560 908; x_wconf 73' lang='lat' dir='ltr'><strong>fovete</strong></span> <span class='ocrx_word' id='word_1_295' title='bbox 2580 863 2720 896; x_wconf 78' lang='lat' dir='ltr'><strong>sauc-</strong></span> 
     </span>
     <span class='ocr_line' id='line_1_59' title="bbox 1634 921 2724 987; baseline 0.002 -16"><span class='ocrx_word' id='word_1_296' title='bbox 1634 928 1719 981; x_wconf 75' lang='lat' dir='ltr'><strong>te,·</strong></span> <span class='ocrx_word' id='word_1_297' title='bbox 1773 921 1930 987; x_wconf 88' lang='lat' dir='ltr'><strong>idque</strong></span> <span class='ocrx_word' id='word_1_298' title='bbox 1977 923 2179 973; x_wconf 80' lang='lat' dir='ltr'><strong>notavit</strong></span> <span class='ocrx_word' id='word_1_299' title='bbox 2217 923 2480 973; x_wconf 88' lang='lat' dir='ltr'><strong>Livineius</strong></span> <span class='ocrx_word' id='word_1_300' title='bbox 2528 925 2586 973; x_wconf 92' lang='lat' dir='ltr'><strong>in</strong></span> <span class='ocrx_word' id='word_1_301' title='bbox 2632 939 2724 973; x_wconf 90' lang='lat' dir='ltr'><strong>ora</strong></span> 
     </span>
     <span class='ocr_line' id='line_1_60' title="bbox 1634 998 2726 1062; baseline 0.001 -14"><span class='ocrx_word' id='word_1_302' title='bbox 1634 999 1881 1048; x_wconf 82' lang='lat' dir='ltr'><strong>editionis</strong></span> <span class='ocrx_word' id='word_1_303' title='bbox 1924 1014 2050 1062; x_wconf 72' lang='lat' dir='ltr'><strong>suae,</strong></span> <span class='ocrx_word' id='word_1_304' title='bbox 2085 998 2176 1048; x_wconf 89' lang='lat' dir='ltr'><strong>sed</strong></span> <span class='ocrx_word' id='word_1_305' title='bbox 2219 1001 2292 1048; x_wconf 85' lang='lat' dir='ltr'><strong>ita</strong></span> <span class='ocrx_word' id='word_1_306' title='bbox 2332 1006 2388 1050; x_wconf 87' lang='lat' dir='ltr'><strong>ut</strong></span> <span class='ocrx_word' id='word_1_307' title='bbox 2427 1000 2726 1061; x_wconf 86' lang='lat' dir='ltr'><strong>monuerit,</strong></span> 
     </span>
     <span class='ocr_line' id='line_1_61' title="bbox 1632 1073 2720 1139; baseline 0.004 -15"><span class='ocrx_word' id='word_1_308' title='bbox 1632 1073 1774 1124; x_wconf 78' lang='lat' dir='ltr'><strong>forte</strong></span> <span class='ocrx_word' id='word_1_309' title='bbox 1806 1089 1901 1139; x_wconf 90' lang='lat' dir='ltr'><strong>pro</strong></span> <span class='ocrx_word' id='word_1_310' title='bbox 1934 1080 2118 1132; x_wconf 75' lang='lat' dir='ltr'><strong>sancte,</strong></span> <span class='ocrx_word' id='word_1_311' title='bbox 2156 1075 2561 1126; x_wconf 84' lang='lat' dir='ltr'><strong>rescribendum</strong></span> <span class='ocrx_word' id='word_1_312' title='bbox 2602 1091 2720 1129; x_wconf 83' lang='lat' dir='ltr'><strong>esse</strong></span> 
     </span>
     <span class='ocr_line' id='line_1_62' title="bbox 1632 1149 2721 1215; baseline 0.002 -16"><span class='ocrx_word' id='word_1_313' title='bbox 1632 1165 1762 1201; x_wconf 73' lang='lat' dir='ltr'><strong>sone.</strong></span> <span class='ocrx_word' id='word_1_314' title='bbox 1846 1149 1909 1199; x_wconf 85' lang='lat' dir='ltr'><strong>ld</strong></span> <span class='ocrx_word' id='word_1_315' title='bbox 1966 1152 2133 1215; x_wconf 83' lang='lat' dir='ltr'><strong>ipsum</strong></span> <span class='ocrx_word' id='word_1_316' title='bbox 2184 1151 2495 1203; x_wconf 82' lang='lat' dir='ltr'><strong>adverbium</strong></span> <span class='ocrx_word' id='word_1_317' title='bbox 2553 1156 2721 1202; x_wconf 77' lang='lat' dir='ltr'><strong>sancte</strong></span> 
     </span>
     <span class='ocr_line' id='line_1_63' title="bbox 1634 1227 2718 1293; baseline 0.003 -17"><span class='ocrx_word' id='word_1_318' title='bbox 1634 1227 1842 1291; x_wconf 86' lang='lat' dir='ltr'><strong>Lipsius</strong></span> <span class='ocrx_word' id='word_1_319' title='bbox 1861 1242 1963 1277; x_wconf 90' lang='lat' dir='ltr'><strong>non</strong></span> <span class='ocrx_word' id='word_1_320' title='bbox 1982 1228 2190 1293; x_wconf 84' lang='lat' dir='ltr'><strong>quidem</strong></span> <span class='ocrx_word' id='word_1_321' title='bbox 2216 1229 2483 1293; x_wconf 76' lang='lat' dir='ltr'><strong>indignum</strong></span> <span class='ocrx_word' id='word_1_322' title='bbox 2511 1230 2718 1290; x_wconf 84' lang='lat' dir='ltr'><strong>habuit,</strong></span> 
     </span>
     <span class='ocr_line' id='line_1_64' title="bbox 1634 1304 2719 1369; baseline 0.005 -17"><span class='ocrx_word' id='word_1_323' title='bbox 1634 1304 1772 1369; x_wconf 86' lang='lat' dir='ltr'><strong>quod</strong></span> <span class='ocrx_word' id='word_1_324' title='bbox 1798 1305 2058 1368; x_wconf 85' lang='lat' dir='ltr'><strong>reciperet</strong></span> <span class='ocrx_word' id='word_1_325' title='bbox 2081 1305 2132 1355; x_wconf 89' lang='lat' dir='ltr'><strong>in</strong></span> <span class='ocrx_word' id='word_1_326' title='bbox 2169 1314 2521 1368; x_wconf 81' lang='lat' dir='ltr'><strong>contextum3</strong></span> <span class='ocrx_word' id='word_1_327' title='bbox 2559 1321 2719 1357; x_wconf 80' lang='lat' dir='ltr'><strong>anno·</strong></span> 
     </span>
     <span class='ocr_line' id='line_1_65' title="bbox 1634 1384 2720 1449; baseline 0.002 -17"><span class='ocrx_word' id='word_1_328' title='bbox 1634 1384 1768 1433; x_wconf 86' lang='lat' dir='ltr'><strong>tavit</strong></span> <span class='ocrx_word' id='word_1_329' title='bbox 1807 1391 1978 1434; x_wconf 86' lang='lat' dir='ltr'><strong>tamen</strong></span> <span class='ocrx_word' id='word_1_330' title='bbox 2018 1385 2188 1447; x_wconf 87' lang='lat' dir='ltr'><strong>simul,</strong></span> <span class='ocrx_word' id='word_1_331' title='bbox 2223 1399 2280 1435; x_wconf 84' lang='lat' dir='ltr'><strong>se</strong></span> <span class='ocrx_word' id='word_1_332' title='bbox 2318 1400 2417 1449; x_wconf 85' lang='lat' dir='ltr'><strong>pro</strong></span> <span class='ocrx_word' id='word_1_333' title='bbox 2453 1400 2524 1437; x_wconf 88' lang='lat' dir='ltr'><strong>eo</strong></span> <span class='ocrx_word' id='word_1_334' title='bbox 2561 1386 2720 1435; x_wconf 85' lang='lat' dir='ltr'><strong>malle</strong></span> 
     </span>
     <span class='ocr_line' id='line_1_66' title="bbox 1630 1460 2720 1526; baseline 0.003 -18"><span class='ocrx_word' id='word_1_335' title='bbox 1630 1463 1848 1520; x_wconf 60' lang='lat' dir='ltr'><strong>maciem</strong></span> <span class='ocrx_word' id='word_1_336' title='bbox 1891 1460 1983 1510; x_wconf 88' lang='lat' dir='ltr'><strong>sed</strong></span> <span class='ocrx_word' id='word_1_337' title='bbox 2024 1461 2137 1511; x_wconf 86' lang='lat' dir='ltr'><strong>sine</strong></span> <span class='ocrx_word' id='word_1_338' title='bbox 2173 1463 2427 1526; x_wconf 83' lang='lat' dir='ltr'><strong>applausu</strong></span> <span class='ocrx_word' id='word_1_339' title='bbox 2468 1462 2720 1513; x_wconf 87' lang='lat' dir='ltr'><strong>aliorum.</strong></span> 
     </span>
     <span class='ocr_line' id='line_1_67' title="bbox 1634 1537 2719 1603; baseline -0.001 -16"><span class='ocrx_word' id='word_1_340' title='bbox 1634 1537 1853 1587; x_wconf 88' lang='lat' dir='ltr'><strong>Interim</strong></span> <span class='ocrx_word' id='word_1_341' title='bbox 1892 1547 2011 1600; x_wconf 84' lang='lat' dir='ltr'><strong>post</strong></span> <span class='ocrx_word' id='word_1_342' title='bbox 2044 1539 2274 1603; x_wconf 86' lang='lat' dir='ltr'><strong>Lipsium</strong></span> <span class='ocrx_word' id='word_1_343' title='bbox 2307 1554 2491 1589; x_wconf 90' lang='lat' dir='ltr'><strong>omnes</strong></span> <span class='ocrx_word' id='word_1_344' title='bbox 2531 1552 2719 1588; x_wconf 85' lang='lat' dir='ltr'><strong>recen·</strong></span> 
     </span>
     <span class='ocr_line' id='line_1_68' title="bbox 1633 1615 2718 1681; baseline -0.001 -17"><span class='ocrx_word' id='word_1_345' title='bbox 1633 1615 1792 1664; x_wconf 85' lang='lat' dir='ltr'><strong>tiores</strong></span> <span class='ocrx_word' id='word_1_346' title='bbox 1835 1615 1973 1665; x_wconf 86' lang='lat' dir='ltr'><strong>idem</strong></span> <span class='ocrx_word' id='word_1_347' title='bbox 2021 1615 2321 1666; x_wconf 83' lang='lat' dir='ltr'><strong>adverbium</strong></span> <span class='ocrx_word' id='word_1_348' title='bbox 2366 1616 2718 1681; x_wconf 74' lang='lat' dir='ltr'><strong>adoptarunt.</strong></span> 
     </span>
     <span class='ocr_line' id='line_1_69' title="bbox 1630 1692 2718 1757; baseline 0.002 -17"><span class='ocrx_word' id='word_1_349' title='bbox 1630 1692 1750 1744; x_wconf 82' lang='lat' dir='ltr'><strong>Jam</strong></span> <span class='ocrx_word' id='word_1_350' title='bbox 1776 1693 1968 1755; x_wconf 85' lang='lat' dir='ltr'><strong>largior</strong></span> <span class='ocrx_word' id='word_1_351' title='bbox 1985 1694 2215 1757; x_wconf 87' lang='lat' dir='ltr'><strong>quidem,</strong></span> <span class='ocrx_word' id='word_1_352' title='bbox 2230 1695 2364 1743; x_wconf 71' lang='lat' dir='ltr'><strong>lianc</strong></span> <span class='ocrx_word' id='word_1_353' title='bbox 2384 1707 2575 1743; x_wconf 84' lang='lat' dir='ltr'><strong>vocem</strong></span> <span class='ocrx_word' id='word_1_354' title='bbox 2601 1693 2718 1742; x_wconf 82' lang='lat' dir='ltr'><strong>sine</strong></span> 
     </span>
     <span class='ocr_line' id='line_1_70' title="bbox 1633 1767 2723 1821; baseline -0.001 -2"><span class='ocrx_word' id='word_1_355' title='bbox 1633 1767 1895 1819; x_wconf 85' lang='lat' dir='ltr'><strong>dedecore</strong></span> <span class='ocrx_word' id='word_1_356' title='bbox 1929 1768 2178 1819; x_wconf 84' lang='lat' dir='ltr'><strong>orationis</strong></span> <span class='ocrx_word' id='word_1_357' title='bbox 2204 1769 2460 1821; x_wconf 74' lang='lat' dir='ltr'><strong>Plinianae</strong></span> <span class='ocrx_word' id='word_1_358' title='bbox 2501 1767 2723 1819; x_wconf 83' lang='lat' dir='ltr'><strong>admitti</strong></span> 
     </span>
     <span class='ocr_line' id='line_1_71' title="bbox 1632 1845 2718 1910; baseline 0 -16"><span class='ocrx_word' id='word_1_359' title='bbox 1632 1859 1818 1909; x_wconf 88' lang='lat' dir='ltr'><strong>posse;</strong></span> <span class='ocrx_word' id='word_1_360' title='bbox 1851 1846 1895 1894; x_wconf 84' lang='lat' dir='ltr'><strong>si</strong></span> <span class='ocrx_word' id='word_1_361' title='bbox 1919 1860 2102 1910; x_wconf 86' lang='lat' dir='ltr'><strong>nempe</strong></span> <span class='ocrx_word' id='word_1_362' title='bbox 2128 1847 2240 1897; x_wconf 79' lang='lat' dir='ltr'><strong>baec</strong></span> <span class='ocrx_word' id='word_1_363' title='bbox 2261 1847 2420 1897; x_wconf 86' lang='lat' dir='ltr'><strong>verba</strong></span> <span class='ocrx_word' id='word_1_364' title='bbox 2446 1860 2515 1897; x_wconf 84' lang='lat' dir='ltr'><strong>ex</strong></span> <span class='ocrx_word' id='word_1_365' title='bbox 2545 1845 2718 1897; x_wconf 84' lang='lat' dir='ltr'><strong>Cella·</strong></span> 
     </span>
     <span class='ocr_line' id='line_1_72' title="bbox 1633 1922 2718 1988; baseline 0.001 -18"><span class='ocrx_word' id='word_1_366' title='bbox 1633 1922 1697 1971; x_wconf 91' lang='lat' dir='ltr'><strong>rii</strong></span> <span class='ocrx_word' id='word_1_367' title='bbox 1743 1923 2174 1987; x_wconf 82' lang='lat' dir='ltr'><strong>interpretatione</strong></span> <span class='ocrx_word' id='word_1_368' title='bbox 2219 1937 2492 1988; x_wconf 78' lang='lat' dir='ltr'><strong>exponas:</strong></span> <span class='ocrx_word' id='word_1_369' title='bbox 2540 1924 2718 1974; x_wconf 85' lang='lat' dir='ltr'><strong>‘Cum</strong></span> 
     </span>
     <span class='ocr_line' id='line_1_73' title="bbox 1631 2000 2719 2063; baseline 0.003 -17"><span class='ocrx_word' id='word_1_370' title='bbox 1631 2000 1931 2048; x_wconf 82' lang='lat' dir='ltr'><strong>reverentia</strong></span> <span class='ocrx_word' id='word_1_371' title='bbox 1965 2006 2021 2049; x_wconf 92' lang='lat' dir='ltr'><strong>et</strong></span> <span class='ocrx_word' id='word_1_372' title='bbox 2058 2000 2251 2049; x_wconf 83' lang='lat' dir='ltr'><strong>bonore</strong></span> <span class='ocrx_word' id='word_1_373' title='bbox 2285 2000 2457 2048; x_wconf 83' lang='lat' dir='ltr'><strong>omnia</strong></span> <span class='ocrx_word' id='word_1_374' title='bbox 2491 2000 2719 2063; x_wconf 71' lang='lat' dir='ltr'><strong>agitate,</strong></span> 
     </span>
     <span class='ocr_line' id='line_1_74' title="bbox 1631 2075 2718 2141; baseline 0.002 -18"><span class='ocrx_word' id='word_1_375' title='bbox 1631 2088 1746 2139; x_wconf 79' lang='lat' dir='ltr'><strong>quae</strong></span> <span class='ocrx_word' id='word_1_376' title='bbox 1768 2075 1832 2125; x_wconf 84' lang='lat' dir='ltr'><strong>ad</strong></span> <span class='ocrx_word' id='word_1_377' title='bbox 1854 2076 2101 2125; x_wconf 84' lang='lat' dir='ltr'><strong>alendum</strong></span> <span class='ocrx_word' id='word_1_378' title='bbox 2139 2076 2267 2126; x_wconf 89' lang='lat' dir='ltr'><strong>illud</strong></span> <span class='ocrx_word' id='word_1_379' title='bbox 2290 2075 2552 2140; x_wconf 85' lang='lat' dir='ltr'><strong>principis</strong></span> <span class='ocrx_word' id='word_1_380' title='bbox 2569 2076 2718 2141; x_wconf 57' lang='lat' dir='ltr'><strong>,iudi-</strong></span> 
     </span>
     <span class='ocr_line' id='line_1_75' title="bbox 1630 2150 2719 2218; baseline 0.004 -19"><span class='ocrx_word' id='word_1_381' title='bbox 1630 2151 1789 2215; x_wconf 89' lang='lat' dir='ltr'><strong>cium,</strong></span> <span class='ocrx_word' id='word_1_382' title='bbox 1819 2153 2350 2218; x_wconf 86' lang='lat' dir='ltr'><strong>conservandumque,</strong></span> <span class='ocrx_word' id='word_1_383' title='bbox 2385 2150 2719 2203; x_wconf 53' lang='lat' dir='ltr'><strong>conferunt-P</strong></span> 
     </span>
     <span class='ocr_line' id='line_1_76' title="bbox 1631 2229 2718 2294; baseline 0.001 -16"><span class='ocrx_word' id='word_1_384' title='bbox 1631 2229 1850 2279; x_wconf 86' lang='lat' dir='ltr'><strong>Interim</strong></span> <span class='ocrx_word' id='word_1_385' title='bbox 1883 2244 2089 2294; x_wconf 83' lang='lat' dir='ltr'><strong>prorsus</strong></span> <span class='ocrx_word' id='word_1_386' title='bbox 2123 2230 2248 2279; x_wconf 83' lang='lat' dir='ltr'><strong>mihi</strong></span> <span class='ocrx_word' id='word_1_387' title='bbox 2284 2244 2601 2294; x_wconf 85' lang='lat' dir='ltr'><strong>persuasum</strong></span> <span class='ocrx_word' id='word_1_388' title='bbox 2626 2231 2718 2279; x_wconf 88' lang='lat' dir='ltr'><strong>ba·</strong></span> 
     </span>
     <span class='ocr_line' id='line_1_77' title="bbox 1631 2304 2716 2363; baseline 0 -8"><span class='ocrx_word' id='word_1_389' title='bbox 1631 2304 1747 2363; x_wconf 89' lang='lat' dir='ltr'><strong>beo,</strong></span> <span class='ocrx_word' id='word_1_390' title='bbox 1777 2307 2081 2356; x_wconf 87' lang='lat' dir='ltr'><strong>vocabulum</strong></span> <span class='ocrx_word' id='word_1_391' title='bbox 2117 2310 2279 2359; x_wconf 78' lang='lat' dir='ltr'><strong>sancte</strong></span> <span class='ocrx_word' id='word_1_392' title='bbox 2316 2305 2413 2356; x_wconf 87' lang='lat' dir='ltr'><strong>boc</strong></span> <span class='ocrx_word' id='word_1_393' title='bbox 2450 2307 2574 2356; x_wconf 81' lang='lat' dir='ltr'><strong>loco</strong></span> <span class='ocrx_word' id='word_1_394' title='bbox 2609 2320 2716 2355; x_wconf 91' lang='lat' dir='ltr'><strong>non</strong></span> 
     </span>
     <span class='ocr_line' id='line_1_78' title="bbox 1631 2378 2714 2448; baseline 0 -17"><span class='ocrx_word' id='word_1_395' title='bbox 1631 2381 1699 2432; x_wconf 80' lang='lat' dir='ltr'><strong>ab</strong></span> <span class='ocrx_word' id='word_1_396' title='bbox 1733 2384 1846 2447; x_wconf 78' lang='lat' dir='ltr'><strong>ipso</strong></span> <span class='ocrx_word' id='word_1_397' title='bbox 1880 2382 2075 2445; x_wconf 88' lang='lat' dir='ltr'><strong>Plinio,</strong></span> <span class='ocrx_word' id='word_1_398' title='bbox 2098 2383 2186 2431; x_wconf 87' lang='lat' dir='ltr'><strong>sed</strong></span> <span class='ocrx_word' id='word_1_399' title='bbox 2224 2397 2254 2433; x_wconf 90' lang='lat' dir='ltr'><strong>a</strong></span> <span class='ocrx_word' id='word_1_400' title='bbox 2281 2378 2567 2445; x_wconf 79' lang='lat' dir='ltr'><strong>Rhenano,</strong></span> <span class='ocrx_word' id='word_1_401' title='bbox 2593 2396 2714 2448; x_wconf 89' lang='lat' dir='ltr'><strong>pro-</strong></span> 
     </span>
     <span class='ocr_line' id='line_1_79' title="bbox 1629 2459 2715 2526; baseline 0 -16"><span class='ocrx_word' id='word_1_402' title='bbox 1629 2459 1848 2525; x_wconf 74' lang='lat' dir='ltr'><strong>fectum,</strong></span> <span class='ocrx_word' id='word_1_403' title='bbox 1893 2461 2216 2526; x_wconf 84' lang='lat' dir='ltr'><strong>orationique</strong></span> <span class='ocrx_word' id='word_1_404' title='bbox 2265 2461 2526 2510; x_wconf 82' lang='lat' dir='ltr'><strong>intrusum</strong></span> <span class='ocrx_word' id='word_1_405' title='bbox 2577 2474 2715 2521; x_wconf 86' lang='lat' dir='ltr'><strong>esse,</strong></span> 
     </span>
     <span class='ocr_line' id='line_1_80' title="bbox 1631 2536 2712 2603; baseline -0.002 -16"><span class='ocrx_word' id='word_1_406' title='bbox 1631 2553 1747 2588; x_wconf 90' lang='lat' dir='ltr'><strong>cum</strong></span> <span class='ocrx_word' id='word_1_407' title='bbox 1784 2539 1896 2603; x_wconf 84' lang='lat' dir='ltr'><strong>ipse</strong></span> <span class='ocrx_word' id='word_1_408' title='bbox 1932 2538 2213 2587; x_wconf 80' lang='lat' dir='ltr'><strong>Rhenanus</strong></span> <span class='ocrx_word' id='word_1_409' title='bbox 2247 2536 2468 2599; x_wconf 78' lang='lat' dir='ltr'><strong>ingenue</strong></span> <span class='ocrx_word' id='word_1_410' title='bbox 2495 2536 2567 2586; x_wconf 90' lang='lat' dir='ltr'><strong>sit</strong></span> <span class='ocrx_word' id='word_1_411' title='bbox 2593 2550 2712 2600; x_wconf 71' lang='lat' dir='ltr'><strong>pro-</strong></span> 
     </span>
     <span class='ocr_line' id='line_1_81' title="bbox 1629 2613 2711 2680; baseline -0.003 -15"><span class='ocrx_word' id='word_1_412' title='bbox 1629 2616 1815 2672; x_wconf 78' lang='lat' dir='ltr'><strong>fessus,</strong></span> <span class='ocrx_word' id='word_1_413' title='bbox 1840 2631 1915 2672; x_wconf 84' lang='lat' dir='ltr'><strong>se,</strong></span> <span class='ocrx_word' id='word_1_414' title='bbox 1938 2613 2193 2680; x_wconf 88' lang='lat' dir='ltr'><strong>quidquid</strong></span> <span class='ocrx_word' id='word_1_415' title='bbox 2217 2615 2270 2663; x_wconf 88' lang='lat' dir='ltr'><strong>in</strong></span> <span class='ocrx_word' id='word_1_416' title='bbox 2293 2615 2392 2664; x_wconf 93' lang='lat' dir='ltr'><strong>hoc</strong></span> <span class='ocrx_word' id='word_1_417' title='bbox 2417 2613 2584 2663; x_wconf 86' lang='lat' dir='ltr'><strong>Plinii</strong></span> <span class='ocrx_word' id='word_1_418' title='bbox 2611 2615 2711 2663; x_wconf 85' lang='lat' dir='ltr'><strong>Pa·</strong></span> 
     </span>
     <span class='ocr_line' id='line_1_82' title="bbox 1630 2689 2713 2757; baseline -0.005 -15"><span class='ocrx_word' id='word_1_419' title='bbox 1630 2694 1877 2757; x_wconf 81' lang='lat' dir='ltr'><strong>negyrico</strong></span> <span class='ocrx_word' id='word_1_420' title='bbox 1913 2694 2196 2743; x_wconf 88' lang='lat' dir='ltr'><strong>restituere</strong></span> <span class='ocrx_word' id='word_1_421' title='bbox 2226 2696 2283 2741; x_wconf 91' lang='lat' dir='ltr'><strong>et</strong></span> <span class='ocrx_word' id='word_1_422' title='bbox 2315 2689 2603 2740; x_wconf 84' lang='lat' dir='ltr'><strong>emendare</strong></span> <span class='ocrx_word' id='word_1_423' title='bbox 2627 2703 2713 2738; x_wconf 64' lang='lat' dir='ltr'><strong>cos</strong></span> 
     </span>
     <span class='ocr_line' id='line_1_83' title="bbox 1630 2769 2710 2835; baseline -0.003 -15"><span class='ocrx_word' id='word_1_424' title='bbox 1630 2779 1783 2820; x_wconf 89' lang='lat' dir='ltr'><strong>natus</strong></span> <span class='ocrx_word' id='word_1_425' title='bbox 1807 2771 1897 2832; x_wconf 86' lang='lat' dir='ltr'><strong>sit,</strong></span> <span class='ocrx_word' id='word_1_426' title='bbox 1911 2769 2167 2835; x_wconf 86' lang='lat' dir='ltr'><strong>judicium</strong></span> <span class='ocrx_word' id='word_1_427' title='bbox 2206 2774 2408 2817; x_wconf 85' lang='lat' dir='ltr'><strong>tantum</strong></span> <span class='ocrx_word' id='word_1_428' title='bbox 2443 2782 2602 2817; x_wconf 84' lang='lat' dir='ltr'><strong>suurn</strong></span> <span class='ocrx_word' id='word_1_429' title='bbox 2632 2781 2710 2817; x_wconf 87' lang='lat' dir='ltr'><strong>se·</strong></span> 
     </span>
     <span class='ocr_line' id='line_1_84' title="bbox 1630 2845 2711 2911; baseline -0.005 -13"><span class='ocrx_word' id='word_1_430' title='bbox 1630 2857 1813 2899; x_wconf 87' lang='lat' dir='ltr'><strong>cutum</strong></span> <span class='ocrx_word' id='word_1_431' title='bbox 1848 2862 1994 2908; x_wconf 82' lang='lat' dir='ltr'><strong>esse3</strong></span> <span class='ocrx_word' id='word_1_432' title='bbox 2033 2846 2151 2911; x_wconf 89' lang='lat' dir='ltr'><strong>quia</strong></span> <span class='ocrx_word' id='word_1_433' title='bbox 2187 2845 2419 2894; x_wconf 86' lang='lat' dir='ltr'><strong>caruerit</strong></span> <span class='ocrx_word' id='word_1_434' title='bbox 2456 2845 2711 2907; x_wconf 83' lang='lat' dir='ltr'><strong>exemplo</strong></span> 
     </span>
     <span class='ocr_line' id='line_1_85' title="bbox 1632 2919 2710 2989; baseline -0.002 -16"><span class='ocrx_word' id='word_1_435' title='bbox 1632 2934 1855 2986; x_wconf 81' lang='lat' dir='ltr'><strong>vetusto,</strong></span> <span class='ocrx_word' id='word_1_436' title='bbox 1875 2939 1989 2974; x_wconf 88' lang='lat' dir='ltr'><strong>cum</strong></span> <span class='ocrx_word' id='word_1_437' title='bbox 2015 2939 2116 2989; x_wconf 92' lang='lat' dir='ltr'><strong>quo</strong></span> <span class='ocrx_word' id='word_1_438' title='bbox 2142 2921 2425 2973; x_wconf 84' lang='lat' dir='ltr'><strong>conferret.</strong></span> <span class='ocrx_word' id='word_1_439' title='bbox 2493 2919 2573 2971; x_wconf 80' lang='lat' dir='ltr'><strong>At</strong></span> <span class='ocrx_word' id='word_1_440' title='bbox 2609 2933 2710 2971; x_wconf 78' lang='lat' dir='ltr'><strong>nec</strong></span> 
     </span>
     <span class='ocr_line' id='line_1_86' title="bbox 1631 2998 2712 3066; baseline -0.005 -15"><span class='ocrx_word' id='word_1_441' title='bbox 1631 3010 1809 3066; x_wconf 76' lang='lat' dir='ltr'><strong>negat,</strong></span> <span class='ocrx_word' id='word_1_442' title='bbox 1849 3015 2030 3066; x_wconf 84' lang='lat' dir='ltr'><strong>parum</strong></span> <span class='ocrx_word' id='word_1_443' title='bbox 2074 2998 2285 3050; x_wconf 86' lang='lat' dir='ltr'><strong>felicem</strong></span> <span class='ocrx_word' id='word_1_444' title='bbox 2323 3012 2436 3047; x_wconf 86' lang='lat' dir='ltr'><strong>esse</strong></span> <span class='ocrx_word' id='word_1_445' title='bbox 2477 2998 2712 3061; x_wconf 68' lang='lat' dir='ltr'><strong>castiga,</strong></span> 
     </span>
     <span class='ocr_line' id='line_1_87' title="bbox 1632 3076 2708 3144; baseline -0.006 -15"><span class='ocrx_word' id='word_1_446' title='bbox 1632 3080 1827 3129; x_wconf 87' lang='lat' dir='ltr'><strong>tionem</strong></span> <span class='ocrx_word' id='word_1_447' title='bbox 1853 3079 2045 3144; x_wconf 88' lang='lat' dir='ltr'><strong>absque</strong></span> <span class='ocrx_word' id='word_1_448' title='bbox 2068 3077 2252 3127; x_wconf 92' lang='lat' dir='ltr'><strong>codice</strong></span> <span class='ocrx_word' id='word_1_449' title='bbox 2280 3083 2503 3125; x_wconf 84' lang='lat' dir='ltr'><strong>vetusto.</strong></span> <span class='ocrx_word' id='word_1_450' title='bbox 2572 3076 2708 3126; x_wconf 81' lang='lat' dir='ltr'><strong>Quae</strong></span> 
     </span>
     <span class='ocr_line' id='line_1_88' title="bbox 1630 3152 2709 3213; baseline -0.005 -9"><span class='ocrx_word' id='word_1_451' title='bbox 1630 3170 1747 3205; x_wconf 88' lang='lat' dir='ltr'><strong>cnm</strong></span> <span class='ocrx_word' id='word_1_452' title='bbox 1791 3155 1863 3205; x_wconf 87' lang='lat' dir='ltr'><strong>ita</strong></span> <span class='ocrx_word' id='word_1_453' title='bbox 1901 3155 2024 3211; x_wconf 88' lang='lat' dir='ltr'><strong>sint,</strong></span> <span class='ocrx_word' id='word_1_454' title='bbox 2059 3154 2154 3203; x_wconf 85' lang='lat' dir='ltr'><strong>boc</strong></span> <span class='ocrx_word' id='word_1_455' title='bbox 2187 3152 2489 3202; x_wconf 84' lang='lat' dir='ltr'><strong>adverbium</strong></span> <span class='ocrx_word' id='word_1_456' title='bbox 2521 3155 2709 3213; x_wconf 73' lang='lat' dir='ltr'><strong>macte,</strong></span> 
     </span>
     <span class='ocr_line' id='line_1_89' title="bbox 1631 3218 2709 3298; baseline -0.003 -18"><span class='ocrx_word' id='word_1_457' title='bbox 1631 3234 1768 3298; x_wconf 87' lang='lat' dir='ltr'><strong>quod</strong></span> <span class='ocrx_word' id='word_1_458' title='bbox 1793 3248 1858 3286; x_wconf 82' lang='lat' dir='ltr'><strong>ex</strong></span> <span class='ocrx_word' id='word_1_459' title='bbox 1884 3218 2053 3282; x_wconf 76' lang='lat' dir='ltr'><strong>alieno</strong></span> <span class='ocrx_word' id='word_1_460' title='bbox 2087 3231 2296 3295; x_wconf 82' lang='lat' dir='ltr'><strong>ingenio</strong></span> <span class='ocrx_word' id='word_1_461' title='bbox 2329 3238 2511 3280; x_wconf 86' lang='lat' dir='ltr'><strong>natum</strong></span> <span class='ocrx_word' id='word_1_462' title='bbox 2535 3229 2709 3292; x_wconf 86' lang='lat' dir='ltr'><strong>irrep-</strong></span> 
     </span>
     <span class='ocr_line' id='line_1_90' title="bbox 1629 3305 2709 3375; baseline -0.006 -15"><span class='ocrx_word' id='word_1_463' title='bbox 1629 3311 1715 3368; x_wconf 84' lang='lat' dir='ltr'><strong>sit,</strong></span> <span class='ocrx_word' id='word_1_464' title='bbox 1742 3325 1908 3375; x_wconf 86' lang='lat' dir='ltr'><strong>neque</strong></span> <span class='ocrx_word' id='word_1_465' title='bbox 1937 3310 2003 3359; x_wconf 86' lang='lat' dir='ltr'><strong>ab</strong></span> <span class='ocrx_word' id='word_1_466' title='bbox 2037 3310 2144 3360; x_wconf 89' lang='lat' dir='ltr'><strong>ullo</strong></span> <span class='ocrx_word' id='word_1_467' title='bbox 2178 3307 2357 3360; x_wconf 88' lang='lat' dir='ltr'><strong>codice</strong></span> <span class='ocrx_word' id='word_1_468' title='bbox 2388 3309 2491 3357; x_wconf 86' lang='lat' dir='ltr'><strong>Ms.</strong></span> <span class='ocrx_word' id='word_1_469' title='bbox 2512 3305 2709 3356; x_wconf 68' lang='lat' dir='ltr'><strong>confir-2</strong></span> 
     </span>
     <span class='ocr_line' id='line_1_91' title="bbox 1630 3386 2704 3452; baseline -0.007 -13"><span class='ocrx_word' id='word_1_470' title='bbox 1630 3396 1818 3451; x_wconf 85' lang='lat' dir='ltr'><strong>matur,</strong></span> <span class='ocrx_word' id='word_1_471' title='bbox 1840 3388 1978 3439; x_wconf 92' lang='lat' dir='ltr'><strong>bona</strong></span> <span class='ocrx_word' id='word_1_472' title='bbox 2012 3398 2142 3452; x_wconf 85' lang='lat' dir='ltr'><strong>pace</strong></span> <span class='ocrx_word' id='word_1_473' title='bbox 2175 3386 2543 3437; x_wconf 89' lang='lat' dir='ltr'><strong>dimittendum</strong></span> <span class='ocrx_word' id='word_1_474' title='bbox 2583 3399 2704 3434; x_wconf 59' lang='lat' dir='ltr'><strong>cen,</strong></span> 
     </span>
     <span class='ocr_line' id='line_1_92' title="bbox 1628 3460 2705 3526; baseline -0.003 -15"><span class='ocrx_word' id='word_1_475' title='bbox 1628 3464 1727 3512; x_wconf 87' lang='lat' dir='ltr'><strong>sui.</strong></span> <span class='ocrx_word' id='word_1_476' title='bbox 1795 3465 2063 3526; x_wconf 85' lang='lat' dir='ltr'><strong>Ceterum,</strong></span> <span class='ocrx_word' id='word_1_477' title='bbox 2078 3464 2146 3513; x_wconf 90' lang='lat' dir='ltr'><strong>de</strong></span> <span class='ocrx_word' id='word_1_478' title='bbox 2171 3478 2298 3513; x_wconf 86' lang='lat' dir='ltr'><strong>voce</strong></span> <span class='ocrx_word' id='word_1_479' title='bbox 2310 3461 2575 3526; x_wconf 73' lang='lat' dir='ltr'><strong>judicium,</strong></span> <span class='ocrx_word' id='word_1_480' title='bbox 2593 3460 2705 3510; x_wconf 85' lang='lat' dir='ltr'><strong>dixi</strong></span> 
     </span>
     <span class='ocr_line' id='line_1_93' title="bbox 1628 3538 2702 3605; baseline -0.003 -17"><span class='ocrx_word' id='word_1_481' title='bbox 1628 3555 1730 3589; x_wconf 87' lang='lat' dir='ltr'><strong>non</strong></span> <span class='ocrx_word' id='word_1_482' title='bbox 1768 3542 1891 3590; x_wconf 83' lang='lat' dir='ltr'><strong>nihil</strong></span> <span class='ocrx_word' id='word_1_483' title='bbox 1926 3555 2102 3604; x_wconf 85' lang='lat' dir='ltr'><strong>supra,</strong></span> <span class='ocrx_word' id='word_1_484' title='bbox 2136 3538 2200 3589; x_wconf 89' lang='lat' dir='ltr'><strong>ad</strong></span> <span class='ocrx_word' id='word_1_485' title='bbox 2234 3555 2286 3605; x_wconf 87' lang='lat' dir='ltr'><strong>p.</strong></span> <span class='ocrx_word' id='word_1_486' title='bbox 2307 3542 2425 3588; x_wconf 74' lang='lat'><strong>933.</strong></span> <span class='ocrx_word' id='word_1_487' title='bbox 2488 3538 2552 3587; x_wconf 89' lang='lat' dir='ltr'><strong>In</strong></span> <span class='ocrx_word' id='word_1_488' title='bbox 2592 3550 2702 3586; x_wconf 86' lang='lat' dir='ltr'><strong>ver·</strong></span> 
     </span>
     <span class='ocr_line' id='line_1_94' title="bbox 1630 3616 2702 3680; baseline -0.004 -13"><span class='ocrx_word' id='word_1_489' title='bbox 1630 3618 1696 3667; x_wconf 90' lang='lat' dir='ltr'><strong>bo</strong></span> <span class='ocrx_word' id='word_1_490' title='bbox 1721 3618 1736 3645; x_wconf 93' lang='lat'>‘</span> <span class='ocrx_word' id='word_1_491' title='bbox 1759 3616 1973 3667; x_wconf 83' lang='lat' dir='ltr'><strong>fovere’</strong></span> <span class='ocrx_word' id='word_1_492' title='bbox 2006 3619 2138 3667; x_wconf 90' lang='lat' dir='ltr'><strong>latet</strong></span> <span class='ocrx_word' id='word_1_493' title='bbox 2171 3618 2386 3680; x_wconf 74' lang='lat' dir='ltr'><strong>elegans</strong></span> <span class='ocrx_word' id='word_1_494' title='bbox 2427 3616 2702 3680; x_wconf 81' lang='lat' dir='ltr'><strong>metapho-</strong></span> 
     </span>
     <span class='ocr_line' id='line_1_95' title="bbox 1629 3690 2701 3757; baseline -0.001 -15"><span class='ocrx_word' id='word_1_495' title='bbox 1629 3708 1723 3755; x_wconf 85' lang='lat' dir='ltr'><strong>ra;</strong></span> <span class='ocrx_word' id='word_1_496' title='bbox 1770 3709 1888 3743; x_wconf 88' lang='lat' dir='ltr'><strong>cum</strong></span> <span class='ocrx_word' id='word_1_497' title='bbox 1931 3695 2142 3757; x_wconf 85' lang='lat' dir='ltr'><strong>proprie</strong></span> <span class='ocrx_word' id='word_1_498' title='bbox 2183 3701 2352 3755; x_wconf 85' lang='lat' dir='ltr'><strong>notet,</strong></span> <span class='ocrx_word' id='word_1_499' title='bbox 2391 3690 2701 3750; x_wconf 81' lang='lat' dir='ltr'><strong>calefacere,</strong></span> 
     </span>
     <span class='ocr_line' id='line_1_96' title="bbox 1625 3770 2700 3833; baseline 0 -16"><span class='ocrx_word' id='word_1_500' title='bbox 1625 3770 1735 3818; x_wconf 83' lang='lat' dir='ltr'><strong>sive</strong></span> <span class='ocrx_word' id='word_1_501' title='bbox 1792 3770 2017 3818; x_wconf 82' lang='lat' dir='ltr'><strong>calorem</strong></span> <span class='ocrx_word' id='word_1_502' title='bbox 2075 3770 2411 3833; x_wconf 68' lang='lat' dir='ltr'><strong>vigoremque</strong></span> <span class='ocrx_word' id='word_1_503' title='bbox 2467 3770 2700 3818; x_wconf 84' lang='lat' dir='ltr'><strong>nativum</strong></span> 
     </span>
     <span class='ocr_line' id='line_1_97' title="bbox 1625 3843 2701 3908; baseline 0 -16"><span class='ocrx_word' id='word_1_504' title='bbox 1625 3856 1928 3908; x_wconf 86' lang='lat' dir='ltr'><strong>procurare,</strong></span> <span class='ocrx_word' id='word_1_505' title='bbox 1964 3853 2020 3895; x_wconf 93' lang='lat' dir='ltr'><strong>et</strong></span> <span class='ocrx_word' id='word_1_506' title='bbox 2059 3845 2213 3900; x_wconf 84' lang='lat' dir='ltr'><strong>tueri,</strong></span> <span class='ocrx_word' id='word_1_507' title='bbox 2247 3851 2305 3894; x_wconf 88' lang='lat' dir='ltr'><strong>ut</strong></span> <span class='ocrx_word' id='word_1_508' title='bbox 2338 3843 2399 3895; x_wconf 82' lang='lat' dir='ltr'><strong>fit</strong></span> <span class='ocrx_word' id='word_1_509' title='bbox 2436 3859 2466 3894; x_wconf 91' lang='lat' dir='ltr'><strong>a</strong></span> <span class='ocrx_word' id='word_1_510' title='bbox 2503 3846 2614 3893; x_wconf 86' lang='lat' dir='ltr'><strong>sole</strong></span> <span class='ocrx_word' id='word_1_511' title='bbox 2649 3844 2701 3897; x_wconf 79' lang='lat' dir='ltr'><strong>in</strong></span> 
     </span>
     <span class='ocr_line' id='line_1_98' title="bbox 1626 3918 2696 3985; baseline 0.002 -16"><span class='ocrx_word' id='word_1_512' title='bbox 1626 3921 1864 3969; x_wconf 86' lang='lat' dir='ltr'><strong>omnibus</strong></span> <span class='ocrx_word' id='word_1_513' title='bbox 1896 3919 2296 3985; x_wconf 79' lang='lat' dir='ltr'><strong>vegetabilibus,</strong></span> <span class='ocrx_word' id='word_1_514' title='bbox 2335 3927 2389 3968; x_wconf 87' lang='lat' dir='ltr'><strong>et</strong></span> <span class='ocrx_word' id='word_1_515' title='bbox 2426 3934 2457 3967; x_wconf 86' lang='lat' dir='ltr'><strong>a</strong></span> <span class='ocrx_word' id='word_1_516' title='bbox 2492 3918 2696 3982; x_wconf 76' lang='lat' dir='ltr'><strong>gallinis</strong></span> 
     </span>
     <span class='ocr_line' id='line_1_99' title="bbox 1627 3996 2697 4062; baseline -0.003 -15"><span class='ocrx_word' id='word_1_517' title='bbox 1627 3999 1847 4062; x_wconf 80' lang='lat' dir='ltr'><strong>aliisque</strong></span> <span class='ocrx_word' id='word_1_518' title='bbox 1866 3999 2064 4061; x_wconf 88' lang='lat' dir='ltr'><strong>avibus,</strong></span> <span class='ocrx_word' id='word_1_519' title='bbox 2084 3998 2136 4046; x_wconf 89' lang='lat' dir='ltr'><strong>in</strong></span> <span class='ocrx_word' id='word_1_520' title='bbox 2161 3996 2502 4047; x_wconf 79' lang='lat' dir='ltr'><strong>excludendis</strong></span> <span class='ocrx_word' id='word_1_521' title='bbox 2520 3996 2697 4045; x_wconf 85' lang='lat' dir='ltr'><strong>foven-</strong></span> 
     </span>
     <span class='ocr_line' id='line_1_100' title="bbox 1626 4072 2705 4139; baseline 0.001 -17"><span class='ocrx_word' id='word_1_522' title='bbox 1626 4074 1811 4139; x_wconf 86' lang='lat' dir='ltr'><strong>disque</strong></span> <span class='ocrx_word' id='word_1_523' title='bbox 1858 4075 2042 4137; x_wconf 79' lang='lat' dir='ltr'><strong>pullis3</strong></span> <span class='ocrx_word' id='word_1_524' title='bbox 2090 4072 2302 4138; x_wconf 87' lang='lat' dir='ltr'><strong>quando</strong></span> <span class='ocrx_word' id='word_1_525' title='bbox 2348 4074 2517 4136; x_wconf 85' lang='lat' dir='ltr'><strong>pullos</strong></span> <span class='ocrx_word' id='word_1_526' title='bbox 2561 4087 2705 4137; x_wconf 85' lang='lat' dir='ltr'><strong>snos,·</strong></span> 
     </span>
     <span class='ocr_line' id='line_1_101' title="bbox 1626 4151 2695 4208; baseline 0 -8"><span class='ocrx_word' id='word_1_527' title='bbox 1626 4166 1742 4201; x_wconf 87' lang='lat' dir='ltr'><strong>eum</strong></span> <span class='ocrx_word' id='word_1_528' title='bbox 1800 4153 2151 4208; x_wconf 87' lang='lat' dir='ltr'><strong>excluserunt,</strong></span> <span class='ocrx_word' id='word_1_529' title='bbox 2202 4151 2322 4199; x_wconf 86' lang='lat' dir='ltr'><strong>‘ita</strong></span> <span class='ocrx_word' id='word_1_530' title='bbox 2367 4158 2600 4207; x_wconf 83' lang='lat' dir='ltr'><strong>tuentur,</strong></span> <span class='ocrx_word' id='word_1_531' title='bbox 2645 4158 2695 4200; x_wconf 91' lang='lat' dir='ltr'><strong>et</strong></span> 
     </span>
     <span class='ocr_line' id='line_1_102' title="bbox 1626 4223 2696 4290; baseline 0 -16"><span class='ocrx_word' id='word_1_532' title='bbox 1626 4227 1810 4290; x_wconf 88' lang='lat' dir='ltr'><strong>pennis</strong></span> <span class='ocrx_word' id='word_1_533' title='bbox 1845 4227 2045 4289; x_wconf 85' lang='lat' dir='ltr'><strong>fovent,</strong></span> <span class='ocrx_word' id='word_1_534' title='bbox 2073 4240 2138 4274; x_wconf 88' lang='lat' dir='ltr'><strong>ne</strong></span> <span class='ocrx_word' id='word_1_535' title='bbox 2173 4223 2371 4289; x_wconf 79' lang='lat' dir='ltr'><strong>frigore</strong></span> <span class='ocrx_word' id='word_1_536' title='bbox 2405 4226 2696 4288; x_wconf 74' lang='lat' dir='ltr'><strong>laedantur,’</strong></span> 
     </span>
     <span class='ocr_line' id='line_1_103' title="bbox 1626 4300 2692 4353; baseline 0.001 -3"><span class='ocrx_word' id='word_1_537' title='bbox 1626 4304 1908 4352; x_wconf 82' lang='lat' dir='ltr'><strong>secundnm</strong></span> <span class='ocrx_word' id='word_1_538' title='bbox 1933 4302 2049 4353; x_wconf 86' lang='lat' dir='ltr'><strong>Cic.</strong></span> <span class='ocrx_word' id='word_1_539' title='bbox 2085 4300 2151 4350; x_wconf 86' lang='lat' dir='ltr'><strong>de</strong></span> <span class='ocrx_word' id='word_1_540' title='bbox 2186 4302 2317 4352; x_wconf 85' lang='lat' dir='ltr'><strong>Nat.</strong></span> <span class='ocrx_word' id='word_1_541' title='bbox 2339 4303 2507 4353; x_wconf 86' lang='lat' dir='ltr'><strong>Deor.</strong></span> <span class='ocrx_word' id='word_1_542' title='bbox 2531 4317 2592 4351; x_wconf 83' lang='grc' dir='ltr'><strong>ιι.</strong></span> <span class='ocrx_word' id='word_1_543' title='bbox 2614 4307 2692 4352; x_wconf 80' lang='grc'><strong>52.</strong></span> 
     </span>
     <span class='ocr_line' id='line_1_104' title="bbox 1629 4377 2692 4437; baseline 0.001 -8"><span class='ocrx_word' id='word_1_544' title='bbox 1629 4379 1834 4429; x_wconf 88' lang='lat' dir='ltr'><strong>Deinde</strong></span> <span class='ocrx_word' id='word_1_545' title='bbox 1874 4379 2032 4430; x_wconf 86' lang='lat' dir='ltr'><strong>etiam</strong></span> <span class='ocrx_word' id='word_1_546' title='bbox 2068 4378 2133 4429; x_wconf 84' lang='lat' dir='ltr'><strong>ad</strong></span> <span class='ocrx_word' id='word_1_547' title='bbox 2172 4379 2299 4429; x_wconf 82' lang='lat' dir='ltr'><strong>alias</strong></span> <span class='ocrx_word' id='word_1_548' title='bbox 2336 4393 2422 4431; x_wconf 86' lang='lat' dir='ltr'><strong>res</strong></span> <span class='ocrx_word' id='word_1_549' title='bbox 2452 4377 2692 4437; x_wconf 79' lang='lat' dir='ltr'><strong>transfer·</strong></span> 
     </span>
    </p>
   </div>
  </div>
 </body>
</html>
