3017 4942
496 368 629 437 672

493 528 643 591 cuju,
661 526 1049 579 rescribendum
1065 529 1385 595 conjecerint
1402 531 1568 582 alicui.

498 607 634 658 Qum
675 605 933 656 correctio
972 607 1025 655 in
1058 620 1188 657 voce
1223 608 1371 657 alicui
1405 610 1566 659 etiam

497 681 693 745 placuit
737 681 1120 743 Rittersbusi03
1155 682 1254 732 nisi
1298 683 1437 747 quod
1480 685 1567 734 bic

499 772 595 822 pro
615 758 928 822 cndu-§cunque
956 758 1103 818 modi,
1131 758 1290 810 etiam
1326 761 1567 811 maluerit

496 849 752 901 reponere
772 834 993 898 cty’usquc
1013 835 1159 885 modi.
1221 836 1327 885 Sed
1359 838 1568 886 omnino

495 919 677 963 nostra
709 912 859 962 nobis
892 911 1052 961 lectio
1087 911 1311 975 genuina
1340 911 1569 964 videtur.

495 989 823 1040 Vocabulum
879 987 1016 1037 enim
1068 988 1294 1052 modica„
1316 1002 1411 1052 pro
1464 1004 1569 1055 quo

496 1066 631 1116 male
653 1067 906 1129 scriptum
930 1063 1106 1114 fuerat
1125 1065 1252 1114 modi
1265 1080 1342 1127 eo,
1363 1063 1570 1131 (cujus-

497 1142 637 1191 modi
663 1149 893 1193 erratum
930 1142 1088 1191 etiam
1123 1142 1242 1191 alibi
1265 1142 1571 1193 observavit

497 1216 820 1284 Scioppius,)
851 1219 959 1283 jam
997 1217 1051 1268 iu
1087 1218 1232 1268 libris
1264 1218 1567 1284 quibusdam

496 1294 828 1346 observatum
855 1293 1091 1345 Livineio
1110 1303 1165 1343 et
1186 1295 1388 1359 Lipsio,
1411 1302 1571 1359 prout

496 1373 651 1421 modo
686 1371 930 1434 diximus,
966 1370 1199 1436 placuit3
1233 1372 1388 1436 idque
1428 1371 1567 1423 Gru-

496 1456 656 1505 terus,
701 1448 990 1505 Puteanus,
1029 1461 1093 1498 ac
1122 1448 1373 1511 Patami,
1418 1457 1568 1499 recte

498 1525 754 1576 admisere
804 1526 858 1578 in
913 1532 1219 1577 contextum
1278 1525 1569 1590 orationis;

497 1617 614 1653 cum
637 1602 774 1652 idem
801 1616 939 1652 nunc
960 1616 990 1651 e
1013 1601 1274 1665 scriptura
1297 1601 1453 1650 trium
1479 1615 1568 1653 co·

454 1666 669 1731 ‘dicum
715 1680 845 1730 Mas.
887 1679 1040 1729 vm.
1093 1681 1242 1728 1⁷⁷5.
1300 1682 1448 1729 1⁷76.
1511 1685 1568 1729 et

493 1760 644 1807 8461.
680 1756 911 1820 itemque
946 1755 1421 1819 Guelpberbytaui,
1443 1769 1568 1806 cou-

493 1831 703 1884 firmare
746 1833 1016 1898 possimus.
1081 1831 1147 1882 In
1187 1846 1321 1882 voce
1363 1832 1569 1895 alicuius

494 1911 622 1962 nihil
641 1918 724 1961 est
742 1909 1043 1962 mutandum
1062 1927 1078 1971 ;
1110 1915 1409 1973 propterea,
1425 1911 1565 1975 quod

494 1986 666 2036 locum
692 1994 835 2036 recte
861 1985 1086 2045 obtinet,
1108 1991 1164 2034 et
1197 1987 1426 2035 unanimi
1457 2000 1565 2036 om·

494 2063 636 2114 nium
682 2063 931 2112 librorum
978 2058 1226 2125 suffragio
1280 2062 1565 2114 stabilitur.

493 2138 614 2189 Sola
634 2141 799 2203 prima
818 2152 919 2190 vox
937 2138 1194 2203 cuicunque
1210 2138 1330 2189 huic
1349 2139 1564 2204 periodo

493 2231 561 2266 ex
578 2216 905 2266 correctione
920 2214 1023 2266 fuit
1043 2216 1402 2277 restituenda3
1428 2231 1566 2282 cnm,

491 2294 735 2343 restituta
758 2307 888 2344 voce
909 2293 1113 2352 modim,
1135 2293 1211 2344 sie
1244 2307 1454 2358 prorsus
1488 2294 1565 2344 in·

494 2382 786 2433 congruens
819 2369 1072 2421 evaderet
1105 2371 1294 2434 oratio,
1314 2370 1564 2433 euincun-

491 2459 581 2507 que
594 2446 778 2497 modica
792 2447 992 2511 pecunia
1007 2461 1070 2498 ex
1084 2446 1352 2498 hereditate
1365 2447 1565 2510 alicidus

489 2521 765 2582 covensi-im
810 2537 1031 2589 cumque
1075 2523 1236 2575 facile
1287 2533 1564 2589 appareat,

492 2613 589 2649 cnr
618 2598 680 2648 τὸ
710 2601 967 2665 cuicunque
993 2601 1047 2651 in
1069 2601 1381 2666 cuiuscunque
1403 2602 1562 2667 dege-

489 2678 793 2740 neraverit3
829 2692 1016 2743 nempe
1041 2686 1258 2744 propter
1272 2693 1425 2730 voces
1442 2679 1562 2729 sub·

491 2762 771 2819 sequentes
807 2755 991 2806 vitiose
1027 2757 1271 2820 scriptas,
1314 2757 1445 2807 modi
1485 2772 1561 2809 ec.

490 2832 580 2882 Sic
619 2846 744 2882 vero
779 2846 844 2883 ex
881 2833 980 2883 liae
1020 2833 1402 2898 emendatione,
1441 2847 1559 2898 qum

486 2908 721 2972 vestigiis
757 2908 988 2973 antiquae
1022 2911 1301 2974 scripturae
1333 2918 1559 2976 quatuor

489 2982 728 3033 codicum
753 2991 986 3035 veterum
1009 2984 1138 3035 Mas.
1163 3001 1445 3052 eorumque
1469 2986 1560 3036 ad·

486 3060 590 3110 bne
639 3062 998 3123 superstitum,
1041 3062 1257 3125 insistit,
1302 3077 1558 3129 quamque

478 3136 591 3200 jam
630 3138 843 3199 agnovit
875 3137 1067 3188 Petrus
1105 3139 1276 3189 Faber
1301 3141 1560 3191 Sanioria·

488 3227 604 3273 nus,
636 3213 691 3262 in
723 3209 913 3264 notuiis
943 3216 1048 3264 suis
1071 3215 1137 3264 ad
1157 3216 1295 3267 hunc
1314 3219 1560 3282 Panegy-

488 3289 669 3345 ricum,
712 3291 930 3340 editioni
972 3293 1258 3343 Parisiensi
1297 3310 1382 3346 an.
1415 3299 1556 3346 1643.

489 3365 727 3430 adjectis,
761 3365 1024 3426 facillima,
1058 3377 1116 3420 et
1150 3370 1467 3436 planissima,
1501 3379 1559 3422 et

486 3441 644 3505 digna
661 3443 852 3504 Plinio,
865 3444 1096 3495 nascitur
1112 3447 1390 3497 sententia.
1444 3448 1558 3497 Sic·

488 3521 566 3569 uti
618 3521 757 3571 euim
798 3520 1000 3571 Plinius
1055 3522 1209 3573 modo
1265 3526 1556 3588 generatim

484 3594 710 3659 dixerat,
734 3611 800 3646 ex
838 3598 1013 3648 edicto
1047 3598 1259 3664 Trajani
1294 3600 1345 3650 in
1383 3609 1555 3663 poste·

484 3686 594 3722 rum
641 3686 823 3723 carere
866 3673 1062 3724 debere
1096 3690 1254 3725 onere
1297 3677 1554 3727 vicesimae

485 3763 699 3828 parvam
738 3761 795 3801 et
830 3752 1020 3801 exilem
1063 3752 1447 3815 hereditatem,
1480 3753 1555 3803 ita

483 3841 620 3876 nunc
653 3826 865 3885 indicat,
899 3843 965 3879 ex
1001 3829 1186 3879 eodem
1222 3830 1419 3894 edicto,
1451 3821 1556 3881 cua·-

481 3916 680 3968 cunque,
713 3905 750 3953 i.
790 3920 838 3955 e.
873 3905 982 3955 sive
1018 3906 1303 3958 domestico
1339 3914 1394 3956 et
1429 3921 1554 3972 cog

482 3988 627 4035 nato,
647 3979 758 4030 sive
786 3987 1057 4038 extraneo,
1081 3983 1224 4032 illam
1257 3983 1554 4034 immunita-

484 4059 591 4102 tem
616 4055 889 4119 obtingere
913 4057 1129 4116 debere,
1151 4058 1429 4110 dummodo
1460 4062 1553 4112 he·

481 4129 681 4178 reditas
700 4131 836 4181 foret
855 4132 1086 4195 modica;
1109 4149 1225 4185 cum
1243 4150 1273 4185 e
1289 4138 1553 4190 contrario

481 4217 548 4253 ex
572 4206 821 4268 opulenta
851 4208 1148 4261 hereditate
1181 4217 1384 4274 partem
1414 4212 1552 4262 vice-

480 4280 661 4333 simam
690 4284 821 4335 solvi
855 4292 1117 4351 oporteat.
1182 4287 1363 4340 Nihilo
1384 4288 1552 4340 minus

1192 386 1416 438 NOTAE
1462 384 1875 441 vammum
1928 388 2010 439 ΙΝ

1640 530 1756 584 boec
1786 532 2083 584 emendatio
2106 529 2392 584 ArutaenIo
2424 530 2710 597 approbari

1641 622 1746 658 non
1771 609 1967 672 potnit3
2003 610 2124 674 qnia
2147 623 2334 674 nempe
2368 610 2418 659 ei
2451 616 2561 659 tum
2598 610 2713 661 Pli-

1640 685 1759 734 nius
1787 685 1926 735 idem
1951 686 2193 737 rideatur
2214 686 2412 749 dicere,
2434 685 2573 751 quod
2597 686 2712 751 jam

1642 769 1797 811 antea
1819 761 2034 826 dixerit,
2065 766 2082 793 ‘
2103 777 2264 826 parva
2297 768 2354 812 et
2387 763 2535 813 exilis
2559 763 2711 812 bere-

1641 837 1777 888 ditas
1794 839 1829 901 3'
1864 840 2002 904 qnod
2028 841 2113 890 bic
2138 845 2380 903 repetere
2411 846 2552 890 esset
2576 839 2712 889 otio-

1640 928 1773 965 sum.
1844 915 2055 974 Verum,
2097 931 2199 966 non
2248 917 2402 979 plane
2445 915 2583 965 idem
2632 915 2712 966 sic

1639 990 1772 1041 dicit
1813 991 2047 1055 Plinius3
2078 1006 2195 1043 cum
2231 992 2712 1057 subjectum·bnjns

1640 1067 2001 1126 immunitatis,
2019 1070 2094 1120 uti
2113 1070 2396 1133 loquuntur
2411 1069 2592 1133 logici,
2608 1069 2714 1133 sig-

1639 1142 1934 1195 nificantius
1967 1145 2234 1210 exprimit,
2255 1159 2424 1209 neque
2456 1147 2556 1195 boc
2584 1146 2714 1195 Tra-

1631 1218 1747 1283 jani
1772 1219 2082 1272 beneficium
2103 1222 2308 1278 leviter,
2329 1222 2551 1287 aequasi
2568 1222 2712 1271 sicco

1641 1296 1778 1360 pede
1830 1297 2078 1360 transilit,
2119 1296 2351 1360 eleganti
2393 1297 2546 1346 simul
2589 1311 2713 1347 usus
2803 1359 2807 1368 .

1639 1372 1910 1438 ἐξεργασίᾳ,
1954 1371 2096 1438 quod
2139 1372 2345 1423 schema
2388 1386 2495 1422 non
2538 1373 2713 1423 labem

1642 1449 1885 1514 aliquam,
1907 1448 1997 1499 sed
2022 1456 2395 1511 oruamentum,
2415 1446 2573 1499 affert
2594 1464 2714 1500 ora-

1639 1526 1790 1576 tioni.
1855 1524 2052 1589 Taceo,
2072 1525 2114 1575 si
2138 1524 2410 1576 Arntzenii
2445 1526 2622 1589 lectio,
2653 1533 2715 1577 et

1639 1602 1752 1666 ejus
1772 1600 2141 1665 interpretatio
2162 1603 2331 1653 locum
2366 1602 2577 1666 babeat,
2599 1603 2714 1653 Pli-

1638 1678 1779 1728 nium
1801 1677 1980 1728 dicere
2003 1678 2266 1742 debuisse,
2282 1694 2555 1743 quocunque
2575 1681 2714 1730 mdo

1638 1760 1687 1805 et
1707 1753 1894 1805 nostiae
1917 1756 2120 1820 pecunia
2138 1770 2203 1806 ex
2222 1757 2489 1807 hereditate
2509 1757 2717 1820 alicuius

1637 1831 1896 1893 cometa,
1914 1835 2000 1897 ξι.
2028 1831 2199 1882 Idem.

1709 1909 1984 1973 Cuicumque
2025 1909 2209 1959 modica
2258 1911 2482 1976 pecunia]
2533 1910 2713 1971 Caius·

1637 1999 1834 2049 cumque
1851 1986 1983 2037 modi
2012 2000 2070 2037 ca
2098 1989 2315 2051 pecunia.
2382 1988 2471 2038 Ita
2493 1989 2713 2052 repperi

1638 2062 1692 2111 in
1724 2062 1979 2119 omnibns,
2012 2071 2237 2127 excepto
2268 2062 2339 2114 G.
2373 2064 2426 2113 in
2456 2076 2561 2128 quo
2586 2077 2715 2114 vera

1637 2137 1799 2188 lectio
1823 2137 2016 2199 Cuiusc.
2038 2139 2224 2189 modica
2255 2139 2473 2202 munia.
2539 2140 2715 2203 Supe-

1637 2216 1776 2266 riore
1808 2216 1982 2281 capite
2011 2223 2270 2268 statuerat
2301 2217 2578 2281 Trajanns,
2600 2215 2713 2268 affi-

1637 2292 1779 2342 nium
1804 2305 2017 2355 parvam
2053 2300 2110 2343 et
2146 2294 2337 2344 exilem
2358 2292 2713 2343 hereditatem

1639 2384 1671 2419 a
1704 2369 1957 2432 vigesima
1991 2370 2269 2419 immunem
2291 2383 2427 2426 esse,
2448 2369 2547 2419 hoc
2571 2382 2712 2433 prae·

1637 2450 1803 2502 terea,
1844 2453 1905 2496 nt
1948 2445 2280 2510 cadurcuaque,
2319 2444 2372 2496 id
2407 2454 2510 2509 est,
2547 2446 2710 2496 etiam

1635 2519 1893 2572 affinitate
1942 2535 2042 2572 uon
2098 2523 2390 2587 conjuncti,
2424 2523 2712 2585 hereditas,

1635 2598 1760 2648 dum
1781 2612 1845 2649 ea
1868 2591 2038 2650 tenuis
2057 2613 2120 2650 ac
2142 2599 2345 2650 modica
2380 2606 2543 2658 esset,
2565 2601 2712 2667 vige-

1634 2676 1817 2726 simam
1839 2690 1908 2726 ne
1932 2675 2207 2741 penderet.
2240 2676 2405 2729 Livia.

1703 2754 1975 2820 cuicunque
2001 2756 2185 2806 modica
2218 2754 2440 2820 pecunia]
2479 2753 2709 2807 Quidam

1635 2831 1758 2881 libri
1792 2831 2111 2895 cuiuscunque
2145 2832 2367 2891 modica3
2417 2829 2564 2900 quod
2599 2846 2708 2883 am·

1637 2907 1860 2970 plector,
1882 2908 2062 2958 statim
2097 2915 2270 2958 tamen
2296 2906 2521 2972 legendo
2559 2908 2712 2959 alicui

1636 2997 1730 3047 pro
1769 2984 1992 3046 alicuius.
2052 2984 2327 3034 Sententia
2368 2991 2471 3047 est,
2497 2984 2711 3049 Cujus·

1633 3075 1837 3127 cunque
1860 3076 1925 3111 ea
1953 3076 2115 3126 parva
2149 3060 2371 3126 pecnnia
2401 3058 2580 3122 fuerit,
2611 3074 2707 3124 ag·

1633 3139 1743 3190 nati
1782 3139 1867 3189 vel
1909 3138 2167 3197 extranei,
2200 3152 2302 3189 non
2338 3136 2539 3204 referte
2576 3127 2710 3189 nibil

1633 3214 1835 3279 pendit.
1868 3215 2007 3279 Lips-

1713 3293 1989 3356 Cat'cunque
2041 3292 2227 3342 modica
2276 3291 2502 3357 pecunia]
2560 3291 2706 3342 Edit.

1632 3368 1865 3418 Rbeuau.
1884 3369 2198 3432 cuiuscunque
2218 3370 2348 3419 modi
2380 3384 2439 3420 ea
2466 3370 2670 3433 pecunia
2683 3384 2707 3428 ,·

1629 3446 1720 3495 sed
1743 3446 2003 3511 cuicunque
2024 3446 2209 3497 modica
2232 3447 2447 3512 pecunia.
2482 3446 2671 3497 Faber.

1697 3523 1966 3587 cuicunque
1980 3525 2167 3574 modica
2180 3524 2404 3589 pecnnia]
2425 3523 2706 3585 Cuiuscun-

1628 3613 1718 3662 que
1738 3600 1921 3649 modica
1950 3601 2151 3664 pecunia
2179 3617 2243 3651 ex
2270 3601 2538 3651 hereditate
2552 3600 2705 3651 aucu-

1614 3674 1704 3737 jns
1723 3675 1984 3727 obvenerit.
2053 3677 2243 3727 Placet
2279 3677 2589 3741 conjectura
2618 3677 2706 3727 Li-

1628 3753 1736 3804 vin.
1760 3752 1925 3803 alicui.
1957 3753 2063 3803 Sed
2086 3767 2183 3818 pro
2206 3754 2534 3817 cuiuscumque
2552 3754 2707 3817 modi,

1628 3828 1803 3879 malim
1834 3843 2090 3894 reponere
2126 3829 2349 3895 cidusque
2385 3831 2532 3880 modi.
2583 3831 2703 3882 Rit-

1585 3905 1592 3913 '
1627 3906 1790 3955 tersb.

1693 3981 1778 4029 Ex
1818 3980 2084 4032 hereditate
2125 3981 2351 4046 alicime]
2385 3983 2569 4046 Forte,
2615 3984 2704 4033 Ex

1626 4057 1892 4109 hereditate
1912 4059 2077 4108 alicui.
2112 4059 2281 4109 Liviu-

1692 4136 1775 4186 Aa
1810 4136 2073 4200 per-iculum
2110 4136 2215 4198 εἰπε
2244 4135 2512 4201 perveniri]
2562 4137 2613 4187 1.
2650 4151 2700 4188 e.

1624 4212 1710 4263 lex
1736 4213 1880 4263 dicta
1916 4222 2003 4264 est
2033 4228 2066 4264 a
2098 4213 2342 4278 Trajauo,
2363 4219 2426 4264 ut
2446 4227 2602 4265 nemo
2625 4215 2702 4264 vi·

1625 4291 1869 4343 cesimam
1896 4291 2085 4357 solvat,
2106 4291 2208 4343 nisi
2228 4290 2317 4357 qui
2344 4304 2413 4344 ex
2445 4292 2701 4357 opulenta
