3017 4942
736 409 804 462 c.
848 407 1095 460 unm
1141 408 1473 463 saeuum
1524 412 1804 466 mnne.
1880 414 1933 468 1.
1976 400 2088 468 23.

298 556 352 606 8.
385 556 472 605 83.
518 553 793 620 conjungit
825 554 1075 622 quasdam
1119 555 1375 622 eJusmodi

297 642 488 682 notas:
526 639 543 664 ⁸
564 631 817 698 Equidem
859 640 913 684 te
949 641 1098 685 certo
1130 635 1243 685 beri
1282 636 1372 686 ad·

297 711 601 761 venientem
620 712 779 775 illico,
800 713 871 763 Et
888 715 1133 778 saturavi,
1151 724 1206 763 et
1229 717 1371 765 vain·

296 786 505 838 issesne
551 790 757 854 usque?
791 792 1043 855 exquisivi
1082 794 1253 853 simul,
1291 794 1372 843 Mi

299 865 399 929 vir,
435 874 492 916 et
520 881 723 916 manum
751 869 1024 932 prehendi,
1061 878 1115 919 et
1141 870 1369 920 osculum

296 940 462 992 detuli
489 943 624 995 tibi?
656 944 809 994 Idem.

366 1021 580 1071 Gratius
600 1026 775 1087 tumen,
795 1026 921 1087 quod
934 1024 1135 1089 sensim]
1160 1026 1369 1079 Similes

297 1095 519 1148 affectus
572 1100 745 1163 aperit
804 1102 1178 1167 panegyristae
1234 1105 1372 1154 Con·

295 1175 560 1224 stantini:
597 1183 613 1208 ‘
649 1177 876 1240 Felices,
923 1180 1010 1241 qui
1055 1187 1108 1228 te
1153 1181 1371 1245 propius

295 1252 617 1315 aspicerem,
631 1254 830 1318 longius
846 1256 1001 1319 positi
1016 1257 1372 1315 nominabant,

297 1341 427 1392 quos
469 1330 822 1391 praeterieras,
863 1332 983 1396 loci,
1022 1348 1173 1397 quem
1215 1349 1370 1385 occu-

296 1413 578 1467 paverant,
621 1407 953 1470 poenitebat.’
1049 1409 1118 1459 Et
1173 1413 1371 1476 statim,

293 1479 311 1508 ‘
335 1479 471 1530 Ausi
506 1483 664 1532 etiam
706 1485 931 1549 quidam,
975 1492 1034 1536 nt
1081 1488 1370 1553 resisteres,

295 1571 521 1621 poscere
553 1566 609 1610 et
636 1562 783 1625 queri
816 1569 920 1611 tam
951 1563 1057 1613 cito
1087 1566 1370 1616 accessisse

294 1636 555 1698 palatium
577 1636 614 1686 ε’
650 1644 708 1688 et
731 1639 897 1702 pinea.
928 1640 1066 1704 Lips.

359 1713 757 1777 nemeaeum
792 1717 956 1782 turba]
990 1718 1093 1770 Qui
1128 1725 1182 1769 te
1219 1725 1368 1770 aute-

295 1791 585 1850 cedebant,
608 1808 704 1857 per
720 1792 875 1845 officii
899 1798 1126 1859 speciem
1149 1813 1165 1859 ς
1198 1798 1289 1847 sed
1314 1805 1369 1849 et

298 1867 335 1917 ii
369 1870 556 1933 cupidi
588 1872 816 1930 videndi,
849 1872 1137 1923 identidem
1164 1888 1366 1937 respec-

297 1945 504 2003 tabant,
544 1954 617 2006 et,
664 1957 723 1999 ut
766 1949 918 2013 solet,
965 1950 1184 2013 gradum
1220 1966 1368 2003 suum

295 2027 550 2090 tuumque
575 2039 676 2074 una
699 2025 996 2075 tardabant.
1035 2028 1190 2077 Idem.
1206 2059 1217 2068 „

357 2101 428 2151 Et
449 2108 681 2166 quantum
695 2103 1091 2167 respectantem]
1124 2105 1259 2156 Tres
1281 2120 1366 2156 co·

295 2175 439 2227 dices
481 2179 733 2230 Vaticani
776 2186 833 2231 et
871 2180 1367 2246 Gueipberbytanus

294 2253 494 2305 habent
513 2261 565 2306 et
586 2272 678 2321 quo
703 2271 811 2306 cum
841 2262 889 2307 te
909 2258 1242 2321 spectantium.
1292 2259 1366 2309 11-

295 2331 383 2382 lnd
417 2348 512 2397 qno
550 2339 673 2397 tum,
698 2341 755 2384 et
795 2334 849 2385 in
881 2335 1050 2385 altero
1086 2335 1217 2385 libro
1255 2334 1363 2386 Gu-

294 2409 454 2461 diano
475 2426 692 2476 quorum,
726 2427 822 2477 pro
843 2418 1089 2477 quantum,
1122 2426 1189 2464 ex
1225 2414 1365 2464 iner-

292 2488 368 2539 tia
411 2489 744 2540 librariorum
787 2498 967 2541 natum
1011 2497 1114 2543 est.
1198 2490 1273 2541 At
1316 2498 1366 2543 te

285 2567 607 2631 spectantium
628 2567 871 2632 majorem
903 2568 1133 2633 speciem
1169 2584 1276 2633 prae
1306 2584 1364 2619 se

288 2642 430 2707 fert3
466 2644 607 2710 quod
650 2646 810 2694 etiam
856 2652 1070 2695 notatur
1105 2646 1157 2695 in
1194 2647 1362 2697 altero

287 2720 426 2771 libro
469 2720 735 2772 Gudiano.
773 2722 1015 2772 *Verum
1061 2723 1361 2787 neutiquam

288 2799 496 2849 solicito
521 2800 780 2862 vulgatam
804 2799 1137 2868 scripturam,
1166 2814 1282 2865 quae
1307 2807 1363 2851 et

289 2881 591 2927 ceterorum
635 2876 873 2926 codicum
912 2873 1157 2940 suffragio
1192 2876 1362 2927 firma-

288 2956 395 3010 tur,
420 2960 474 3003 et
500 2954 821 3003 commodam
845 2952 1006 3005 efficit
1029 2955 1360 3006 sententiam.

289 3030 305 3059 ⁴
347 3029 710 3093 Respectare’
765 3031 976 3096 proprie
1017 3032 1054 3081 ii
1097 3032 1361 3092 dicuntur,

290 3105 376 3171 qni
420 3104 611 3156 crebro
653 3107 963 3170 respiciunt,
997 3106 1108 3157 sive
1143 3122 1204 3158 se
1237 3121 1361 3160 ocu·

287 3182 471 3248 losque
506 3190 647 3233 retro
681 3180 940 3246 flectunt3
977 3185 1062 3234 vel
1096 3197 1164 3234 ex
1200 3194 1360 3243 metu,

291 3272 410 3312 nea
433 3261 847 3324 superveniente
879 3260 1245 3325 opprimantur
1269 3269 1362 3313 aut

289 3336 606 3398 vincantur-3
642 3336 726 3386 vel
757 3350 824 3386 ex
845 3336 1135 3400 cupiditate
1155 3351 1213 3387 se
1237 3352 1365 3388 ocu·

286 3412 469 3479 iusque
504 3428 626 3466 suos
664 3413 934 3477 pascendi,
966 3420 1023 3463 et
1052 3414 1200 3479 quasi
1239 3415 1361 3465 sati·

289 3490 430 3552 andi,
449 3489 705 3554 adspectu
726 3491 800 3540 rei
822 3504 1161 3557 personasque
1177 3500 1360 3556 grate.

286 3566 495 3619 Prioris
516 3567 741 3618 notionis
773 3569 1066 3633 exemplum
1090 3573 1270 3634 capies
1291 3584 1359 3622 ex

287 3645 485 3697 Plauto
515 3646 832 3697 Menaecbm.
860 3659 900 3696 1.
935 3652 987 3697 2.
1023 3651 1108 3697 51.
1143 3649 1161 3677 ‘
1186 3648 1271 3698 Ne
1305 3654 1360 3698 te

285 3736 420 3774 uxor
448 3729 719 3789 sequatur,
753 3729 1015 3786 respectas
1040 3724 1361 3775 identidem.'

287 3800 390 3853 Ubi
411 3801 550 3851 bene
569 3799 970 3851 Taubmannus:
1011 3808 1026 3830 ‘
1050 3802 1201 3852 Sicut
1225 3803 1360 3852 auri·

286 3874 482 3941 gator,’
515 3875 708 3940 inquit,
747 3874 834 3924 ‘in
860 3874 997 3925 ludis
1020 3874 1357 3929 Circensibus

284 3952 579 4004 identidem
613 3952 826 4017 respicit
857 3965 967 4015 eos,
1006 3952 1093 4016 qui
1119 3966 1256 4015 pone
1277 3969 1360 4005 se·

286 4039 546 4095 quantun-3
565 4031 643 4080 sic
660 4031 1014 4081 Menaechmus
1031 4032 1221 4081 crebro
1235 4046 1359 4083 ocu·

286 4109 360 4159 los
402 4117 703 4174 retorquet,
732 4107 947 4170 timens,
983 4122 1048 4157 ne
1087 4108 1155 4158 ab
1195 4123 1357 4160 uxore

284 4189 675 4253 conspiciam&
740 4189 992 4240 Similiter
1006 4189 1237 4255 loquitur
1251 4190 1356 4241 Te·

288 4271 421 4316 rent.
448 4265 758 4331 Adelpb.n.
791 4270 836 4315 l.
861 4270 909 4315 3.
934 4266 954 4294 ⁴
974 4266 1116 4319 Quid
1151 4281 1357 4332 respec-

289 4343 396 4394 m?
430 4343 581 4397 Nihil
619 4343 844 4410 periculi
873 4340 995 4395 est.'
1060 4342 1217 4396 Adde
1252 4346 1355 4398 La·

2384 404 2524 472 533

1445 558 1609 610 tinum
1633 560 1822 612 Pacat.
1853 561 2057 626 Paneg.
2094 576 2213 628 cap.
2236 567 2319 615 28.
2356 564 2372 594 ‘
2393 565 2518 619 Ibat

1446 636 1654 686 interim
1695 637 1979 695 Maximus,
2018 653 2078 689 ac
2115 647 2169 689 te
2208 647 2330 704 post
2363 648 2516 707 terga

1445 721 1769 776 respectans,
1796 713 1847 763 in
1874 712 2076 764 modum
2101 717 2342 776 amentis,
2377 725 2517 768 atto-

1443 789 1582 838 nitus
1625 789 1901 839 avolabat!
1990 792 2224 841 Alterius
2271 793 2514 858 notionis,

1444 881 1561 931 qnae
1587 867 1650 914 ad
1683 866 1820 916 hunc
1855 869 2023 917 iocum
2059 869 2416 920 ittnstrandum
2440 870 2517 923 fa·

1445 943 1539 1004 cit,
1576 944 1872 1007 exemplum
1917 959 2122 993 arcesso
2166 959 2232 995 ex
2274 948 2415 998 Vett.
2454 962 2516 1000 η.

1447 1025 1561 1071 107.
1599 1022 1685 1070 ubi
1721 1037 1851 1071 unus
1875 1037 1903 1070 e
1928 1022 2226 1081 Germanis,
2250 1032 2410 1074 aetate
2434 1039 2517 1076 se-

1445 1099 1577 1160 nior,
1597 1114 1819 1161 corpore
1842 1100 2123 1157 excellens,
2160 1102 2247 1166 qui
2271 1103 2516 1166 cupierat

1446 1178 1623 1227 videre
1645 1178 1911 1229 Tiberium
1931 1180 2212 1236 Caesarem,
2237 1180 2516 1245 impetrata

1446 1257 1616 1318 venia,
1648 1257 1841 1307 dicitnr
1861 1257 1949 1307 din
1972 1258 2166 1318 tacitus
2196 1260 2516 1324 contempla·
2593 1273 2600 1278 ·

1446 1340 1529 1383 tus
1552 1348 1668 1385 esse
1691 1336 1972 1397 Caesarem,
2001 1341 2057 1384 et
2082 1348 2323 1385 reversus
2347 1337 2397 1385 in
2425 1351 2515 1387 na·

1445 1411 1687 1473 viculam,
1723 1427 1828 1477 qua
1867 1418 2184 1472 accesserat,
2217 1414 2233 1442 ⁸
2259 1413 2374 1463 sine
2408 1412 2516 1465 fine

1443 1494 1776 1551 respectasse
1832 1487 2145 1544 Caesarem‚’
2200 1489 2345 1553 quasi
2408 1504 2514 1540 non

1443 1565 1622 1626 satiari
1680 1566 1914 1630 potuerit
1970 1564 2230 1628 adspectu
2292 1563 2516 1618 Tiberii.

1440 1640 1686 1693 Schmun.

1514 1720 1885 1770 onem-santium
1906 1716 2129 1783 populus]
2166 1718 2386 1769 Codices
2405 1719 2514 1768 Va-

1442 1796 1623 1853 ticani,
1657 1797 1783 1848 item
1818 1804 1875 1847 et
1905 1796 2421 1861 Guetptierbytsnus,
2457 1801 2515 1846 et

1441 1874 1580 1926 alter
1603 1873 1735 1923 iiber
1758 1873 2031 1925 Gudianus
2046 1873 2242 1924 babent
2259 1887 2511 1924 accumu-

1440 1949 1582 1999 tium.
1637 1949 1792 2003 Quod
1817 1949 2030 1999 verbum
2054 1951 2071 1979 ‘
2087 1949 2391 2000 accursare'
2409 1965 2514 2001 non

1440 2024 1797 2089 importunum
1821 2024 2079 2075 videatur.
2116 2025 2222 2077 Qui
2242 2026 2378 2076 euim
2396 2027 2514 2077 ‘oe-

1438 2101 1689 2158 cursant,'
1710 2103 1746 2152 ii
1771 2102 1913 2153 velut
1934 2117 2000 2152 ex
2014 2103 2233 2153 adverso
2256 2102 2515 2155 duntaxat

1440 2179 1739 2246 frequentes
1770 2181 1975 2231 obviam
2002 2182 2214 2233 veniunt
2234 2197 2250 2244 ς
2272 2182 2361 2246 qui
2386 2196 2512 2233 vero

1436 2258 1452 2286 ‘
1473 2257 1786 2322 accursaut:
1820 2259 1873 2307 hi
1906 2257 2152 2325 undique,
2183 2267 2237 2308 et
2261 2273 2326 2308 ex
2351 2260 2513 2309 omni-

1440 2334 1537 2386 bns
1571 2337 1829 2399 partibus,
1859 2334 2105 2385 advolare
2142 2336 2244 2386 dici
2275 2339 2511 2400 possunt.

1440 2412 1655 2473 Verum,
1700 2412 1752 2461 id
1811 2412 2019 2462 verbum
2065 2411 2096 2442 (ν
2117 2411 2438 2474 accursare,'
2480 2426 2513 2461 a

1440 2490 1701 2542 nonnuilis
1725 2489 1934 2554 quidem
1960 2490 2336 2553 glossatoribus
2354 2489 2514 2539 medii

1442 2567 1542 2617 avi
1589 2575 1896 2618 annotatum
1938 2566 2238 2628 invenitur-3
2279 2573 2334 2616 at
2370 2565 2512 2630 apud

1442 2642 1674 2706 probatae
1711 2643 2013 2694 Latinitatis
2044 2652 2286 2693 auctores
2310 2658 2409 2692 non
2434 2641 2513 2691 fa·

1439 2720 1539 2770 cile
1562 2722 1822 2770 occurrit:
1848 2721 1946 2770 nisi
1976 2719 2271 2782 suspiceris,
2295 2719 2372 2768 uti
2398 2733 2511 2767 ver-

1439 2795 1528 2859 ba,
1562 2796 1910 2847 ‘accurrere’
1954 2803 2010 2845 et
2052 2793 2404 2856 ‘occurrere,’
2436 2795 2512 2845 ita
2591 2859 2596 2864 ·

1434 2881 1492 2925 et
1513 2872 1918 2938 frequentativa,
1944 2877 1959 2901 ⁸
1980 2883 2252 2919 accursare
2268 2869 2282 2890 '
2307 2876 2360 2918 et
2382 2870 2398 2897 ‘
2420 2883 2509 2920 oe·

1438 2950 1688 3009 cursare?
1721 2967 1752 3001 a
1784 2949 2013 2999 librariis
2052 2947 2336 3010 identidem
2371 2947 2511 3000 inter

1435 3041 1492 3078 se
1517 3026 1676 3077 fuisse
1699 3031 2038 3081 commutata.
2105 3023 2410 3076 Retinemua
2432 3023 2511 3072 in·

1438 3105 1592 3155 terim
1616 3103 1957 3167 participium
1978 3100 2345 3158 occursantium,
2367 3098 2508 3166 quod

1438 3179 1648 3230 omnino
1694 3178 1927 3243 pluribus
1963 3177 2113 3227 libris
2154 3174 2415 3241 proditur,
2451 3183 2508 3227 et

1435 3258 1588 3321 cnjus
1635 3258 1848 3307 verbum
1896 3255 2157 3317 usitatius,
2198 3268 2295 3305 nec
2339 3254 2509 3304 minus

1435 3334 1884 3386 accommodatum
1921 3339 2004 3382 est
2036 3332 2102 3381 ad
2130 3330 2305 3381 studia
2327 3329 2508 3395 populi

1435 3412 1796 3476 exprimenda.
1866 3409 2005 3459 Hinc
2044 3409 2182 3458 enim
2223 3412 2281 3457 et
2319 3420 2507 3457 nomen

1434 3490 1452 3521 ⁸
1469 3488 1793 3540 occursatio’
1817 3494 1976 3537 notat
1997 3485 2226 3535 studium
2252 3498 2508 3548 occupan-

1435 3566 1490 3617 di
1536 3568 1661 3618 aiios
1697 3565 2021 3616 humanitate
2056 3570 2112 3613 et
2156 3561 2346 3613 officio.
2415 3561 2507 3612 Sic

1436 3645 1551 3697 cic.
1566 3659 1662 3709 pro
1687 3644 1803 3692 Mil.
1824 3657 1871 3692 c.
1894 3646 1978 3692 36.
2000 3643 2016 3668 ‘
2039 3638 2296 3702 Vestras‚'
2316 3639 2506 3702 inquit,

1433 3726 1450 3754 ‘
1466 3729 1524 3773 et
1540 3729 1830 3772 vestrorum
1845 3719 2083 3769 ordinum
2099 3716 2506 3773 eccui-sationes,

1433 3799 1628 3860 studia,
1660 3809 1945 3855 sermones,
1992 3806 2355 3858 quemcunque
2387 3805 2504 3840 cur-

1434 3892 1545 3927 sum
1584 3875 1802 3926 fortuna
1831 3872 2058 3932 dederit,
2092 3883 2268 3919 secum
2301 3868 2506 3920 ablatu-

1434 3968 1548 4004 rum
1573 3967 1708 4010 esse,
1747 3949 1914 4001 dicit.'
1981 3949 2190 3998 Nomen
2216 3954 2391 3997 autem
2420 3961 2505 4011 ps·

1429 4033 1574 4096 putus
1594 4030 1691 4079 boc
1722 4029 1835 4077 ioco
1867 4039 1962 4089 pro
2000 4022 2338 4074 multitudine
2371 4022 2505 4073 dici-

1434 4116 1552 4169 tur;
1592 4106 1669 4156 uti
1706 4105 1881 4169 pantio
1916 4109 2041 4151 ante
2071 4100 2379 4151 dicebatur‘
2421 4114 2503 4151 re·

1431 4186 1781 4251 spectantium
1824 4180 2013 4234 turba-⁹
2070 4181 2158 4231 Ita
2194 4182 2398 4232 Seneca
2433 4179 2502 4229 de

1431 4263 1667 4317 Benefic.
1688 4277 1767 4314 vt.
1788 4265 1872 4313 33.
1891 4259 2042 4321 dixit,
2062 4261 2080 4288 ⁴
2101 4259 2347 4323 populum
2375 4256 2502 4306 ami-

1430 4357 1608 4396 corum
1623 4341 1657 4407 ς’
1675 4347 1736 4394 et
1759 4341 1895 4392 Flor.
1916 4350 1955 4389 1.
1980 4339 2028 4386 l.
2062 4343 2079 4366 ⁸
2096 4336 2346 4401 poputum
2366 4332 2500 4386 viro..
