3017 4942
498 370 631 438 808
1192 388 1411 438 No'rAE
1458 387 1869 440 vannorum
1922 390 2002 439 ιΝ

500 530 554 579 in
574 537 846 596 utramque
870 537 1072 595 partem
1095 531 1364 597 reciproca
1386 539 1442 583 et
1470 532 1562 582 ad-

502 621 649 656 versa
672 606 936 656 dicuntur.
986 608 1003 637 ‘
1022 608 1352 666 Invidiosus,'
1373 609 1563 673 inquit,

500 689 514 712 ⁸
538 690 595 733 et
617 683 708 747 qui
729 683 947 741 invidet,
970 693 1026 734 et
1046 686 1132 734 cui
1156 684 1453 735 invidetur.’
1485 687 1560 735 U-

501 759 732 824 triusque
752 760 977 809 notionis
1009 762 1252 826 exempla
1275 761 1412 826 apud
1441 776 1561 825 pro·

500 833 650 885 batos
676 836 956 901 scriptores
976 844 1276 887 occurrunt.
1343 838 1562 888 Passiva

498 918 672 962 tamen
697 913 1030 978 significatio,·
1054 929 1167 979 quae
1189 921 1246 965 et
1281 915 1366 964 bic
1390 914 1560 965 locum

497 989 677 1053 babet,
713 995 794 1039 est
829 988 1174 1052 frequentior.
1242 991 1355 1041 Cic.
1379 991 1444 1040 de
1470 991 1560 1040 In-

498 1075 642 1115 vent.
663 1080 726 1115 11.
746 1070 827 1116 45.
863 1073 879 1095 ‘
898 1067 1016 1117 Hoc
1050 1068 1174 1131 ipsis
1195 1067 1460 1132 judicibus
1482 1067 1560 1117 in-

501 1142 894 1193 vidiosissimum
918 1132 1182 1194 futui-'nme
1212 1146 1363 1196 laem.

506 1222 514 1245 ²
565 1219 699 1283 Tibi]
733 1222 807 1271 Ut
827 1222 1072 1285 Trojano,
1110 1226 1169 1271 ut
1199 1222 1397 1286 optimo
1413 1236 1561 1272 sena-

499 1298 618 1346 tori.
685 1297 774 1346 Sic
809 1312 988 1361 supra,
1013 1310 1077 1347 ιι.
1107 1303 1157 1348 8.
1192 1305 1207 1330 ⁸
1226 1299 1419 1355 Sentit,
1445 1299 1564 1362 sibi,

498 1387 599 1423 non
626 1373 870 1437 principi,
889 1374 1011 1424 dici.
1014 1373 1029 1396 ³
1069 1374 1139 1424 Et
1162 1374 1299 1424 infra
1315 1388 1564 1425 nxxxrn.

497 1452 546 1498 6.
581 1449 781 1501 ‘Quam
806 1454 1107 1499 constanter
1130 1464 1233 1499 non
1269 1452 1561 1513 potentiam

495 1531 657 1588 tuam,
681 1527 771 1577 sed
809 1526 978 1592 ipsum
1016 1535 1093 1590 te,
1118 1528 1423 1580 reveretur?
1459 1530 1563 1581 Pa-

494 1605 639 1653 iord.

560 1679 810 1743 Principi]
846 1682 1010 1731 Facto
1053 1681 1390 1745 imperatori3
1440 1695 1560 1732 nam

496 1754 623 1804 duos
640 1758 942 1807 consulatus
976 1766 1212 1822 gesserat
1251 1759 1419 1809 adbuc
1457 1758 1562 1822 pri-

497 1839 667 1897 vatus,
691 1842 747 1884 et
784 1841 906 1885 ante
930 1847 1082 1901 quam
1119 1835 1360 1899 princeps
1398 1841 1560 1886 esset.

500 1908 651 1958 Idem.

578 1984 850 2048 Imperator
901 1986 1112 2051 quidem]
1171 1986 1428 2037 Conferas
1474 2001 1561 2037 su-

496 2074 593 2123 pra
617 2060 712 2110 ad.
727 2077 817 2126 pp.
849 2065 965 2112 471.
985 2066 1103 2112 473.
1122 2067 1240 2113 478.
1312 2064 1561 2114 Proximo

494 2137 629 2199 loco,
671 2152 859 2201 nempe
910 2151 968 2188 x.
1001 2143 1051 2188 4.
1102 2140 1253 2203 hujus
1299 2141 1561 2206 Panegyr.

494 2212 642 2264 ‘Jam
667 2221 719 2265 te
744 2217 1069 2279 providentia
1087 2218 1315 2266 Deorum
1341 2219 1561 2281 primum

494 2291 548 2338 in
571 2290 735 2339 iocum
763 2301 1099 2354 provexerat3
1140 2302 1193 2343 tn
1218 2327 1233 2343 .
1255 2326 1270 2342 .
1288 2327 1303 2343 .
1326 2296 1562 2357 privatus

495 2367 593 2416 tibi
619 2368 898 2432 videbaris,
924 2371 1166 2433 quamdiu
1195 2372 1482 2436 imperator
1504 2380 1565 2422 et

496 2443 825 2494 alius-esset?
862 2446 1109 2495 Schwarz.

505 2524 534 2557 ὓ
562 2522 737 2572 Tamen
759 2521 943 2584 iniisti]
980 2525 1264 2588 Perperam
1301 2526 1562 2587 particula

495 2602 652 2648 tamen
672 2600 858 2649 omissa
881 2608 984 2656 est,
1008 2609 1119 2661 ant,
1142 2615 1208 2650 ex
1225 2602 1559 2664 compendio·

494 2691 553 2726 sa
574 2676 837 2726 scribendi
862 2676 1085 2734 ratione,
1126 2683 1183 2727 tu
1222 2678 1416 2728 coaluit
1438 2693 1558 2728 curn

494 2753 657 2803 verbo
678 2754 855 2809 iniisti,
893 2755 969 2804 ita
998 2760 1057 2803 ut
1095 2769 1188 2818 pro
1212 2763 1433 2818 utraque
1455 2755 1559 2804 ista

496 2843 645 2891 voce,
684 2831 736 2879 in
774 2830 942 2879 tribus
977 2830 1246 2880 codicibus
1269 2831 1560 2888 Vaticanis,

493 2904 616 2955 item
643 2906 693 2955 in
719 2906 1207 2971 Guelpuerbytano,
1233 2912 1288 2956 et
1326 2921 1461 2969 meo,
1484 2908 1558 2957 ie·

495 2995 699 3043 gamus,
736 2982 994 3046 imperator
1018 2984 1207 3045 quidem
1235 2983 1322 3032 sub
1355 2983 1559 3046 impera·

494 3061 598 3106 tore
619 3058 837 3107 tenuisti.
904 3059 1021 3108 Nec
1047 3060 1216 3109 minus
1242 3059 1424 3108 vitiose
1448 3060 1560 3109 haec

496 3134 661 3183 verba
692 3135 891 3197 scripta
929 3143 1047 3183 sunt
1074 3135 1124 3182 in
1145 3135 1322 3184 codice
1348 3135 1558 3185 Veneto

492 3212 544 3258 2.
562 3209 649 3259 sub
669 3210 952 3273 imperatore
970 3225 1076 3260 cum
1097 3210 1255 3260 inisti.
1287 3212 1558 3275 Integrum

495 3300 621 3335 vero
642 3287 809 3336 loc'um
833 3286 1209 3338 codex-Vatic.
1235 3292 1382 3339 1476.
1415 3297 1559 3339 cete-

495 3363 645 3428 rique
670 3364 785 3414 libri
805 3364 1075 3415 exhibent.
1110 3367 1265 3415 Idem.

499 3474 512 3481 «
544 3441 691 3490 Nihil
703 3442 951 3506 imputari]
965 3441 1011 3491 1.
1029 3443 1218 3508 e.quod
1233 3432 1557 3494 consulatum

493 3519 775 3569 secundum
791 3521 957 3570 adhuc
973 3520 1069 3570 sub
1092 3521 1405 3583 imperatore
1425 3523 1469 3570 N
1477 3536 1561 3570 er-

493 3598 561 3645 ‘va
585 3597 848 3660 recepisti,
868 3612 931 3645 ex
952 3599 1051 3647 hoc
1076 3596 1201 3646 nihil
1225 3598 1382 3658 alind,
1405 3612 1559 3661 quam

496 3674 820 3738 obsequium,
844 3673 1008 3738 (quod
1041 3674 1240 3723 scilicet
1260 3673 1560 3736 recipiendo

495 3750 598 3798 isto
622 3749 890 3800 consulatu
914 3749 1194 3798 obsecutus
1218 3763 1274 3797 es
1299 3750 1559 3799 voluntati

496 3825 692 3875 Nervoe
730 3824 1108 3889 imperatoris,)
1152 3832 1348 3888 potestx
1374 3823 1559 3876 referri

498 3902 562 3950 ad
604 3903 849 3969 honorem
886 3910 1049 3962 tuum,
1080 3908 1173 3951 aut
1209 3901 1354 3966 quasi
1387 3916 1560 3952 exem·

495 3978 637 4041 plum
684 3979 966 4042 singulare*
993 3978 1087 4027 tibi
1130 3977 1392 4040 adscribi3
1440 3993 1557 4028 cum

486 4056 596 4120 jam
624 4063 749 4115 tum,
770 4064 1016 4119 tanquam
1038 4056 1236 4111 Caesar,
1257 4063 1311 4105 et
1335 4056 1559 4119 impera·

498 4141 602 4194 tor,
645 4131 851 4190 eximio,
906 4131 1061 4180 immo
1104 4132 1320 4196 majore,
1352 4134 1559 4182 honore

498 4207 769 4271 fruereris,
798 4216 995 4258 etcum
1033 4209 1181 4258 multi
1218 4211 1306 4260 aiii
1344 4219 1468 4261 ante
1504 4218 1559 4261 te

1636 532 1958 583 consulatum
1974 532 2253 583 secuudum
2271 533 2546 598 gesserint.
2566 534 2708 592 Sive,

1635 615 1694 657 ut
1717 607 1925 658 brevius
1949 608 2150 658 dicam:
2188 611 2354 659 solum
2378 612 2707 675 obsequium,

1637 684 1774 748 quod
1801 686 1852 734 in
1874 685 2203 748 suscipiendo
2223 688 2499 736 consulatu
2519 684 2707 737 secun·

1635 762 1701 812 do
1721 762 1856 827 patri
1893 763 2084 812 Nervae
2109 764 2420 827 proestitisti,
2443 765 2540 813 tibi
2565 764 2709 815 cedit

1634 837 1835 894 honori,
1898 844 1956 888 et
1999 839 2271 900 singularis
2328 845 2409 887 est
2457 839 2706 903 exempli.

1635 915 1868 965 Verbum
1886 921 1901 944 ‘
1924 917 2182 979 imputare
2202 913 2217 936 '
2236 915 2511 979 aliquoties
2537 916 2591 964 in
2604 917 2706 967 boc

1636 990 1962 1055 Panegyrico
1983 992 2245 1052 occurrit3
2279 990 2346 1040 de
2368 1006 2470 1056 quo
2485 992 2597 1054 jam
2621 1005 2707 1041 sn·

1635 1080 1751 1130 pra,
1787 1068 1851 1117 ad
1876 1081 1997 1131 pag.
2019 1072 2137 1118 615.
2160 1082 2261 1118 non
2286 1066 2411 1116 nibil
2435 1067 2706 1117 annotavi.

1636 1142 1790 1195 Idem.
2432 1168 2439 1171 -

1702 1220 1965 1285 Ῑηιριιωνέ]
2002 1219 2268 1277 Adscribi‚
2307 1226 2363 1271 et
2385 1221 2511 1285 poni
2547 1220 2601 1270 in
2625 1233 2706 1270 ra-

1637 1296 1864 1347 tionibus
1886 1299 2095 1347 honoris
2118 1297 2271 1360 gesti.
2302 1298 2443 1361 Lips.
2520 1313 2527 1319 ·

1702 1374 1973 1438 Exemplo]
1996 1373 2150 1426 Quod
2187 1372 2430 1423 iterasses
2467 1374 2707 1424 consuia-

1637 1457 1779 1513 tum3
1813 1452 1934 1515 quia
1965 1465 2066 1501 non
2091 1457 2298 1514 sponte.
2332 1451 2486 1500 Idem.

1652 1539 1657 1547 ·
1703 1528 1983 1591 Quinquies,
2004 1532 2149 1590 oeque
2183 1529 2328 1576 etiam
2360 1525 2547 1589 sexies]
2580 1528 2705 1577 Non

1636 1617 1749 1653 sum
1783 1603 2010 1666 nescius,
2036 1617 2186 1666 posse
2221 1603 2318 1652 boc
2341 1602 2407 1651 de
2432 1605 2502 1656 Q.
2543 1603 2707 1654 Fabio

1636 1681 1869 1731 Maximo
1895 1688 1953 1731 et
1975 1682 2051 1730 Μ.
2076 1680 2292 1730 Valerio
2316 1681 2706 1730 Corvino'acci-

1637 1757 1725 1821 pi3
1767 1756 1859 1807 sed
1896 1757 2015 1806 mihi
2053 1757 2228 1820 piacet
2268 1755 2332 1806 ad
2368 1756 2612 1820 Papirios
2647 1764 2706 1807 et

1634 1835 1908 1887 Quinctios
1953 1832 2157 1891 referri,
2195 1833 2262 1883 de
2294 1835 2482 1900 quibus
2528 1834 2704 1897 infra3

1526 1934 1547 1955 .-
1636 1924 1753 1960 nam
1813 1911 1877 1961 L.
1924 1912 2192 1975 Papirium
2241 1910 2516 1963 Cursorem
2557 1912 2706 1976 quin-

1636 1987 1804 2052 quies,
1826 1987 1889 2035 Τ.
1913 1987 2212 2038 Quinctium
2236 1987 2523 2037 Barbatum
2544 1989 2705 2052 Capi·

1637 2062 1851 2112 tolinum
1875 2063 2068 2118 sexies,
2100 2063 2424 2113 consulatum
2463 2064 2706 2128 gessisse,

1640 2140 1785 2189 Fasti
1809 2147 2114 2202 suggerunt.
2147 2139 2316 2190 Livia.

1705 2218 1820 2266 Non
1844 2217 1974 2279 illos]
2004 2218 2074 2266 Ut
2097 2216 2156 2265 C.
2183 2216 2431 2279 Marium,
2461 2216 2552 2280 qui
2587 2232 2706 2281 sep-

1638 2293 1757 2350 ties,
1780 2295 1840 2344 C.
1866 2295 2147 2357 Caesarem,
2167 2293 2255 2359 qui
2281 2292 2562 2358 quinquies
2585 2308 2705 2343 con-

1634 2369 1788 2418 sules.
1827 2369 1966 2431 la'ps.

1701 2445 1815 2494 Nou
1848 2445 1974 2507 ilios,
2009 2445 2112 2509 qui]
2145 2444 2371 2494 Marium
2405 2443 2595 2506 innuit,
2617 2444 2705 2508 qni

1634 2529 1838 2586 septem
1878 2522 2040 2586 gessit
2071 2522 2401 2582 consulatus3
2437 2520 2535 2569 nisi
2578 2521 2704 2568 reli-

1635 2614 1745 2648 mus
1798 2597 1996 2655 dicere,
2040 2607 2272 2648 nostrum
2316 2597 2382 2646 de
2427 2598 2546 2660 ipso
2596 2598 2705 2648 Jut.

1634 2676 1846 2726 Caesarc
1890 2674 2206 2736 intelligere,
2243 2673 2331 2738 qui
2377 2674 2557 2722 consul
2603 2672 2703 2723 fuit

1634 2752 1870 2817 quincto.
1906 2752 2132 2801 Potor-ol.

1699 2827 2016 2891 Exspirnnte]
2048 2825 2391 2890 Temporibus
2414 2825 2553 2876 enim
2590 2827 2706 2876 Ma·

1635 2906 1699 2955 rii
1723 2913 1777 2955 et
1811 2906 1968 2954 Suliae
2003 2903 2219 2955 libertas
2264 2903 2572 2966 reipublicae
2601 2902 2701 2952 Ro·

1635 2995 1801 3030 manas
1853 2981 2018 3044 primo
2064 2978 2303 3038 nutavit3
2353 2985 2409 3027 et
2436 2990 2519 3026 *ex
2581 2985 2702 3029 tunc

1634 3056 1832 3107 tamdiu
1848 3064 2028 3121 postea
2044 3055 2374 3110 contremuit,
2391 3053 2566 3103 donec
2587 3064 2704 3116 post

1633 3148 1736 3184 nou
1793 3135 2003 3197 longum
2061 3132 2310 3196 temporis
2365 3132 2702 3181 intervalium

1633 3211 1843 3273 penitus
1864 3215 2150 3265 corrueret,
2178 3220 2348 3257 rerum
2373 3208 2616 3272 potiente
2640 3209 2703 3258 C.

1634 3285 1744 3337 Jul.
1766 3287 1992 3336 Caesare.
2027 3287 2180 3335 Idem.

1699 3362 2111 3427 Exspirantejam
2134 3359 2378 3424 libertate]
2411 3360 2458 3411 Ι.
2477 3372 2527 3410 e.
2547 3372 2702 3424 prox-

1635 3440 1736 3490 ime
1767 3440 2045 3489 interituro
2069 3445 2209 3488 statu
2249 3436 2426 3503 liberas
2453 3436 2705 3500 reipubli-

1636 3533 1732 3569 cae.
1802 3517 2026 3579 Elegans
2046 3514 2158 3565 haec
2184 3514 2507 3577 metaphora,
2546 3515 2614 3564 ab
2640 3513 2703 3564 iis

1635 3594 1890 3649 desumto,
1911 3594 1998 3657 qui
2019 3591 2114 3642 sub
2141 3592 2436 3653 transitum,
2460 3590 2527 3639 ad
2567 3605 2704 3640 mor·

1637 3678 1741 3720 tem
1765 3676 1927 3733 agunt
1961 3667 2202 3717 animam.
2269 3668 2480 3717 Sueton.
2513 3666 2701 3717 Claud.

1634 3761 1681 3797 c.
1701 3749 1783 3796 34.
1812 3745 2024 3808 propria
2046 3742 2257 3793 notione
2274 3743 2469 3792 utitur:
2499 3750 2514 3771 ⁸
2541 3744 2703 3793 Forte

1634 3822 1902 3886 prolapsos
1936 3819 2167 3883 jugulari
2195 3819 2437 3883 jubebat,
2477 3819 2702 3868 maxime

1636 3897 1891 3957 redarios,
1914 3902 1971 3945 ut
2007 3895 2377 3958 exspirantium
2415 3892 2603 3943 faciem
2629 3894 2702 3944 vi·

1635 3964 1821 4024 deret.'
1888 3971 1961 4022 At
1986 3972 2201 4021 similem
2229 3971 2583 4034 metaphoram
2611 3970 2700 4020 ad-

1633 4053 1798 4104 hibuit
1841 4052 2011 4100 Tacit.
2049 4049 2240 4100 Annal.
2287 4064 2327 4100 1.
2363 4053 2447 4099 74.
2481 4050 2698 4114 ‘Mane-

1635 4131 1764 4181 bant
1787 4130 1949 4179 etiarn
1973 4134 2082 4177 tum
2106 4126 2327 4192 vestigia
2355 4125 2621 4176 morientis
2640 4124 2698 4174 ii·

1634 4197 1887 4259 bertatis.'
1921 4203 2162 4254 Schmun.
