3017 4942
521 376 654 445 998
991 347 1005 356 ’
1229 392 1451 442 κοτε
1498 390 1905 444 uiuorum
1956 392 2036 444 m

523 536 834 593 Cratander,
869 535 1152 602 Gryplnius,
1184 536 1480 593 sichardus,
1517 537 1592 587 sic

523 615 763 675 edidere,
792 615 1085 678 usurpabant
1105 621 1264 665 autem
1295 616 1400 674 ita5
1434 628 1593 679 quam

523 692 851 756 particulam,
882 693 972 748 ito.
1001 692 1158 742 etiarn
1197 692 1266 741 H.
1291 693 1591 756 Stephanus

521 768 573 816 in
613 769 846 832 margine
886 769 1194 830 annotavit3
1232 769 1321 818 sed
1368 771 1499 818 lianc
1538 767 1591 817 in

519 847 788 898 codicibus
831 847 962 896 Mss.
1006 848 1225 912 aliisque
1271 847 1437 904 libris,
1489 861 1592 897 non

521 923 979 988 deprehendimus,
1012 925 1246 989 quamvis
1270 924 1464 989 alioqui
1487 939 1591 974 non

522 1008 926 1051 contemnamus.
1014 1001 1077 1051 In
1125 1014 1241 1051 meo
1284 1001 1487 1063 codice,
1535 1007 1593 1051 et

523 1076 930 1140 Salisburgeusi‚
957 1083 1218 1141 praeterea
1242 1090 1447 1142 quoque
1473 1091 1592 1140 par-

521 1153 682 1204 ticula
702 1159 862 1203 autem
885 1162 966 1203 est
999 1153 1372 1217 proetermissa.
1405 1153 1561 1203 Idem.

594 1231 663 1279 Ut
704 1230 931 1296 domitas]
971 1231 1053 1281 Ita
1088 1235 1143 1280 at
1181 1224 1387 1280 domitus
1421 1232 1485 1280 C.
1525 1230 1593 1281 G.

517 1306 680 1357 Livia.

585 1383 836 1448 Domitas]
866 1384 1105 1435 Allnsnm
1129 1382 1357 1435 fortasse
1381 1383 1448 1433 ad
1479 1383 1593 1433 Do·

520 1461 811 1520 mitianum,
848 1475 1019 1527 quem,
1054 1469 1190 1511 teste
1228 1461 1444 1510 Sueton.
1467 1473 1589 1523 cap.

522 1541 602 1587 10.
658 1544 674 1566 ⁸
713 1544 962 1587 centenas
1017 1538 1150 1588 varii
1200 1538 1405 1603 generis
1447 1535 1589 1586 feras

517 1629 660 1678 saepe
689 1616 741 1664 in
774 1615 978 1666 Albano
999 1630 1204 1666 secessu
1223 1615 1589 1665 conficientem

521 1696 826 1754 spectavere
850 1691 1126 1757 plerique.’
1170 1691 1478 1758 Hujusmodi
1499 1707 1589 1741 au·

520 1773 627 1817 tem
668 1765 817 1824 ferm,
855 1776 1039 1833 utpote
1080 1769 1322 1819 claustris
1364 1768 1593 1831 educta»,

520 1844 740 1894 multum
785 1843 1010 1896 feritatis
1055 1860 1116 1895 ac
1173 1846 1354 1894 virium
1400 1846 1589 1895 amise-

522 1928 674 1970 rant:
733 1921 991 1985 Trajanus
1035 1935 1162 1971 vero
1211 1936 1314 1971 nou
1371 1919 1593 1985 fractas,

519 2011 621 2048 non
657 1998 897 2053 domitas,
941 1998 1032 2047 sed
1079 1998 1158 2047 sui
1193 1998 1328 2061 juris
1371 1997 1593 2061 belluas,

521 2082 807 2139 apertoque
831 2088 1035 2140 campo,
1070 2074 1289 2139 aggredi
1317 2076 1596 2138 gestiebat.

528 2152 749 2201 Putarol.

589 2230 882 2292 Fractusque
920 2229 1148 2280 claustris
1176 2228 1342 2293 seras]
1400 2229 1465 2279 In
1502 2244 1590 2280 co·

521 2305 639 2356 dice
654 2306 1064 2371 Salisburgensi‚
1081 2310 1208 2358 item
1226 2314 1282 2358 et
1301 2323 1435 2369 meo,
1456 2322 1592 2372 prae·

521 2388 751 2448 postere'
768 2387 1024 2449 scriptum
1061 2393 1140 2435 est
1161 2387 1435 2450 fractisque
1459 2388 1589 2435 clau-

521 2460 788 2521 strisferas
805 2479 826 2521 ;
859 2476 974 2527 quae
999 2470 1168 2512 tamen
1188 2463 1448 2526 scriptura
1471 2476 1588 2524 per·

523 2551 670 2586 versa
700 2538 855 2587 etiam
887 2541 939 2588 in
971 2538 1139 2589 editos
1173 2539 1334 2588 libros
1370 2539 1440 2588 H.
1469 2540 1590 2589 Ste-

521 2616 702 2680 phani,
737 2615 979 2682 Gryphii,
1026 2633 1110 2667 an.
1151 2621 1297 2666 1531.
1331 2617 1591 2682 Siclrardi,

521 2700 579 2742 et
614 2693 806 2749 Rivini,
841 2694 1138 2743 transmissa
1162 2702 1258 2742 est.
1324 2692 1591 2757 Gryphius

523 2784 648 2819 vero
695 2771 798 2820 hoc
837 2770 1080 2822 mendum
1120 2779 1301 2834 postea
1342 2772 1593 2820 correxit.

521 2845 779 2909 Equidem
821 2854 876 2898 et
917 2853 933 2876 ⁸
961 2849 1190 2898 claustra
1230 2845 1480 2911 refringi’
1513 2847 1590 2897 di·

523 2929 749 2983 cuntur3
799 2938 847 2973 v.
884 2938 939 2988 g.
989 2925 1128 2974 Plin.
1177 2924 1347 2989 Epist.
1394 2938 1460 2974 n.
1509 2928 1591 2973 10.

524 3004 540 3027 ⁸
563 2997 788 3048 Quidam
828 3001 903 3050 tui
937 3015 1114 3051 versus
1138 3003 1368 3051 claustra
1390 3016 1485 3050 sua
1509 3015 1590 3050 re-

518 3071 791 3135 fregernnt
809 3073 844 3135 ς’
877 3080 933 3125 et
963 3089 1024 3125 ιι.
1053 3081 1131 3126 14.
1168 3075 1186 3103 ‘
1211 3073 1471 3145 Befractis
1497 3091 1592 3139 pu-

522 3146 664 3198 doris
708 3158 765 3200 et
807 3153 1113 3202 reverentia
1154 3151 1440 3203 claustris.’
1515 3152 1591 3203 At

520 3225 622 3275 hoc
647 3226 761 3275 loco
784 3241 887 3276 non
911 3228 1141 3279 claustra
1163 3226 1348 3290 fracta,
1373 3229 1484 3278 sive
1509 3243 1590 3278 re·

519 3300 722 3365 fracta3
756 3303 849 3354 sed
889 3304 905 3333 ‘
932 3304 1057 3355 feroe
1097 3307 1338 3356 claustris
1378 3306 1589 3356 domitae

522 3378 850 3444 frac,taeque,’
883 3379 1159 3446 dicuntum
1192 3383 1380 3447 quibus
1404 3398 1591 3448 nempe

521 3456 1088 3522 diuturna-captivitas,
1119 3459 1260 3510 intra
1286 3462 1512 3511 claustra
1536 3468 1593 3512 et

521 3542 691 3601 septa,
741 3535 1005 3587 feritatem
1061 3540 1387 3602 compressit,
1432 3546 1594 3605 atque

524 3614 703 3674 exuit3
727 3621 887 3675 prout
905 3614 1019 3664 lraec
1041 3622 1185 3681 recte
1209 3615 1592 3679 interpretatur

522 3689 717 3739 Vlitius
738 3692 803 3739 ad
828 3690 1002 3741 Gratii
1022 3692 1211 3741 Falisci
1232 3693 1490 3758 Cyneget.
1517 3710 1591 3744 vs.

522 3768 639 3814 ⁸⁰5.
698 3767 785 3815 Sic
810 3767 924 3817 Cic.
951 3768 1016 3816 de
1039 3767 1190 3817 Orat.
1216 3770 1254 3817 ι.
1272 3772 1354 3817 26.
1389 3775 1402 3797 ⁸
1422 3771 1591 3821 Simul

525 3856 587 3891 ac
623 3856 707 3891 me
738 3841 962 3893 fractum
999 3859 1061 3893 ac
1092 3845 1420 3895 debilitatum
1445 3853 1591 3897 metu

523 3918 689 3968 vidit-⁹
757 3919 930 3969 Plinio
969 3918 1167 3976 nostro,
1201 3921 1371 3984 Epist.
1411 3935 1474 3974 ιι.
1509 3927 1592 3972 14.

523 3995 539 4022 ⁴
562 3994 732 4044 fracta
755 3995 1139 4059 pronuntiatio’
1166 3995 1353 4046 dicitur
1375 4012 1591 4047 enerva-

526 4079 583 4119 ta
606 4077 663 4119 et
687 4071 873 4120 mollis.
907 4084 1033 4120 vm.
1059 4074 1137 4120 14.
1171 4078 1186 4100 ⁸
1205 4071 1406 4123 Quibus
1444 4074 1591 4124 malis

524 4148 737 4210 ingenia
766 4155 944 4199 nostra
972 4150 1238 4210 hebetata,
1259 4140 1445 4213 fracta,
1469 4166 1591 4203 con-

524 4231 649 4273 tusa
680 4224 840 4274 sunt.’
907 4227 1088 4290 Nepos
1116 4228 1366 4278 Themist.
1401 4245 1518 4295 cap.
1545 4234 1592 4279 1.

528 4307 541 4330 ·
561 4299 694 4350 Qure
717 4300 1028 4351 contumelia
1047 4315 1149 4353 non
1167 4300 1324 4368 fregit
1344 4319 1479 4363 enm,
1499 4306 1600 4367 sed,

503 4754 639 4874 Ι.

1668 537 1874 587 erexit.⁸
1935 537 2248 589 Arntzenius
2278 537 2378 588 hoc
2413 537 2467 588 in
2503 539 2630 590 loco
2651 551 2761 603 pro·

1666 614 1906 678 claustris,
1930 616 2166 678 reposuit
2186 615 2388 666 clotho-i·
2402 632 2423 674 ‚·
2458 631 2617 682 quam
2640 618 2747 667 lec-

1669 692 1861 753 tionem
1898 692 2055 741 etiam
2091 693 2349 757 approbat
2386 693 2661 744 Gesnerus
2693 695 2746 744 in

1667 769 1905 832 Epistola
1929 760 1995 819 de
2018 784 2109 818 sua
2136 770 2293 819 Plinii
2317 769 2572 819 editione.
2608 771 2743 822 Pro·

1666 843 1847 896 fitetur
1866 846 1975 908 ille,
2001 861 2056 895 se
2080 847 2179 897 hoc
2207 862 2394 898 nomen
2410 848 2641 906 aethris,
2665 863 2750 898 re·

1666 921 1867 985 perisse
1907 921 1960 970 iu
2010 921 2291 987 Excerptis
2335 923 2533 973 codicis
2579 923 2747 974 Guel-

1667 995 2002 1061 pherbytani‚
2032 996 2314 1062 docetque,
2347 997 2562 1063 proprie
2599 998 2746 1049 dicta

1669 1086 1784 1122 esso
1806 1073 2011 1128 elatiora,
2041 1073 2133 1122 illa
2165 1075 2522 1139 receptacula,
2546 1076 2600 1124 in
2622 1091 2746 1141 qum

1668 1151 1910 1202 animalia
1947 1151 2206 1201 conclusa*
2239 1151 2475 1215 fuerint;
2521 1154 2649 1203 inde
2689 1161 2747 1204 et

1669 1229 1942 1278 Heinsium
1980 1229 2270 1291 Claudiano
2304 1244 2368 1280 ιι.
2402 1231 2619 1281 Consul.
2643 1231 2745 1281 Sti-

1666 1306 1754 1356 lic.
1798 1320 1875 1355 vs.
1906 1308 2023 1358 272.
2072 1305 2362 1356 restituisse
2393 1307 2620 1368 clastris,
2648 1322 2745 1372 pro

1670 1384 1880 1447 vulgato
1896 1384 2140 1434 claustris.
2197 1385 2268 1434 Et
2286 1390 2452 1449 certe,
2474 1383 2543 1434 ad
2571 1385 2745 1436 Hora·

1668 1460 1727 1510 tii
1745 1460 1931 1510 Artem
1949 1462 2102 1513 Poiit.
2117 1465 2323 1511 svs-478.
2346 1460 2364 1490 ‘
2383 1461 2467 1512 Ac
2490 1462 2641 1512 velut
2663 1476 2744 1511 nr·

1665 1551 1754 1586 sus
1797 1537 2052 1602 objectos
2092 1554 2266 1589 cavea
2308 1540 2475 1590 valuit
2516 1539 2564 1590 si
2603 1539 2744 1589 sran-

1668 1626 1797 1676 gere
1841 1614 2069 1663 clathros
2095 1612 2145 1675 ς’
2196 1621 2347 1664 vetus
2381 1613 2740 1664 scholiastes:

1660 1690 1676 1717 ‘
1699 1691 1908 1748 eiurari,
1947 1692 2060 1741 sive
2093 1691 2314 1754 clauim}
2354 1690 2548 1756 inquit,
2582 1699 2600 1722 ⁸
2620 1699 2745 1742 sunt

1667 1766 1868 1816 robusti
1901 1775 2078 1830 postes
2112 1774 2168 1817 et
2201 1766 2433 1831 rotundi,
2468 1768 2745 1833 repagula.

1666 1842 1854 1907 quibus
1875 1842 2181 1894 obfirmatur
2204 1844 2397 1895 cavea!
2462 1846 2744 1910 Equidem,

1663 1934 1769 1969 non
1809 1920 2081 1984 rejicerem
2123 1935 2303 1970 vocem
2337 1921 2566 1984 daturis,
2604 1922 2651 1971 si
2683 1935 2744 1970 ca

1665 2011 1790 2046 vero
1835 1996 2162 2061 antiquitatis
2203 1998 2509 2047 testimonio
2549 2000 2603 2048 in
2643 1999 2744 2049 hoc

1666 2071 1828 2122 Plinii
1855 2075 1967 2124 loco
1991 2077 2269 2127 niteretur.
2337 2075 2412 2125 At
2439 2090 2540 2140 ego
2560 2077 2611 2125 in
2636 2092 2745 2126 om-

1667 2151 1816 2199 nibus
1842 2151 2053 2215 scriptis
2072 2152 2443 2217 impressisque
2466 2153 2748 2216 exempla·

1666 2227 1808 2275 ribus
1833 2228 2142 2292 Panegyrici
2169 2229 2418 2286 Pliuisni.
2442 2244 2564 2294 quae
2602 2237 2743 2280 trac-

1666 2305 1795 2367 tavi,
1815 2305 2051 2369 adeqqne
2076 2305 2234 2354 etiam
2259 2305 2311 2354 in
2344 2307 2471 2368 ipsis
2501 2307 2748 2370 Excerp-

1667 2381 1735 2429 tis
1787 2381 1983 2430 codicis
2030 2382 2503 2448 Guelpherbytani,
2553 2384 2741 2449 quibus

1668 2458 2054 2507 accuratissime
2091 2458 2372 2522 descriptis
2402 2468 2554 2522 ntor;
2591 2461 2746 2510 item-

1666 2547 1767 2598 que
1805 2533 1857 2583 in
1897 2535 2028 2585 libro
2064 2536 2233 2585 altero
2266 2536 2449 2595 Gudii,
2484 2539 2577 2603 qni
2618 2538 2742 2588 alio·

1667 2610 1788 2675 quin
1829 2612 2098 2675 proecipue
2133 2611 2331 2663 codicis
2368 2614 2742 2680 Guelpberby·

1668 2686 1778 2736 tani
1813 2687 2078 2739 variantes
2114 2689 2367 2739 lectiones
2400 2689 2637 2742 fideliter
2661 2706 2740 2742 re·

1666 2761 1808 2825 fert;
1859 2766 2041 2816 adhaec
2096 2768 2400 2817 nominatim
2444 2769 2498 2818 in
2556 2769 2740 2820 codice

1666 2842 1930 2892 Vaticano
1948 2846 2097 2894 3461.
2116 2858 2184 2893 ex
2201 2859 2305 2909 quo
2326 2844 2563 2895 codicem
2581 2847 2742 2896 Guel-

1668 2918 2053 2981 pherbytanum
2072 2928 2201 2982 puto
2219 2920 2543 2985 descriptum
2565 2920 2740 2986 fnisse,

1665 3004 1971 3045 constanter
1995 3010 2296 3060 expressum
2328 3000 2447 3062 lego
2480 3001 2740 3060 claustr-2⁶³3

1667 3086 1763 3122 nec
1802 3073 1932 3133 scio,
1971 3073 2110 3124 unde
2156 3075 2244 3123 illa
2280 3090 2403 3139 vox,
2443 3077 2650 3135 clathra,
2687 3078 2742 3127 in

1668 3148 1940 3201 Arntzenii
1983 3151 2255 3214 Excerpta
2298 3155 2626 3217 pervenerit,
2663 3154 2741 3204 fa-

1666 3227 1764 3276 cile
1797 3234 1969 3276 alitem
2008 3229 2214 3290 patebit
2249 3229 2328 3287 iis,
2359 3231 2549 3294 quibus
2584 3232 2738 3281 datur

1666 3304 1875 3353 occasio
1911 3303 2165 3355 adeundae
2202 3306 2545 3359 Bibliothecae
2578 3309 2741 3359 Guel-

1668 3380 2025 3444 plierbytanae‚
2046 3382 2304 3447 qinomodo
2327 3398 2386 3433 se
2420 3399 2501 3433 res
2530 3384 2739 3436 habeat.

1664 3458 1770 3508 Sed
1796 3474 1893 3508 nec
1918 3460 2071 3509 video
2093 3475 2326 3510 caussam
2362 3462 2621 3525 idoneam,
2643 3476 2735 3513 cur

1667 3549 1918 3599 asperner
1952 3537 2229 3587 lectionem
2264 3540 2554 3603 vulgatam,
2576 3540 2740 3590 omui·

1666 3628 1855 3678 umque
1901 3613 2147 3663 librorum
2193 3616 2507 3665 auctoritate
2550 3615 2735 3666 confir·

1666 3697 1872 3741 matam.
1943 3690 2181 3755 Largior,
2231 3705 2418 3740 nomen
2471 3698 2488 3722 ⁸
2509 3693 2735 3742 clathro-

1667 3782 1780 3816 rum
1797 3767 1812 3790 '
1835 3768 1899 3816 ad
1919 3768 2306 3830 receptaculum
2324 3766 2554 3818 ferarum
2575 3786 2740 3819 συνεκ-

1665 3846 1869 3906 δοχικῶς
1888 3843 2279 3908 significandum
2302 3850 2449 3894 recte
2471 3846 2734 3907 adhiberi;

1666 3923 1759 3971 sed
1805 3921 2120 3977 nonsminus
2163 3920 2301 3969 idem
2341 3924 2732 3985 receptaculum

1667 3998 1823 4046 etiam
1852 3996 2057 4046 nomine
2091 4003 2107 4027 ⁸
2126 3996 2514 4060 claustrorum,’
2536 4008 2595 4048 et
2616 4007 2632 4030 ⁸
2650 4013 2738 4049 cas

1667 4070 1814 4137 veae,'
1860 4078 2008 4123 recte
2052 4071 2381 4136 exprimitur.
2455 4074 2619 4127 Certe
2661 4075 2732 4126 sic

1669 4150 1781 4202 Liv.
1803 4161 2010 4199 xxxvl.
2025 4154 2076 4200 7.
2099 4157 2115 4180 ⁸
2133 4149 2232 4199 Ille
2251 4150 2462 4214 quidem
2479 4150 2607 4203 ferte
2623 4152 2735 4203 bes-

1670 4227 1775 4290 tia»,
1801 4227 2006 4289 vinctae,
2027 4232 2117 4275 aut
2135 4227 2342 4288 clausae,
2365 4239 2426 4277 et
2445 4227 2734 4292 refringere

1668 4304 1902 4355 claustra,
1935 4302 2192 4367 cupienti,
2226 4300 2367 4366 regis
2396 4305 2527 4354 iram
2565 4305 2744 4373 verbis
