3017 4942
529 392 661 460 866

527 568 613 604 res
633 553 758 603 satis
788 550 1091 617 frequenter
1111 553 1434 618 usurparint;
1467 567 1589 603 nus·

437 674 444 681 .
527 646 683 696 quam
705 638 896 687 tamen,
910 637 1154 693 quantum
1171 631 1322 679 nobis
1335 630 1448 693 jam
1468 644 1590 680 con·

527 714 653 772 stat,
694 708 847 758 aliam
893 708 943 757 ei
986 708 1243 757 notionem
1298 708 1591 772 subjecere,

530 800 681 852 quam
720 793 780 836 ut
814 785 950 835 idem
988 786 1203 841 valeret,
1224 785 1361 850 quod
1385 789 1400 813 ⁶
1420 783 1589 848 scite,’

523 863 765 928 ‘perite,’
800 870 857 913 et
894 863 909 890 ‘
930 878 994 913 ex
1037 861 1184 912 arte.'
1251 862 1338 912 Sic
1374 862 1485 912 Cic.
1519 862 1588 912 de

530 939 683 990 Orat.
726 953 794 990 11.
826 944 876 990 2.
916 939 931 966 ‘
953 939 1096 988 Bene
1142 935 1369 995 dicere‚’,
1397 939 1589 1002 inquit,

523 1017 693 1083 ‘quod
716 1023 816 1078 est,
850 1016 1094 1077 scienter,
1116 1024 1171 1065 et
1193 1017 1382 1080 perite,
1418 1024 1473 1065 et
1509 1030 1589 1066 or·

525 1100 667 1151 nate.
704 1092 913 1144 dicere.'
990 1094 1061 1143 Et
1102 1094 1279 1156 Nepos
1322 1093 1378 1142 in
1423 1093 1584 1146 Praef.

525 1169 829 1235 ‘Saltasse‚’
867 1170 1055 1235 inquit,
1093 1170 1109 1198 ‘
1139 1185 1255 1220 eum
1300 1170 1589 1234 commode,

529 1249 860 1312 scienterque
882 1247 1026 1298 tibiis
1046 1246 1320 1298 cantasse!
1367 1249 1437 1297 Et
1457 1248 1586 1298 Sue·

524 1330 638 1376 ton.
661 1326 826 1389 Vesp.
846 1338 961 1389 cap.
1000 1328 1048 1374 3.
1089 1328 1104 1353 ‘
1126 1325 1231 1377 Qui
1263 1331 1500 1375 cantaret
1530 1332 1587 1377 et

531 1402 781 1466 psalleret
797 1396 1030 1465 jucun'de
1067 1401 1436 1466 scienterque.’
1489 1402 1586 1452 Cui

526 1492 654 1540 ergo
675 1477 787 1528 haec
818 1469 1303 1542 uon‘snspicionem
1341 1475 1584 1540 afferant,

525 1550 748 1604 fortasse
772 1552 1072 1605 adverbium
1110 1556 1331 1618 scienter,
1352 1569 1445 1619 pro
1469 1569 1584 1618 par-

524 1629 709 1695 ticipio
729 1631 897 1688 sciens,
920 1631 985 1681 ab
1017 1630 1259 1695 imperito
1298 1631 1585 1696 glossatore

526 1707 638 1757 sive
662 1707 948 1771 interprete
984 1707 1278 1773 profectum
1305 1710 1455 1758 esse?
1489 1709 1586 1759 Ut-

526 1798 731 1849 cunque
755 1799 878 1835 vero
915 1795 1015 1848 est,
1056 1800 1173 1836 cum
1209 1801 1274 1835 ne
1298 1786 1454 1835 ullum
1477 1787 1584 1852 qui-

525 1860 645 1911 dem
667 1862 824 1912 variae
845 1863 1078 1912 lectionis
1101 1862 1377 1926 vestigium
1413 1864 1465 1917 in
1487 1863 1586 1913 bac

528 1930 660 1988 voce
682 1939 945 2003 hucusque
985 1937 1264 1989 ostendant
1284 1938 1464 2001 scripti
1493 1938 1584 1987 im·

521 2015 787 2079 pressique
809 2015 929 2065 libri
949 2030 966 2074 3
999 2015 1217 2078 agedum
1234 2014 1584 2078 relinquemus

528 2091 697 2141 adhuc
733 2092 908 2142 Plinio
941 2092 1039 2141 boc
1079 2091 1247 2154 ipsum
1284 2089 1585 2141 adverbium

524 2169 748 2232 scienter,
769 2169 820 2218 in
844 2168 1146 2232 primigenio
1170 2175 1224 2217 et
1248 2168 1460 2232 proprio
1481 2168 1585 2232 sig-

524 2245 740 2296 nificatu
763 2252 779 2276 ‘
795 2246 992 2297 sciendi
1009 2244 1024 2267 ’
1047 2245 1296 2309 positum,
1306 2260 1479 2308 neque
1502 2260 1586 2295 so-

528 2323 583 2372 la
605 2324 830 2385 exempli
857 2322 1087 2383 raritate,
1107 2328 1218 2386 aut,
1240 2329 1301 2372 ut
1323 2337 1441 2373 cum
1458 2323 1586 2372 Ter-

525 2399 749 2450 tulliano
768 2400 966 2464 loquar,
990 2398 1358 2461 singularitate,
1381 2413 1584 2462 permo-

521 2490 749 2538 veamnr,
770 2484 827 2525 ut
851 2476 905 2524 in
928 2475 1041 2538 ejus
1056 2476 1224 2525 locum
1249 2475 1586 2539 participium

522 2551 765 2602 usitatius
799 2551 1009 2601 aliunde
1044 2553 1373 2615 coaptemus!
1412 2550 1495 2601 Am
1532 2567 1586 2600 e·

522 2628 629 2679 nim
653 2629 939 2680 inauditum
975 2638 1074 2685 est,
1110 2628 1318 2694 aliquod
1344 2628 1586 2679 adverbi-

522 2719 612 2755 um
634 2705 757 2755 duas
782 2706 1038 2755 sustinere
1059 2705 1499 2768 significationes?
1530 2707 1587 2756 Si

522 2782 857 2846 participium
867 2783 1018 2832 sciens
1035 2781 1295 2846 duplicem
1318 2783 1476 2833 habet
1496 2799 1588 2846 po·

522 2862 788 2920 testatem,
812 2857 935 2922 quid
972 2859 1025 2908 ni
1047 2866 1102 2907 et
1125 2858 1422 2909 adverbium
1464 2859 1586 2909 inde

428 2945 432 2949 ·
524 2933 816 2985 derivatum
837 2936 856 2983 ?
890 2934 1057 2985 Sciens
1075 2942 1247 2985 autem
1265 2937 1474 3000 proprie
1498 2950 1588 2985 no·

525 3018 609 3062 tat
630 3025 769 3072 eum,
787 3012 876 3076 qui
900 3013 1022 3073 scit,
1045 3020 1137 3062 aut
1160 3013 1447 3076 cognoscit,
1462 3013 1585 3063 item

525 3093 584 3136 et
602 3087 690 3152 qui
708 3087 774 3137 de
792 3087 1043 3137 industria
1058 3094 1112 3137 et
1129 3091 1367 3139 consulto
1390 3088 1587 3154 aliquid

524 3162 639 3223 ait3
670 3177 722 3212 v.
750 3178 801 3224 g.
834 3164 1049 3213 Terent.
1071 3163 1271 3215 Heaut.
1304 3178 1383 3214 lv.
1423 3170 1472 3214 8.
1506 3169 1588 3215 33.

524 3239 548 3269 ‘⁴
559 3239 632 3288 Te
666 3239 865 3287 sciente
898 3237 1108 3302 faciam,
1129 3240 1375 3306 quidquid
1398 3239 1588 3306 egem?

527 3315 641 3366 Cic.
660 3328 759 3378 vpro
784 3314 988 3364 Cluent.
1007 3330 1055 3365 c.
1087 3320 1172 3366 46.
1208 3318 1224 3346 ⁴
1245 3317 1499 3380 Habebit,
1533 3325 1590 3368 te

528 3391 727 3449 sciente
750 3398 804 3440 et
841 3391 1072 3455 vidente,
1112 3393 1254 3443 curia
1293 3403 1588 3444 senatorem

524 3469 637 3518 sine
655 3468 941 3532 ignominia
952 3483 1137 3533 quemq
1146 3469 1299 3534 uam,'
1314 3474 1414 3520 διο.
1439 3470 1589 3521 Idem

525 3560 625 3610 pro
644 3545 797 3596 Rosc.
829 3544 1006 3594 Amer.
1022 3560 1073 3596 c.
1096 3550 1177 3596 20.
1200 3549 1215 3577 ‘
1232 3546 1433 3612 Aperte
1455 3548 1590 3597 ludi·

525 3620 672 3673 ficari
695 3627 752 3670 et
785 3622 1084 3672 calumniari
1108 3624 1275 3673 sciens
1312 3640 1413 3674 non
1445 3625 1590 3674 vide-

528 3697 651 3749 tur.’
702 3698 909 3748 Deinde
928 3699 1081 3749 sciens
1103 3701 1261 3750 etiam
1283 3701 1478 3751 dicitnr
1499 3716 1591 3766 pe·

527 3774 680 3836 ritus,
704 3784 759 3823 et
789 3782 904 3823 arte
940 3790 1032 3824 sua
1069 3775 1375 3839 instructus,
1411 3778 1590 3827 habet·

528 3865 631 3915 que
654 3865 771 3900 suos
796 3850 985 3914 gradus
1004 3853 1019 3882 ‘
1043 3855 1324 3919 scientior,'
1364 3864 1422 3906 et
1454 3857 1469 3884 ‘
1491 3857 1592 3906 sci·

528 3926 858 3976 entissimusl
925 3928 1138 3979 Sallust.
1161 3930 1288 3993 διες.
1302 3936 1443 3981 ο.85.
1465 3939 1481 3963 ‘
1501 3947 1593 3982 ex-

528 4004 720 4053 ercitus
743 4006 974 4054 locurum
1006 4006 1216 4069 sciens‚'
1250 4008 1285 4056 i.
1303 4023 1351 4058 e.
1376 4009 1594 4073 peritus.

532 4079 648 4130 Cic.
672 4095 764 4143 pro
788 4082 930 4145 Lege
952 4083 1138 4149 Manil2
1169 4099 1288 4148 cap.
1313 4090 1391 4135 10.
1426 4086 1441 4115 ‘
1462 4085 1597 4137 Quis

530 4155 791 4220 Pompeio
813 4158 1058 4209 scientior
1080 4175 1302 4225 unquam
1327 4160 1480 4211 fui-t?
1513 4162 1591 4211 si-

530 4232 725 4283 militer
760 4232 815 4283 in
857 4234 1107 4287 adverbio
1137 4238 1427 4302 composito
1480 4238 1497 4265 ‘
1513 4239 1593 4288 in-

1217 407 1435 458 NOTAE
1482 407 1894 460 vamolwu
1942 411 2019 460 lu

1666 554 1928 612 scienter‚'
1950 554 2087 621 quod
2126 560 2366 623 tanquam
2388 556 2634 610 ἀντίθετον
2651 562 2721 624 re

1661 632 1866 682 scienter
1889 632 2188 697 opponitur,
2210 633 2403 698 duplex
2438 636 2607 686 baeret
2628 651 2720 686 no·

1663 708 1757 759 tiu.
1835 708 2132 774 Aliquando
2175 711 2388 761 denotat
2431 714 2720 777 simplicem

1663 785 1946 835 absentiam
1981 786 2237 849 scientiae,
2253 787 2289 837 i.
2313 801 2362 839 e.
2387 803 2452 838 ex
2481 791 2723 853 ignoran-

1663 862 1756 925 tia,
1779 877 1844 912 ex
1863 863 2161 925 inscientia;
2198 879 2247 913 v.
2273 878 2322 927 g.
2347 865 2482 929 apud
2503 867 2618 916 Liv.
2631 866 2721 916 lib.

1660 950 1794 988 xxv.
1816 952 1864 989 c.
1882 941 1963 987 10.
1987 940 2002 967 ‘
2022 939 2293 989 Terrorem
2315 949 2371 992 et
2393 942 2521 993 tuba
2544 942 2726 992 audita

1660 1029 1727 1064 ex
1752 1013 1956 1065 theatro
1973 1013 2198 1066 faciebat
2218 1033 2236 1079 ς
2271 1031 2386 1067 uam
2410 1016 2725 1070 et'Romana

1660 1099 1774 1140 erat
1796 1107 1826 1141 a
1842 1092 2191 1156 proditoribus
2207 1101 2410 1158 parata,
2423 1101 2479 1145 et
2500 1095 2727 1147 inscien-

1662 1173 1744 1217 ter
1764 1166 1856 1234 (ex
1883 1168 2191 1232 ignorantia)
2220 1185 2251 1219 a
2283 1169 2472 1221 Graeco
2507 1170 2727 1233 inflata‚'

1659 1245 1759 1297 &c-
1794 1242 1868 1294 At
1881 1252 2027 1296 notat
2043 1251 2058 1274 ‘
2074 1244 2356 1297 inscienter
2370 1246 2385 1270 ’
2396 1248 2556 1297 etiam
2572 1249 2727 1297 insci·

1664 1328 1733 1383 te,
1755 1321 2016 1386 imperite,
2030 1330 2084 1373 et
2097 1337 2164 1372 ex
2186 1323 2410 1374 inscitia.
2455 1326 2599 1375 Vide
2617 1326 2728 1376 Cic.

1659 1398 1838 1462 'l'opic-
1862 1414 1979 1464 cap.
2003 1403 2052 1449 8.
2076 1407 2131 1449 et
2152 1397 2318 1450 Acad.
2338 1400 2544 1453 Quaest.
2571 1416 2655 1452 ιν.
2676 1407 2728 1452 6.

1660 1474 1800 1526 Quid
1829 1476 1880 1524 ni
1906 1476 2016 1539 pari
2040 1476 2238 1526 ratione
2273 1479 2581 1528 adverbium
2606 1480 2728 1543 sim·

1661 1552 1783 1614 plex
1823 1553 2047 1613 scienter,
2083 1554 2220 1618 quod
2261 1554 2421 1618 apud⁴
2445 1556 2579 1605 alios
2623 1557 2730 1606 fre·

1661 1640 1881 1695 quenter
1924 1637 2074 1681 notat
2120 1635 2135 1659 ‘
2166 1632 2368 1696 perite‚'
2415 1641 2430 1664 ⁶
2451 1635 2733 1699 sciteque,’

1662 1707 1798 1770 apud
1822 1707 2044 1757 Plinium
2080 1707 2235 1757 etiam
2272 1708 2572 1771 significare
2609 1725 2730 1776 pos-

1661 1782 1748 1846 sit,
1784 1785 1799 1813 ‘
1817 1796 1882 1832 ex
1906 1784 2144 1848 scientia,
2165 1792 2220 1834 et
2234 1786 2488 1844 consilio,’
2506 1789 2649 1837 adeo
2672 1796 2733 1839 ut

1662 1873 1868 1923 prorsus
1885 1860 2022 1910 idem
2039 1862 2106 1911 sit
2126 1862 2432 1924 sciensfnllo,
2447 1871 2503 1913 et
2516 1866 2735 1915 scienter

1647 1938 1806 2000 fallo?
1863 1939 1976 1989 Etsi
1997 1939 2153 2004 igitur
2172 1938 2327 1991 facile
2342 1942 2563 2006 largior,
2591 1943 2732 2007 quod

1649 2016 1760 2079 jam
1796 2030 1952 2080 supra
1992 2016 2061 2066 de
2096 2020 2258 2068 verbo
2293 2018 2543 2082 ‘praeivi’
2596 2020 2733 2081 dixi,

1660 2091 1712 2140 id
1756 2094 1914 2141 etiam
1960 2092 2062 2143 buc
2112 2094 2490 2144 accommodari
2534 2110 2734 2159 posse3

1658 2169 2113 2233 nempe.nemiuem
2126 2167 2281 2218 facile
2297 2171 2555 2219 maculam
2573 2185 2739 2234 quau.

1657 2245 1775 2294 dam
1804 2244 2415 2309 adspersurum.orationi
2437 2246 2735 2309 Pliniana,

1658 2320 1706 2370 si
1737 2321 1851 2386 quis
1887 2336 1953 2371 ex
1988 2321 2223 2372 formulis
2258 2323 2556 2371 solennibus
2585 2338 2734 2372 assu-

1659 2408 1765 2448 mat
1804 2400 2133 2463 participium
2165 2400 2318 2449 sciens
2354 2413 2447 2461 pro
2480 2399 2733 2460 scientem

1659 2475 2062 2525 reclamantibus
2095 2483 2267 2526 tamen
2298 2476 2534 2525 omnibus
2561 2478 2732 2526 omni·

1659 2565 1728 2600 no
1765 2552 2162 2617 exemplaribus,
2195 2567 2313 2617 qnae
2346 2554 2618 2616 bucusque
2654 2554 2733 2602 in·

1660 2635 1961 2686 notuerunt,
1985 2630 2143 2678 nolim
2168 2628 2468 2678 adverbium
2496 2629 2737 2692 scienter,

1662 2705 1744 2753 cui
1770 2713 2026 2769 praeterea
2048 2714 2152 2759 tarn
2178 2713 2362 2769 aperte
2383 2703 2525 2754 favet
2550 2708 2733 2756 analo·

1662 2781 1746 2843 gia
1781 2784 2132 2845 grammatica,
2169 2796 2236 2831 ex
2268 2782 2365 2832 hoc
2399 2781 2516 2832 loco
2555 2797 2732 2833 remo·

1658 2870 1803 2904 avere.
1865 2856 2105 2906 Removit
2141 2865 2331 2913 tamen,
2361 2865 2417 2907 et
2449 2873 2571 2907 cum
2598 2873 2732 2909 voce

1660 2932 1812 2981 sciens
1866 2934 2204 2984 commutavit
2256 2948 2384 2983 unus
2432 2933 2732 2996 Gesnerus,

1663 3009 1750 3071 qui
1777 3023 1896 3057 vero
1924 3008 2142 3072 fallitur,
2173 3009 2294 3059 dum
2332 3009 2502 3059 credit
2535 3011 2732 3060 saltem

1664 3084 1940 3151 plerosque
1965 3086 2122 3136 libros
2139 3086 2264 3136 illud
2288 3087 2493 3137 scienter
2511 3086 2736 3148 habere,

1662 3176 1780 3212 cum
1817 3177 1992 3213 omnes
2030 3163 2235 3213 omnino
2268 3164 2526 3225 babeant;
2575 3164 2731 3214 item-

1663 3254 1762 3303 que
1779 3239 1889 3302 jam
1914 3239 2233 3290 Gronovium
2257 3240 2392 3290 idem
2417 3240 2731 3291 adverbium

1663 3315 1933 3379 rejecisse,
1987 3330 2101 3366 cum
2146 3317 2188 3366 is
2232 3315 2331 3366 boc
2372 3331 2439 3366 ue
2488 3318 2734 3379 attigerit

1663 3393 1892 3457 quidem,
1929 3394 2161 3458 quamvis
2203 3407 2300 3457 pro
2336 3392 2495 3443 verbo
2532 3393 2732 3456 praba·

1663 3470 1727 3530 it,
1769 3470 2160 3520 rescribendum
2205 3469 2469 3520 censuerit
2511 3468 2732 3535 preivit.

1665 3545 1925 3595 Schwarz.

1731 3621 1944 3673 Deorum
1964 3623 2054 3672 iroe
2078 3621 2395 3685 consecraret]
2423 3620 2472 3671 1.
2495 3636 2544 3672 e.
2570 3621 2733 3671 devo·

1665 3707 1833 3749 veret.
1900 3701 2109 3750 Scilicet
2141 3699 2252 3749 baec
2288 3700 2455 3749 altera
2478 3713 2596 3763 pars
2620 3712 2731 3747 om-

1665 3777 1744 3824 nis
1754 3775 2092 3841 jurisjurandi
2124 3784 2225 3831 est,
2256 3782 2314 3825 ut
2336 3775 2466 3824 ultio
2488 3773 2730 3837 perfidia

1667 3859 1724 3903 et
1738 3852 1952 3916 perjurii
1971 3861 2231 3915 poscatur.
2263 3851 2352 3901 Sic
2368 3851 2514 3900 Plut.
2527 3850 2730 3902 Quaest-

1669 3928 1819 3977 Rom.
1838 3931 1922 3978 44.
1962 3929 2065 3978 nas
2085 3925 2222 3989 ὅρκος
2242 3927 2307 3976 εἰς
2327 3924 2539 3989 κατάραν
2555 3933 2728 3975 τελευ-

1666 4007 1732 4069 τᾷ
1743 4005 1831 4063 τῆς
1851 4003 2102 4069 ἐπιορκίας,
2125 4006 2159 4053 i.
2175 4020 2222 4053 e.
2243 4019 2377 4054 omne
2387 4003 2730 4065 ,iusiurandum

1666 4081 1719 4130 in
1736 4081 1868 4129 diras
1882 4081 2078 4143 desinit,
2087 4080 2134 4130 si
2147 4080 2255 4144 quis
2265 4080 2569 4143 pejeraverit..
2599 4078 2726 4128 Huc

1666 4158 1897 4222 pertinet
1916 4159 2005 4207 illa
2024 4157 2241 4207 formula
2258 4157 2396 4222 apud
2414 4158 2588 4207 Plaut.
2602 4155 2728 4206 Am·

1668 4236 1825 4300 phitr.
1846 4235 2010 4288 nnn.
2028 4240 2111 4287 52.
2139 4238 2154 4264 ⁴
2174 4234 2238 4286 ld
2261 4249 2363 4300 ego
2383 4232 2589 4290 rifano,
2609 4237 2722 4283 tum
