3017 4942
733 408 802 457 c.
847 406 1092 458 niun
1142 407 1478 460 saeuum
1530 409 1807 489 pauno.
1882 395 2073 463 1.33.

297 556 419 604 tun,
440 547 625 614 bisque
644 548 917 606 victorem,
937 549 1221 615 constringi
1243 550 1357 602 sine

294 641 427 678 mora
443 626 631 690 jussit,
667 634 724 676 ct
759 627 946 690 pannis
970 627 1195 679 obsitum
1221 627 1357 680 vicae

295 702 383 755 tim
419 704 762 764 circumduci,
795 703 1094 755 mulieribus
1127 703 1357 769 ostendi,

292 780 477 831 deiude
503 782 760 846 jugulari.
825 780 975 832 Idem
1012 782 1264 834 invitatos
1287 783 1354 833 ad

294 858 486 922 pontis-
522 857 804 910 Puteolani
862 856 1222 912 dedicationes
1273 873 1357 910 re-

292 943 446 998 pente
474 949 657 985 omnes
694 934 1073 999 praecipitavit3
1106 935 1354 1000 quosdam

290 1011 645 1076 gubernacula
685 1013 1145 1079 apprehendentes
1187 1018 1355 1068 contis

290 1089 548 1155 remisque
582 1090 815 1142 detrusit
839 1092 890 1142 ia
914 1105 1073 1144 mare.
1133 1093 1224 1144 Sic
1245 1095 1354 1145 Do-

287 1168 530 1219 mitianus
561 1168 1010 1233 patremfamilias,
1031 1171 1170 1235 qnod
1195 1172 1354 1223 Thra·

288 1258 397 1298 cem
411 1246 718 1297 mirmilloni
735 1262 932 1312 parem,
950 1249 1245 1301 munerario
1260 1251 1353 1300 im·

285 1337 478 1387 parent,
516 1324 748 1388 dixerat,
776 1324 1074 1376 detractum
1095 1341 1126 1377 e
1145 1334 1353 1390 specta-

239 1414 248 1420 ·
287 1401 399 1450 culo
422 1401 475 1450 in
498 1416 714 1452 arenam
750 1402 965 1453 canibus
996 1402 1212 1467 obJecit,
1234 1418 1354 1455 cum

285 1476 380 1530 boe
402 1478 589 1528 titulo:
626 1478 641 1505 ‘
667 1478 837 1543 Itnpie
856 1481 1065 1531 loeutus
1098 1482 1353 1546 parmula·

285 1552 426 1614 rius?
443 1555 595 1605 Suet.
618 1568 668 1605 c.
691 1560 772 1608 10.
806 1556 964 1607 Beni.

343 1630 561 1682 Miseras
579 1634 868 1698 uoluptates]
901 1635 1015 1685 Etsi
1044 1633 1247 1685 Plinius
1271 1650 1355 1686 sn-

189 1771 193 1776 ,
285 1720 375 1769 pra
399 1722 464 1757 eu
486 1708 702 1759 nornine
737 1710 966 1761 laudavit
999 1713 1355 1776 spectaculum

285 1782 671 1847 gladiatorium,
704 1785 839 1850 qnod
878 1785 1070 1838 fecerit
1105 1786 1171 1839 ad
1205 1787 1356 1838 forti·

286 1862 514 1912 tudinem
557 1863 975 1926 accendendum
1008 1853 1147 1916 nnnc
1178 1873 1353 1916 tamen

283 1935 388 2000 ipse
410 1939 606 2000 innuit,
626 1954 730 1990 nou
752 1955 947 2005 paucos
979 1941 1037 1993 id
1070 1944 1351 2008 voluptatis

286 2027 487 2078 qnoque
533 2031 722 2082 caussa
754 2016 1137 2083 frequentasse,
1175 2021 1351 2072 delec-

285 2095 519 2156 tatosque
555 2108 673 2143 esse
709 2095 962 2157 sanguine
992 2103 1049 2146 et
1070 2095 1220 2148 chde
1241 2100 1353 2163 gia-

284 2165 561 2223 distorum.
630 2172 757 2234 Se‘d,
795 2173 969 2237 Epist.
997 2188 1082 2225 rx.
1103 2179 1154 2225 6.
1189 2182 1350 2226 testa·

286 2249 383 2301 tur,
416 2262 474 2298 se
511 2248 803 2300 istiusmodi
834 2253 1150 2316 spectaculis
1184 2267 1251 2303 ne
1274 2255 1350 2304 1οὲ

284 2321 486 2374 vissime
526 2325 740 2389 quidem
778 2327 981 2388 tencri;
1031 2337 1088 2379 ct
1122 2328 1349 2395 aliquam

283 2409 465 2462 capere
490 2401 842 2465 voluptatem,
873 2403 1011 2467 quod
1045 2404 1150 2456 ista
1169 2407 1353 2472 volup·

286 2480 390 2528 tate
420 2491 525 2528 non
548 2486 854 2543 caperetur.
904 2481 1062 2531 Nunc
1084 2495 1173 2533 eas
1196 2485 1349 2535 misc-

283 2565 359 2602 rss
378 2562 534 2606 vocat
574 2557 890 2620 voluptates,
921 2566 1143 2622 propter
1169 2574 1351 2623 graves

284 2642 478 2693 poenas,
525 2646 645 2696 quae
690 2631 973 2697 aliquando
1014 2645 1353 2689 accerserent

280 2706 682 2770 spectatoribus.
714 2709 962 2760 Schwen-

351 2785 483 2836 Unico
504 2791 555 2837 ct
577 2786 794 2849 ignibus]
826 2787 843 2815 ‘
868 2786 1081 2839 Uncus’
1115 2795 1230 2840 erat
1261 2788 1355 2839 ba-

283 2861 421 2911 culus
439 2861 715 2926 oblongus,
732 2863 925 2916 babens
947 2865 997 2914 iu
1019 2866 1355 2918 extremitate

282 2934 657 2990 ferramentum
681 2941 952 2991 incurvum
980 2956 1042 2991 ac
1076 2948 1354 2992 retortum.

285 3013 345 3066 Ei
367 3016 513 3068 locus
537 3023 655 3067 crat
678 3017 730 3066 iu
756 3018 902 3082 gravi
936 3032 1129 3081 genere
1151 3018 1354 3083 suppli·

285 3090 365 3142 eii.
429 3093 591 3144 Unde
637 3094 796 3145 Ovid.
838 3095 892 3145 iu
935 3094 1075 3153 Ibin,
1121 3110 1201 3146 vs.
1237 3099 1355 3148 165.

283 3169 299 3196 ⁸
324 3169 702 3235 Carnificisque
751 3186 927 3236 manu,
969 3173 1160 3238 populo
1204 3173 1355 3237 plau-

286 3245 456 3306 dente,
481 3249 739 3311 traheris3
774 3249 1078 3316 Infixusque
1099 3250 1200 3302 tuis
1222 3251 1355 3301 ossi-

286 3321 374 3373 bus
397 3341 559 3376 uncus
582 3325 726 3377 erit!
791 3328 864 3378 Et
888 3326 1106 3379 Sueton.
1127 3327 1245 3378 Tib.
1268 3332 1355 3378 ol.

288 3400 303 3427 ‘
327 3400 490 3452 Nemo
528 3403 829 3466 punitorum
864 3417 967 3455 uon
1001 3410 1057 3454 ct
1082 3404 1134 3453 in
1158 3404 1352 3454 Gemo-

287 3477 391 3528 nias
414 3478 673 3544 abjectus,
692 3494 930 3544 uncoque
956 3478 1195 3532 tractus.’
1218 3477 1223 3484 ’
1245 3480 1353 3532 Sed

289 3563 338 3603 et
360 3556 619 3610 cadavera
653 3558 1037 3614 vulneratorum
1077 3571 1353 3608 coesorum·

291 3646 381 3696 que
399 3634 747 3696 gladiatorum
770 3648 903 3685 unco
929 3634 1158 3699 impacto
1182 3635 1352 3684 trahe-

288 3706 470 3760 bantur
504 3711 562 3761 in
588 3712 910 3776 spoliarium.
973 3710 1176 3761 Adbaec
1197 3721 1254 3763 ct
1276 3711 1352 3777 ig·

290 3786 431 3838 nibus
453 3789 597 3840 locna
619 3794 738 3839 erat
768 3789 822 3838 in
858 3787 972 3839 istis
1007 3788 1353 3852 spect-cultu

291 3861 402 3913 dum
424 3874 517 3916 aut
541 3866 798 3917 tardiores
822 3864 1022 3918 facibus
1045 3866 1353 3917 ardentibus

294 3946 341 3992 et
360 3939 495 3992 ferro
512 3943 774 3994 candente
794 3942 1140 4008 adigebantur
1155 3942 1220 3992 ad
1241 3956 1352 3993 cer·

293 4018 529 4082 tandum3
567 4026 660 4070 aut
695 4021 818 4071 caesi
853 4023 970 4086 igne
1007 4019 1351 4085 exploraban—

295 4101 386 4157 tur,
398 4113 460 4147 au
474 4096 615 4150 forte
632 4098 803 4149 adhuc
818 4100 1055 4150 viverent
1069 4114 1085 4160 3
1108 4105 1198 4148 aut
1210 4096 1351 4147 noxii

296 4174 456 4228 tunica
490 4177 727 4233 molesta,
770 4176 874 4226 i.c.
913 4183 1058 4227 veste
1098 4189 1128 4225 c
1169 4175 1354 4225 charta

297 4245 431 4301 facta
451 4261 506 4303 ct
528 4254 649 4319 pice
681 4254 834 4312 illita,
872 4254 1063 4318 induti,
1097 4260 1252 4317 atque
1285 4249 1352 4301 ad

296 4327 511 4391 stipitem
542 4328 706 4404 affixi,
743 4328 1019 4390 ardebant.
1084 4330 1217 4383 Quae
1247 4328 1354 4393 ple·

2362 398 2498 466 623

1426 552 1573 602 uiore
1595 565 1746 603 manu
1768 554 1984 619 exponit
2013 554 2229 617 Lipsius.
2295 553 2375 606 Ac
2401 555 2493 606 Se·
2524 608 2530 615 ,

1429 643 1557 678 neca
1599 629 1769 694 Epist.
1815 635 1863 682 7.
1899 631 2185 695 generatim
2227 631 2404 693 docet,
2442 633 2494 682 in

1427 706 1677 769 ejusmodi
1715 709 2032 772 spectaculis
2072 710 2088 737 ⁴
2111 722 2220 758 rem
2256 706 2400 758 ferro
2439 716 2496 762 et

1429 782 1550 847 igne
1575 782 1717 846 geri’
1742 784 2086 835 consuevisse.
2152 784 2303 835 Idem
2336 785 2497 847 igitur

1428 861 1705 926 aliquando
1727 862 1884 912 etiam
1908 862 2160 914 accidisse
2182 865 2497 926 spectatori-

1426 936 1542 995 bus,
1578 939 1649 988 ait
1687 938 1909 995 Plinius,
1943 947 2000 988 ut
2032 953 2063 989 e
2085 938 2402 1003 spectaculis
2440 940 2495 990 iu

1426 1028 1636 1064 arenam
1672 1015 1898 1068 detracti
1933 1016 2173 1065 miseram
2219 1014 2494 1078 spectandi

1427 1092 1743 1153 voluptatem
1768 1092 1880 1157 pari
1903 1092 2059 1144 modo
2080 1091 2358 1156 expiarint.
2391 1091 2473 1141 Id.

1498 1168 1634 1218 Unico
1673 1174 1725 1220 et
1762 1168 1979 1233 ignibus]
2035 1168 2171 1220 Nam
2209 1168 2368 1218 occisi
2403 1174 2496 1220 aut

1424 1242 1538 1302 lusi
1582 1247 1812 1308 graviter
1853 1244 2192 1309 gladiatores,
2232 1258 2365 1294 unco
2399 1243 2495 1293 im·

1425 1328 1586 1382 pacto
1607 1321 1660 1371 in
1683 1321 1981 1385 spoliarium
2008 1320 2363 1374 trahebantur.
2427 1319 2496 1372 In

1425 1391 1893 1449 acclamationibus
1907 1398 2203 1455 senatoriis,
2216 1406 2329 1460 post
2343 1396 2495 1447 Com·

1426 1474 1567 1526 modi
1583 1482 1824 1541 mortem,
1844 1475 2111 1539 Lamprid.
2129 1476 2180 1525 iu
2200 1475 2327 1524 Vita
2341 1475 2495 1524 Com-

1427 1551 1587 1616 modi,
1608 1567 1725 1618 cap.
1751 1558 1831 1604 18.
1882 1560 1897 1585 ⁴
1921 1552 2243 1604 Gladiatoris
2266 1551 2495 1602 cadaver

1427 1642 1567 1680 anco
1605 1630 1862 1684 trabatur.
1926 1629 2249 1682 Gladiatoris
2269 1630 2495 1682 cadaver

1428 1704 1482 1756 in
1505 1706 1759 1770 spoliario
1798 1705 2089 1773 ponaturz’
2122 1705 2210 1756 ubi
2235 1707 2416 1770 vulgus
2438 1712 2496 1757 et

1428 1782 1578 1847 pueri
1601 1782 1906 1835 illudebant.
1940 1786 2025 1836 De
2042 1786 2059 1814 ‘
2080 1782 2299 1848 ignibus’
2318 1791 2496 1836 autem

1425 1861 1503 1911 ita
1545 1860 1756 1911 babuit:
1800 1859 2141 1912 Adhibebant
2174 1873 2286 1923 cos,
2319 1860 2403 1909 vel
2439 1859 2495 1909 in

1425 1937 1684 2002 principio
1707 1951 2049 2003 pugna,cum
2071 1936 2299 1988 timidius
2322 1937 2372 1986 in
2390 1934 2493 1988 fcr-

1426 2029 1541 2068 rum
1579 2016 1741 2081 irent,
1779 2023 1837 2068 et
1876 2031 1908 2067 a
1948 2022 2097 2082 tergo
2128 2013 2370 2078 flagellis,
2407 2019 2500 2066 sut

1425 2090 1652 2158 facibus,
1694 2093 2138 2155 exstimulabant;
2173 2093 2254 2141 vel
2286 2092 2339 2141 in
2370 2089 2502 2155 fine,

1424 2184 1542 2224 cum
1566 2171 1752 2221 mortui
1767 2170 1899 2236 jam,
1916 2180 2006 2222 aut
2017 2170 2265 2234 jacentes
2284 2167 2336 2217 in
2361 2181 2495 2217 mor·

1426 2253 1594 2303 tuum„
1612 2247 1820 2313 ignibus
1843 2254 1899 2306 et
1914 2245 2056 2298 ferro
2076 2243 2502 2311 explorabantur«

1422 2324 1748 2375 Simulabant
1771 2324 1909 2375 enim
1940 2323 2148 2390 quidam
2176 2330 2417 2386 mortem,
2436 2327 2496 2371 ut

1423 2400 2496 2461 siccfferreutur,etsubducerenturmor·

1428 2479 1488 2532 ti.
1538 2480 1908 2540 Tertullianus,
1936 2480 1952 2507 ⁴
1975 2478 2197 2532 Risimus
2230 2478 2366 2527 iuter
2388 2490 2498 2526 me·

1427 2556 1748 2607 ridiauorum
1812 2557 2171 2619 crudelitates,
2235 2554 2495 2604 Mercuri·

1427 2647 1514 2683 um
1536 2641 1769 2685 mortuos
1808 2633 2042 2685 cauterio
2074 2629 2500 2682 examinantem?

1428 2709 1582 2762 Quod
1620 2710 1829 2760 scilicet
1855 2718 2092 2773 aptatum
2129 2708 2196 2759 ad
2235 2707 2500 2771 poeticam

1428 2787 1590 2837 ctiam
1611 2786 1840 2838 fabulam
1862 2785 1979 2838 fuit.
2026 2786 2179 2836 Subit
2209 2792 2265 2836 ct
2299 2783 2366 2833 de
2389 2783 2495 2847 ‘ig-

1429 2863 1614 2914 nibus’
1639 2878 1789 2929 posse
1820 2864 2010 2928 accipi,
2043 2869 2102 2913 ut
2134 2861 2233 2927 ipsi
2257 2861 2323 2911 ad
2341 2863 2496 2926 stipi·

1429 2948 1536 2992 tem
1575 2940 1717 2993 affixi
1755 2942 1978 2996 arserint
2014 2943 2067 2991 in
2106 2952 2307 2990 arena=
2354 2940 2494 3005 quod

1428 3019 1554 3070 item
1584 3020 1775 3072 scimus
1800 3018 2016 3071 factum.
2049 3017 2182 3081 Lips.

1500 3098 1633 3148 Unico
1653 3104 1703 3149 ct
1733 3095 1951 3161 ignibus]
1989 3096 2109 3147 Non
2145 3100 2347 3144 tantum
2385 3094 2495 3158 gla-

1428 3173 1680 3237 diatores,
1699 3175 1792 3224 sed
1817 3181 1873 3224 et
1907 3170 2091 3238 reliqui
2117 3171 2343 3220 damuati
2364 3170 2495 3234 igni·

1431 3248 1525 3300 bus
1548 3265 1642 3315 per
1664 3251 1909 3302 obscoena
1932 3247 2169 3298 immissis
2202 3246 2253 3295 in
2285 3260 2495 3298 arenam

1429 3329 1608 3389 tracti,
1632 3328 1768 3394 qnod
1793 3341 1978 3378 novum
2002 3324 2299 3391 quaestionis
2334 3338 2506 3387 genus

1428 3406 1629 3458 invenit
1665 3406 2016 3457 Domitianus.
2080 3402 2296 3452 Sueton.
2339 3410 2497 3452 antea

1429 3482 1483 3532 in
1526 3497 1739 3533 carcere
1784 3480 1955 3532 necati
1999 3479 2145 3530 uncis
2189 3477 2493 3542 quibusdam

1428 3559 1631 3622 maguis
1665 3559 1798 3609 trabi
1831 3557 1973 3608 soliti
1996 3571 2027 3606 a
2050 3554 2296 3606 carnifice
2332 3554 2384 3603 iu
2420 3551 2496 3602 fo·

1429 3652 1565 3701 rum,
1605 3639 1795 3689 deinde
1846 3637 1898 3687 in
1948 3634 2179 3685 fluvium.
2234 3634 2353 3683 Dio.
2405 3633 2495 3684 Sic

1429 3715 1729 3779 Christiani,
1749 3715 1869 3765 inde
1892 3721 1907 3745 ‘
1932 3708 2278 3763 sarmenticii'
2301 3717 2355 3758 ct
2377 3708 2393 3735 ‘
2414 3724 2494 3757 sc-

1428 3793 1591 3843 missii
1608 3791 1621 3813 ²
1644 3792 1791 3849 dicti,
1809 3791 1932 3857 quia
1955 3790 2022 3841 ad
2043 3786 2275 3852 stipitem
2297 3785 2506 3840 dimidii,

1429 3869 1559 3918 assis
1602 3868 1844 3930 revincti,
1880 3870 2253 3918 sarmentorum
2293 3861 2494 3911 ambitu

1427 3944 1800 3997 exurebantur.
1823 3942 2040 3993 Tertull.
2102 3939 2255 3991 Adde
2280 3940 2506 3990 Vulcat.

1418 4021 1689 4072 Gallican.
1721 4019 1983 4082 Lamprid.
2016 4018 2210 4070 Scncc.
2241 4017 2306 4067 de
2331 4016 2421 4068 Ira
2444 4030 2493 4067 c.

1426 4102 1475 4148 3.
1495 4096 1688 4149 Juvcn.
1710 4096 1819 4147 Sat.
1842 4109 1879 4146 1.
1916 4095 2069 4146 Bm.

1496 4176 1699 4227 Demens
1726 4172 1834 4237 ille]
1868 4171 2213 4226 Domitianus.
2277 4174 2363 4223 De
2387 4187 2493 4222 ma·

1420 4252 1634 4317 jestatis
1663 4261 1840 4305 autern
1875 4253 2089 4305 crimine
2110 4251 2336 4305 diximus
2358 4251 2423 4300 ad
2448 4243 2514 4299 c.'

1428 4342 1516 4380 xi.
1552 4330 1775 4381 Patarol.
