3017 4942
500 421 677 492 1006

499 584 586 635 vel
629 590 818 649 sponte
861 581 928 635 ad
966 581 1317 648 expiationem
1356 596 1415 635 se
1440 580 1572 633 offe⁶

503 661 711 725 rebant,
731 663 884 712 sicuti
907 661 1131 726 Codrus,
1165 672 1256 710 rex
1284 660 1572 710 Athenien·

501 739 653 795 sium,
668 744 723 788 et
737 738 878 788 inter
891 738 1169 798 Romanos,
1190 738 1406 799 Decius,
1418 745 1573 800 pater

502 821 560 864 et
591 814 748 878 filins,
775 816 853 868 Μ.
876 815 1107 878 Curtius,
1142 821 1200 864 et
1236 815 1352 874 alii3
1384 813 1468 862 vel
1505 812 1572 862 ab

502 891 733 947 oraculo,
754 897 843 940 aut
866 906 898 940 a
919 892 1133 955 populo,
1159 889 1572 945 destinabantur,

502 978 721 1030 quorum
736 965 913 1029 capite
933 964 1351 1015 omniauvitatis
1372 964 1572 1012 scelera

502 1041 795 1102 lucrentur,
832 1046 889 1089 et
924 1040 1005 1090 ira
1039 1040 1268 1090 Deorum
1309 1047 1571 1089 avertere-

505 1123 627 1177 tur;
660 1116 951 1181 cujusmodi
985 1118 1239 1180 exemplis
1264 1116 1572 1167 Graecornm

503 1193 958 1258 Romanorumque
1029 1193 1250 1243 historia
1317 1192 1572 1243 abundat.

503 1267 763 1320 Quoniam
787 1260 911 1318 vero
935 1269 1066 1317 tales
1090 1269 1377 1333 piaculares
1408 1268 1574 1318 homi·

501 1359 615 1402 nes,
636 1345 874 1410 inprimis
892 1345 1131 1395 scelerati
1155 1346 1227 1395 illi
1249 1345 1574 1395 habebantur

504 1420 522 1449 ⁸
542 1419 712 1485 sacri,'
745 1420 781 1470 i.
801 1435 850 1471 e.
884 1421 1233 1471 exsecrabiles
1257 1430 1310 1470 et
1333 1420 1460 1470 diris
1481 1420 1573 1471 de·-

504 1499 653 1559 voti3
699 1498 881 1547 horum
925 1504 1146 1558 tactum,
1188 1497 1574 1561 adspectusque

503 1575 881 1638 contagionem,
908 1575 995 1624 alii
1030 1574 1316 1638 fugiebant,
1348 1588 1414 1622 ne
1448 1574 1574 1624 inde

508 1651 882 1714 polluerentur.
935 1651 1065 1700 Cum
1089 1665 1216 1714 ergo
1231 1650 1431 1699 Plinius
1454 1664 1574 1699 nar-

505 1734 608 1783 rat,
633 1726 985 1776 Domitianum
1005 1728 1228 1776 voluisse
1252 1727 1303 1775 in
1328 1732 1576 1790 separato

505 1803 730 1873 quodam
761 1803 967 1868 navigio
1002 1805 1167 1865 trahi3
1202 1803 1422 1867 indicat,
1455 1818 1573 1853 eum

504 1880 677 1931 visum
705 1893 818 1929 esse
852 1887 1098 1944 tanquam
1133 1881 1292 1943 talem
1315 1878 1575 1929 homiuem

505 1955 840 2020 piacularem,
882 1957 1034 2017 cujus
1083 1955 1443 2019 contagionem
1485 1954 1578 2005 alii

504 2029 907 2081 reformidarint.
940 2030 1185 2082 soliman.

572 2106 724 2156 Foeda
754 2107 940 2171 socies]
969 2108 1041 2159 ,1.
1083 2123 1132 2156 e.
1175 2107 1476 2170 indecorum
1521 2114 1578 2157 et

506 2181 733 2245 principi
754 2188 909 2245 turpe
933 2185 1311 2244 spectaculum.
1379 2186 1466 2233 De
1491 2198 1578 2233 vo-

505 2257 695 2309 cabulo
719 2263 733 2286 ‘
753 2257 916 2308 facies
935 2256 949 2294 ·'
968 2260 1073 2308 dixi
1091 2259 1155 2308 ad
1175 2275 1221 2309 c.
1238 2273 1422 2310 xxxv.
1488 2261 1580 2310 Se·

508 2340 730 2396 quentes
755 2347 929 2396 voces,
956 2335 1122 2398 papali
1143 2335 1354 2385 Romani
1375 2336 1580 2400 impera-

505 2412 604 2466 tor,
640 2421 757 2459 cum
798 2409 851 2458 in
889 2409 1152 2475 plerisque
1186 2411 1454 2461 codicibus
1487 2424 1582 2474 per

507 2484 867 2548 compendium
892 2486 1104 2549 scriptoe
1127 2486 1251 2549 sint,
1270 2488 1335 2536 P.
1363 2487 1431 2535 R.
1454 2487 1581 2551 Imp.

506 2558 630 2609 hinc
647 2561 962 2610 variationes
983 2570 1039 2610 et
1061 2563 1252 2611 menda
1273 2563 1327 2610 in
1351 2563 1466 2611 aliis
1490 2576 1583 2611 ex-

506 2635 822 2697 emplaribus
847 2637 1092 2686 extitere.
1157 2638 1220 2686 In
1258 2636 1442 2687 codice
1475 2638 1582 2686 Ve-

507 2716 633 2765 neto,
654 2715 704 2760 2.
726 2711 866 2774 lego,
885 2726 992 2761 eum
1027 2727 1076 2775 p.
1107 2727 1152 2761 r.
1185 2712 1582 2777 nuperalienum,

507 2788 590 2850 &c-
624 2786 678 2837 in
712 2787 1112 2853 salisburgensi,
1141 2803 1248 2837 cum
1279 2790 1442 2853 popula·
1477 2789 1584 2837 Ro·

505 2861 641 2913 mni
670 2878 822 2927 nuper
850 2866 1076 2916 alienum.
1142 2867 1208 2915 In
1232 2866 1417 2930 quibus
1439 2867 1583 2916 vides

507 2952 709 2989 nomen.
732 2941 899 3002 imper.
925 2942 1035 2990 sive
1068 2941 1348 3005 imperator,
1382 2950 1583 2992 temere

509 3029 816 3066 conversum
851 3032 968 3067 esse
1002 3019 1057 3067 in
1091 3033 1254 3082 nuper.
1320 3020 1491 3068 Etiam
1529 3020 1582 3068 in

509 3093 828 3144 Londinensi
855 3095 1088 3145 editione
1123 3111 1207 3145 au.
1229 3100 1375 3145 1716.
1399 3097 1581 3146 vitiose

509 3167 709 3219 editum
741 3175 841 3232 cst,
874 3185 980 3220 cum
1012 3172 1175 3234 populi
1197 3171 1405 3221 Romani
1426 3171 1580 3234 Impe-

506 3244 599 3295 ris·-
659 3245 728 3293 Iu
773 3245 955 3295 codice
1000 3246 1283 3307 Patavino,
1337 3253 1394 3296 et
1448 3248 1583 3298 libre

508 3319 783 3374 Vossiano‚
815 3335 920 3368 cum
956 3321 1177 3383 prinoeps
1208 3322 1398 3385 imperii
1409 3338 1432 3380 ,⁶
1467 3338 1582 3386 quas

509 3397 670 3470 lectio
688 3397 809 3445 mibi
834 3411 936 3445 non
958 3396 1279 3461 displiceret,
1296 3399 1340 3448 si
1358 3399 1445 3448 alii
1463 3400 1584 3451 libri

511 3471 968 3536 adstipularentur.
1004 3472 1160 3522 Idem.

579 3549 801 3598 Alienum
839 3550 1048 3613 cursum]
1099 3549 1150 3599 1.
1192 3563 1243 3599 e.
1286 3550 1434 3615 alius,
1479 3565 1586 3600 non

511 3635 641 3682 aum,
684 3627 833 3674 navis
878 3641 1105 3690 cursum,
1148 3628 1381 3692 aliusque
1439 3628 1586 3678 navis

511 3702 936 3766 gubernatorem.
1001 3705 1221 3754 Alienum
1251 3707 1388 3754 enim
1419 3719 1585 3768 oppo-

1195 430 1416 489 NO'I'AE
1466 435 1881 488 vammum
1928 435 2014 486 ut

1646 581 1786 648 apud
1813 581 1929 632 Liv.
1950 578 2045 630 lib.
2067 591 2211 630 xxn.
2246 576 2465 629 Patare!-

1718 659 1858 709 νεῖαι
1876 663 2014 720 capta
2033 657 2176 722 naue]
2207 657 2252 707 Ι.
2276 671 2325 705 e.
2349 663 2601 718 tanquam
2623 665 2720 701 na-

1647 735 1727 795 vis
1770 734 2103 798 imperatoris
2145 739 2303 796 capta
2343 735 2502 789 esset,
2545 735 2606 778 et
2648 726 2718 777 ab

1645 811 1747 859 alia
1771 824 1903 860 nave
1927 808 2235 859 traheretur.
2303 805 2423 858 Jam
2448 804 2537 855 alii
2561 816 2720 852 anno·

1644 888 2047 952 terunt,respici
2066 890 2278 943 morem,
2294 900 2395 949 quo
2417 897 2582 933 naves
2602 881 2723 931 hos·

1646 965 1772 1016 tium
1791 972 1963 1028 captae
1977 964 2230 1014 victorum
2250 960 2471 1011 navibus
2493 957 2727 1020 alligari,

1647 1051 1703 1093 et
1725 1046 1799 1093 sic
1818 1041 1885 1093 ab
1907 1042 1987 1091 his
2010 1041 2141 1090 trahi
2166 1038 2334 1088 solitas
2358 1036 2483 1086 sint.
2545 1033 2724 1084 Livius

1647 1120 1804 1183 enim,
1842 1130 1990 1169 xxu.
2019 1122 2106 1169 20.
2139 1115 2207 1165 de
2237 1113 2413 1177 captis
2434 1112 2722 1161 Poenorum

1646 1196 1866 1246 navibus
1893 1211 1905 1242 ε
1952 1202 1969 1226 ·
1989 1191 2208 1243 Rotnani
2243 1223 2261 1242 .
2287 1224 2303 1240 .
2330 1222 2347 1238 .
2379 1187 2519 1241 haud
2566 1200 2726 1236 cunc·

1647 1279 1825 1322 tanter
1877 1269 2101 1321 insecuti
2162 1264 2424 1332 trepidam
2490 1263 2726 1312 hostium

1647 1349 1884 1412 classem,
1915 1361 2070 1397 naves
2103 1358 2303 1399 omnes,
2337 1354 2457 1407 qun
2483 1352 2598 1388 non
2631 1344 2726 1388 aut

1650 1424 2018 1490 perfregerant
2074 1434 2257 1486 proras
2311 1419 2496 1467 littore
2540 1414 2727 1478 illisas,

1648 1508 1740 1552 ant
1779 1502 1982 1552 carinas
2016 1498 2241 1548 fixerant
2265 1495 2437 1549 vadis,
2471 1491 2728 1554 religatas

1650 1579 1759 1628 suis
1797 1577 2064 1642 puppibus
2110 1577 2164 1624 iu
2207 1574 2369 1622 altum
2406 1576 2729 1619 extraxere:

1650 1656 1716 1704 ad
1740 1654 1969 1719 quinque
2007 1659 2065 1702 et
2086 1649 2269 1715 viginti
2303 1660 2464 1696 naves
2499 1659 2571 1695 ex
2604 1659 2731 1708 qua·

1649 1732 1888 1796 draginta
1910 1727 2135 1792 cepere-⁹
2198 1722 2497 1776 Schefferus
2524 1721 2593 1770 de
2627 1720 2733 1770 Mi-

1649 1809 1768 1859 litia
1801 1809 2012 1870 Navali,
2035 1819 2114 1855 rv.
2146 1809 2198 1854 2.
2235 1801 2323 1852 ubi
2358 1800 2430 1849 de
2463 1798 2733 1862 triumpho

1650 1885 1824 1934 navali
1850 1884 1975 1946 agit,
1998 1882 2172 1937 docet,
2197 1879 2353 1929 etiarn
2379 1874 2738 1938 triumphato-

1651 1975 1759 2011 rem
1790 1974 1965 2009 secum
1994 1972 2096 2007 non
2127 1971 2247 2005 suas
2268 1955 2534 2003 duntaxat
2556 1962 2740 2005 naves,

1651 2039 1743 2087 sed
1778 2044 1834 2086 et
1866 2036 2103 2092 hostiles,
2127 2031 2391 2097 puppibus
2413 2041 2630 2077 suarum
2656 2039 2740 2074 re·

1652 2115 1858 2177 ligatas,
1882 2112 2110 2172 duxisse,
2139 2123 2331 2173 easque
2362 2107 2550 2171 plenas
2586 2102 2742 2152 tabu·
2779 2118 2784 2124 ·

1653 2192 1717 2240 lis
1739 2201 1795 2241 et
1818 2189 2015 2254 spoliis.
2075 2188 2154 2236 Et
2175 2186 2251 2235 sic
2275 2181 2537 2234 Germani
2571 2179 2741 2229 etiam

1654 2279 1839 2316 navem
1880 2262 2179 2328 praetoriam
2219 2260 2578 2308 Romanorum
2613 2267 2748 2316 cap·

1653 2346 1761 2390 tam
1788 2339 2010 2389 traxisse
2034 2337 2300 2396 videntur,
2330 2333 2399 2382 de
2424 2331 2618 2397 quibus
2641 2330 2744 2378 Ta·

1656 2417 1748 2466 cit.
1785 2416 1925 2466 Hist.
1947 2428 2002 2464 V.
2026 2417 2109 2463 22.
2143 2411 2349 2460 ‘Multa
2376 2409 2497 2458 luce
2531 2404 2745 2457 revecti

1654 2492 1853 2555 hostes,
1893 2490 2121 2554 captivis
2156 2486 2396 2541 navibus,
2433 2483 2744 2548 praetoriam
2827 2519 2836 2533 .

1656 2570 1939 2625 triremem,
1989 2563 2201 2615 flumine
2260 2559 2485 2624 Luppia,
2543 2558 2744 2607 donum

1655 2643 1891 2695 Velledae
1928 2637 2180 2692 traxere.'
2247 2636 2398 2687 Idem
2434 2635 2506 2684 de
2542 2636 2746 2685 Deme·

1657 2722 1782 2784 trio,
1821 2720 1910 2785 qui
1951 2718 2302 2775 Ptolemaeum
2344 2711 2521 2761 navali
2564 2724 2746 2774 pugna

1657 2799 1876 2856 vicerat,
1898 2800 2077 2844 narrat
2112 2791 2378 2842 Diodorus
2410 2787 2627 2837 Siculus
2652 2785 2746 2837 lib.

1656 2885 1755 2923 xx.
1780 2889 1832 2936 p.
1858 2875 1974 2920 ⁷60.
2019 2867 2290 2933 Δημήτριος
2314 2861 2638 2927 ναυμαχήσας
2656 2862 2749 2913 τὰς

1655 2948 1774 2999 ἰδίας
1813 2949 1928 2998 ναῦς
1966 2944 2214 3007 κοσμήσας
2249 2943 2365 2993 τοῖς*
2386 2938 2746 3004 armonem.

1656 3025 1735 3075 καὶ
1755 3024 1846 3075 τὰς
1873 3022 2088 3073 ἁλούσας
2115 3018 2436 3084 ἐφελκόμενος
2462 3017 2557 3068 τὸν
2591 3018 2751 3067 πλοῦν

1657 3103 1860 3151 ἐποιεῖτο
1880 3099 1999 3165 πρὸς
2016 3099 2105 3148 τὸν
2126 3096 2300 3147 οἰκεῖον
2319 3092 2512 3156 λιμένα.
2566 3096 2751 3145 Deme·

1657 3179 1784 3228 trine
1828 3177 1985 3226 victor
2025 3174 2192 3224 navali
2228 3173 2403 3236 proelio
2444 3186 2597 3221 naves
2638 3185 2752 3221 snas

1656 3253 1926 3303 acrostoliis
1948 3255 2151 3301 exornat
2165 3265 2186 3308 ‚·
2218 3253 2384 3312 captas
2413 3262 2527 3297 vero
2550 3248 2752 3299 trahens

1654 3330 1918 3380 revertitur
1938 3329 1991 3377 in
2009 3331 2203 3390 portum
2221 3339 2376 3375 uum.
2412 3324 2539 3374 Non
2566 3329 2753 3381 tamen

1657 3408 1789 3455 solas
1815 3412 2001 3468 captas
2026 3417 2208 3465 naves,
2231 3401 2327 3452 sed
2360 3407 2420 3450 et
2452 3401 2590 3451 alias
2625 3414 2752 3466 one·

1658 3482 1838 3541 retias,
1862 3479 2149 3544 aliquande
2167 3476 2538 3539 eodemmodo
2571 3482 2753 3526 traxe-

1659 3572 1735 3608 re.
1800 3557 1917 3606 Liv.
1954 3569 2092 3605 xxv.
2129 3560 2214 3606 30.
2246 3553 2565 3603 ‘Marcellus
2588 3558 2758 3605 nocte

1658 3634 1831 3684 navim
1855 3632 2148 3682 onerariam
2173 3645 2292 3680 cum
2312 3628 2532 3679 armatis
2555 3629 2750 3680 remul-

1660 3721 1721 3757 co
1745 3707 2099 3773 quadriremis
2128 3706 2264 3760 trahi
2294 3705 2361 3754 ad
2388 3705 2749 3755 Achradinam

509 3778 656 3828 nitur
676 3794 799 3836 suo,·
833 3787 892 3827 ut
928 3779 1067 3842 apud
1106 3781 1381 3843 Nostrum,
1412 3780 1585 3841 Epist.
1650 3787 1850 3850 jussit,’
1881 3785 1919 3834 i.
1942 3798 1992 3834 e.
2010 3783 2310 3847 explicante
2333 3780 2638 3838 Scheffero.
2658 3794 2747 3832 na·

511 3867 570 3905 v.
603 3859 685 3905 14.
713 3855 983 3917 ‘Oportet
1018 3857 1192 3906 omnia
1232 3865 1323 3906 aut
1357 3856 1422 3905 ad
1458 3858 1583 3906 alie·

512 3942 636 4054 num
659 3931 949 3997 arbitrium,
972 3939 1064 3982 aut
1085 3933 1149 3981 ad
1181 3947 1348 3997 suum,
1371 3930 1585 3983 facere.'

545 4008 667 4055 dem.

526 4100 531 4105 ·
586 4083 722 4131 Velut
741 4088 881 4147 capta
900 4084 1044 4148 nave]
1078 4084 1210 4135 Cum
1238 4085 1388 4134 navis
1418 4085 1580 4149 impe-

515 4161 712 4209 ratoria
732 4163 997 4211 videretur
1030 4165 1178 4212 navis
1203 4164 1436 4227 quaedam
1467 4164 1584 4213 hos·

515 4233 645 4294 tilis,
664 4247 829 4298 eaque
857 4236 994 4285 bello
1027 4246 1204 4302 capta,
1225 4253 1341 4304 quae
1365 4253 1396 4288 a
1420 4240 1586 4289 victo-

517 4309 661 4361 ribus
706 4312 844 4364 trahi
895 4315 1118 4381 solebat,
1160 4324 1223 4368 ut
1262 4315 1448 4368 videre
1500 4321 1585 4373 est

1658 3863 1737 3912 v-is
1762 3861 2004 3911 oneraria
2026 3873 2131 3910 non
2164 3859 2381 3909 incessit
2406 3873 2506 3922 pro
2529 3873 2590 3909 se
2614 3859 2749 3925 ipra,

1658 3938 1748 3986 sed
1774 3934 2094 4002 quadriremi
2119 3935 2333 3998 alligata
2354 3931 2505 3998 fune,
2525 3935 2670 3984 molli
2693 3942 2749 3985 et

1657 4014 1763 4063 leui
1787 4018 1963 4063 tractu
1985 4010 2050 4061 ad
2070 4025 2422 4076 progressum,
2437 4016 2500 4060 ut
2522 4011 2600 4061 ait
2624 4011 2749 4061 Fes-

1658 4095 1766 4149 tus,
1798 4088 2143 4138 mulcebatur.
2205 4085 2274 4148 ld
2315 4085 2458 4150 quod
2499 4086 2570 4137 ad
2606 4086 2748 4136 hune

1660 4166 1822 4215 Plinii
1858 4165 2029 4214 locum
2070 4162 2438 4213 illustrandum
2481 4161 2624 4215 bene
2665 4176 2747 4212 aa·

1660 4239 1979 4290 commodari
2015 4244 2212 4303 potest.
2278 4238 2475 4289 Isidor.
2530 4253 2659 4290 xix.
2694 4244 2745 4289 4.

1660 4323 1677 4346 ‘
1695 4312 2022 4381 Remulcum,
2036 4311 2197 4380 funis,
2213 4327 2318 4380 quo
2336 4315 2577 4381 deligata
2600 4316 2745 4369 navis
