3017 4942
470 380 604 449 502

473 547 714 607 noscant,
735 547 790 593 et
814 540 913 607 ipsi
935 552 992 591 se
1015 553 1108 607 pro
1125 540 1278 592 victis
1290 540 1538 604 habeant,

474 629 638 687 atque
687 621 993 688 obsequium
1030 629 1097 677 ,et
1148 621 1536 671 submissionem

472 696 838 749 confiteantur.
905 697 1060 748 Unde
1089 697 1356 748 claudian.
1383 698 1538 748 Cons·

472 774 677 827 Honor.
701 788 782 825 vt.
806 787 883 825 vs.
904 778 1023 825 248.
1040 775 1115 825 sic
1128 774 1320 826 cecinit
1335 789 1352 825 x
1370 772 1387 801 ‘
1404 775 1539 825 Nul-

470 850 524 901 la
546 856 622 901 est
648 852 866 902 victoria
886 852 1072 916 major,
1094 852 1261 904 Quam
1284 866 1399 917 quoe
1416 865 1536 902 con-

468 926 634 978 fessos
657 929 827 979 animo
848 943 982 995 quoq
991 944 1054 979 ne
1071 929 1311 993 subjugat
1329 925 1540 981 hostes!

472 1003 594 1055 Hoc
627 1004 881 1061 Velleius,
921 1019 988 1066 n,
1023 1010 1106 1057 89.
1139 1006 1292 1070 dixit,
1327 1007 1536 1055 ‘extor-

474 1094 633 1146 quere
666 1082 899 1133 hostibus
934 1082 1311 1134 confessionem
1352 1096 1539 1147 paren-

474 1157 564 1208 di.’
629 1159 809 1225 Atque
838 1159 976 1210 idem
1006 1175 1054 1211 c.
1087 1165 1172 1211 90.
1203 1161 1220 1189 ‘
1239 1160 1540 1217 Dalmatia:

471 1234 664 1299 inquit,
691 1243 706 1267 ⁶
731 1248 834 1285 xx.
855 1243 908 1286 et
929 1250 1009 1287 cc.
1035 1251 1197 1287 annos
1223 1237 1449 1301 rebellis,
1469 1236 1535 1287 ad

473 1318 674 1360 certam
709 1309 1082 1363 confessionem
1121 1321 1310 1376 pacata
1345 1320 1427 1363 est
1450 1313 1541 1362 im·

471 1386 643 1452 perii.'
699 1389 866 1440 Recte
911 1389 1029 1440 hinc
1070 1396 1127 1440 et
1169 1389 1347 1454 Scipio
1392 1389 1536 1453 apud

469 1464 589 1514 Liv.
629 1478 749 1516 xxi.
787 1470 870 1516 40.
907 1471 922 1498 ⁸
945 1464 1337 1519 confessionem
1381 1468 1538 1518 hostis

469 1542 726 1609 cedentis,
767 1558 829 1595 sc
873 1545 1214 1596 detrectentis
1253 1552 1539 1604 certamen,

362 1636 367 1641 ·
468 1618 654 1669 habuit
676 1634 771 1684 pro
796 1619 1052 1672 victoris?
1085 1621 1240 1672 Idem.

541 1699 657 1748 Tam
689 1700 924 1764 consessu]
961 1700 1137 1750 Tamen
1166 1701 1395 1761 confesse.
1430 1700 1536 1752 sed

470 1782 571 1827 snm
590 1777 801 1837 consessu
823 1778 886 1828 G.
920 1777 1083 1827 Livius.

542 1853 801 1916 Obsequio,
833 1860 893 1903 stt
927 1854 1183 1905 uincendus
1213 1868 1263 1903 n.
1287 1853 1363 1918 f.]
1396 1854 1539 1905 Mira

469 1929 773 1993 corruptele
811 1931 903 1980 lias
944 1945 1100 1981 voces
1138 1931 1190 1980 in
1230 1931 1537 1996 quibusdam

471 2006 743 2057 codicibus
757 2008 886 2057 Mss.
902 2009 1179 2072 occupavit
1194 2026 1212 2071 3
1229 2022 1537 2074 quamquam

472 2083 691 2134 verioris
732 2083 972 2134 lectionis
1001 2084 1221 2149 vestigia
1251 2083 1405 2136 facile
1445 2101 1536 2150 ap·

470 2168 711 2226 pareant.
755 2162 820 2212 In
845 2162 1104 2213 Vaticano
1127 2164 1193 2221 R.
1217 2165 1282 2214 Α.
1310 2168 1456 2215 1475.
1481 2167 1542 2217 et

468 2238 524 2288 in
569 2237 853 2288 Parisiensi
894 2241 1145 2304 scriptum
1190 2249 1291 2303 est,
1326 2242 1538 2308 obsequi,

467 2319 558 2365 eat
576 2316 846 2366 vincendus.
897 2318 1083 2368 Adhuc
1108 2317 1342 2368 vitiosius
1368 2319 1417 2369 in
1449 2334 1537 2370 co·

469 2392 591 2442 dice
615 2394 845 2458 Veneto,
879 2402 934 2443 et
966 2408 1098 2451 meo,
1129 2395 1336 2460 obsequi,
1356 2402 1440 2447 aut
1457 2397 1536 2447 in·

467 2469 665 2518 ‹te-diis.
732 2468 802 2520 At
828 2470 878 2518 in
904 2470 1066 2519 tribus
1097 2470 1363 2521 codicibus
1387 2473 1535 2523 Vati-

468 2546 635 2610 canis,
670 2553 725 2596 et
759 2546 1244 2612 Guelpherbytano,
1275 2550 1537 2600 omnibus-

468 2636 591 2687 que,
645 2638 771 2687 quos
829 2623 1053 2689 inspexi,
1107 2625 1251 2676 libris
1306 2628 1534 2685 excusis,

469 2700 717 2763 evulgata
738 2699 895 2751 lectio
921 2702 1203 2765 reperitur.
1270 2702 1422 2753 Istud
1447 2719 1537 2754 au·

471 2780 578 2824 tem
613 2777 909 2841 exemplum
947 2780 1263 2842 corruptelas
1295 2779 1418 2831 ideo
1444 2795 1535 2830 an·

470 2853 757 2903 notandum
796 2854 940 2917 duxi,
966 2861 1023 2904 nt
1050 2856 1285 2920 juniores
1319 2872 1536 2921 cognos-

469 2934 612 2985 cant,
651 2930 1085 2994 quemadmodum
1117 2933 1275 2983 etiam
1310 2935 1363 2983 in
1405 2935 1534 2999 ipsis

468 3008 737 3068 corruptis
762 3014 996 3057 veterum
1030 3008 1267 3059 codicum
1288 3009 1419 3060 locis
1439 3026 1534 3060 εω-

470 3093 543 3143 pe
562 3082 731 3132 adhuc
768 3083 950 3145 lateat,
988 3090 1045 3134 et
1074 3084 1353 3149 aliquando
1375 3085 1538 3136 felici-

471 3165 560 3206 ter
581 3159 693 3208 erni
717 3160 896 3222 possit,
917 3160 1076 3210 lectio
1096 3163 1294 3225 verior-3
1327 3160 1537 3228 deinde,

471 3237 534 3283 at
560 3235 646 3284 alii
668 3236 984 3300 intelligant,
1013 3237 1271 3296 librarios,
1301 3240 1390 3305 qui
1410 3240 1537 3291 istas

469 3313 798 3376 corruptelas
843 3315 1123 3379 repetiere,
1164 3317 1328 3379 magis
1372 3318 1535 3368 videri

471 3386 657 3452 rudes,
678 3405 829 3454 qusm
861 3391 1068 3453 sciolos,
1088 3390 1280 3443 fnisse:
1317 3408 1434 3444 cum
1469 3409 1538 3445 ne

475 3463 685 3528 quidem
720 3474 945 3517 mentem
981 3467 1141 3518 Plinii
1174 3466 1368 3520 fuerint
1397 3485 1538 3522 asse·

475 3539 620 3600 cuti3
666 3547 863 3592 tantum
910 3543 1080 3607 abest,
1121 3551 1181 3593 ut
1217 3548 1537 3598 commodam

473 3618 789 3667 seutentiam
812 3632 879 3667 ex
905 3619 1113 3682 ingenio
1143 3635 1235 3671 sno
1270 3625 1539 3686 potuerint

472 3688 741 3756 effingere.
808 3694 984 3744 Rudes
1010 3703 1186 3745 autem
1209 3697 1538 3749 nihilominus

470 3767 612 3816 hand
635 3782 757 3820 raro
776 3769 831 3820 in
858 3770 982 3835 ipsis
1004 3772 1196 3822 crassis
1219 3773 1357 3823 vitiis
1381 3777 1539 3825 vesti-

472 3844 558 3908 gia
591 3846 825 3910 quedam
854 3847 1092 3910 genuinae
1119 3847 1359 3898 lectionis
1388 3850 1539 3902 inda·

474 3919 659 3982 gande
683 3921 975 3987 reliquere;
1009 3923 1157 3973 scioli
1191 3931 1393 3982 contra,
1421 3939 1540 3975 ver-

474 3990 557 4044 bis
577 3999 952 4062 sententiisque
979 3999 1311 4064 quibusdam,
1346 4014 1441 4065 pro
1460 4000 1537 4051 ln·

478 4068 594 4120 bit·
614 4085 726 4130 sno,
757 4081 814 4123 et
835 4076 1110 4140 aliquando
1130 4077 1260 4126 satis
1281 4077 1541 4143 speciose,

476 4147 711 4210 mutatis,
745 4149 943 4200 aditum
966 4149 1031 4200 ad
1055 4153 1356 4215 primevam
1375 4154 1541 4217 scrip·

480 4230 669 4283 turam,
710 4227 795 4275 vel
836 4227 1045 4291 penitus
1085 4228 1419 4292 pnelnsere,
1454 4230 1542 4280 vel

478 4307 626 4350 certe
645 4300 923 4354 reddidere
937 4300 1313 4356 difficillumum.
1350 4305 1543 4358 Exem-

501 4560 673 4670 h}

1074 410 1083 417 ⁴
1172 396 1391 446 No'rAE
1438 392 1849 449 vAmoRuM
1899 394 1979 447 IN

1612 538 1754 606 plum
1786 540 1941 606 hujus
1966 539 2203 607 rei-cape
2227 550 2295 590 ex
2327 536 2427 590 hoc
2453 537 2566 603 ipso
2587 536 2673 589 c‘a·

1611 619 1738 685 pite.
1806 621 1937 672 Cum
1965 633 2154 684 nempe
2178 617 2445 682 utriusque
2467 617 2674 681 generis

1611 697 1801 748 librarii
1836 712 1937 749 non
1974 699 2099 748 satis
2130 704 2400 761 caperent,
2432 694 2557 760 qnid
2597 708 2680 743 es-

1611 784 1729 826 sent
1748 776 1924 826 mimici
1937 790 2107 826 curras
2117 790 2139 834 ,-
2163 773 2331 838 scioli,
2352 786 2443 822 seu
2466 770 2680 836 ingenio

1610 852 1774 916 abusi,
1809 852 2144 914 substituere,
2171 852 2342 902 inanes
2361 864 2563 908 cunm,-
2589 862 2677 898 rn-

1612 930 1723 987 des,
1745 931 1980 987 inimicos,
2004 932 2083 980 vel
2107 929 2294 994 iniquos
2311 942 2496 979 currus.
2542 926 2682 978 Abs·

1611 1021 1712 1074 que
1749 1008 1827 1058 his
1872 1007 2086 1058 rudibus
2126 1007 2352 1057 librariis
2385 1006 2430 1056 si
2472 1003 2679 1065 fuisset,

1613 1087 1750 1151 quis,
1793 1099 1987 1152 quaeso,
2030 1085 2316 1150 cogitasset
2360 1082 2428 1134 de
2475 1080 2680 1132 veriore

1611 1162 1878 1214 lectione?
1915 1162 2156 1213 Schwen-

1677 1239 1939 1289 Pulchrias
1984 1240 2071 1288 hoc
2125 1237 2341 1287 omnibus
2398 1233 2685 1300 triumphis]

1609 1316 1734 1367 Sine
1775 1330 1952 1381 pugna
1984 1323 2041 1366 et
2073 1315 2322 1380 sanguine
2355 1312 2560 1362 hostem
2596 1324 2682 1359 su-

1613 1406 1798 1457 perare
1822 1400 1876 1443 et
1889 1392 2154 1453 cohibere,
2173 1404 2234 1441 sc
2249 1403 2433 1455 pacem
2454 1387 2683 1438 reddere

1613 1468 1819 1533 patrie,
1865 1482 2073 1533 semper
2113 1468 2166 1517 in
2210 1466 2479 1531 precipua
2524 1472 2682 1528 parte

1610 1534 1881 1597 felicitatis
1903 1553 1960 1596 et
1982 1545 2163 1608 gloriae
2186 1540 2374 1594 ducum
2396 1541 2517 1591 belli
2542 1540 2685 1605 posi·

1612 1628 1721 1673 tum
1767 1629 1886 1673 ests
1928 1622 2163 1688 quumvis
2211 1620 2352 1685 apud
2398 1619 2686 1680 Romanos,

1614 1700 1746 1750 tales
1784 1698 1964 1756 duces,
1999 1699 2089 1763 qui
2127 1699 2452 1748 incruentam
2491 1696 2686 1745 retule-

1613 1783 1732 1826 rant
1755 1777 2044 1839 victoriam,
2068 1775 2327 1835 duntaxat
2354 1778 2689 1823 mererentur

1613 1855 1924 1911 ovationem,
1944 1853 2191 1903 minorem
2207 1843 2491 1915 triumpho.
2527 1850 2689 1900 Hsnc

1614 1946 1741 1982 vero
1795 1931 2000 1982 laudem
2054 1930 2256 1985 Plinius
2300 1935 2501 1985 noster,
2545 1925 2690 1991 quod

1604 2009 1714 2075 Jam
1738 2015 2057 2060 annotarunt
2079 2009 2356 2057 Catanoens
2370 2013 2426 2057 et
2440 2005 2690 2060 Belin-ius,

1613 2087 1797 2138 tribuit
1819 2087 1988 2151 Epist.
2015 2100 2079 2135 ιι.
2098 2089 2151 2136 7.
2184 2082 2448 2135 Vestricio
2464 2083 2693 2146 Spurin-

1612 2178 1727 2217 πως
1765 2161 2092 2229 ‘Spurinns,'
2120 2163 2310 2226 inquit,
2333 2161 2686 2210 ‘Bructerum

1613 2257 1789 2307 regem
1813 2245 1861 2292 vi
1883 2249 1939 2292 et
1960 2242 2116 2293 armis
2140 2238 2350 2290 induxit
2374 2240 2426 2288 in
2446 2250 2691 2302 regnum,

1613 2326 1979 2384 ostentatoque
1993 2318 2151 2374 bello,
2168 2315 2546 2365 ferocissimam
2565 2325 2696 2376 gen·

1614 2402 1737 2452 tem,
1760 2396 1897 2459 quod
1917 2403 2003 2445 est
2023 2393 2427 2459 pulcherrimum
2449 2391 2687 2440 victorias

1613 2485 1798 2537 genus,
1845 2479 2045 2521 terrore
2091 2466 2428 2535 perdomnit!
2493 2467 2585 2517 Sic
2630 2472 2691 2516 et

1610 2548 1909 2611 Scipionem
1940 2548 2063 2598 belli
2096 2556 2296 2597 terrore
2322 2544 2546 2608 plurima
2569 2555 2692 2607 per·

1613 2626 1805 2688 egisse,
1827 2632 2006 2675 narrat
2033 2625 2150 2675 Liv.
2185 2623 2280 2674 lib.
2315 2634 2489 2672 xx1x.
2525 2618 2691 2670 ovid.

1612 2702 1757 2752 Fast.
1782 2716 1819 2751 1.
1842 2706 1959 2752 711.
1982 2716 2126 2767 seqq.
2148 2708 2164 2731 ⁸
2184 2700 2479 2751 Frondibns
2502 2695 2690 2747 Actia-

1613 2777 1690 2828 cis
1735 2786 1936 2828 comtos
1978 2777 2215 2843 redimita
2261 2774 2501 2839 capillos,
2545 2774 2692 2830 Pax,

1616 2853 1758 2911 ades,
1799 2861 1854 2903 et
1893 2858 2009 2904 toto
2054 2853 2196 2903 mitis
2235 2853 2290 2901 in
2333 2852 2463 2902 orbe
2498 2850 2687 2899 mane!

1614 2932 1755 2981 Dum
1808 2931 2002 2981 desunt
2056 2930 2252 2992 hostes,
2295 2928 2437 2977 desit
2477 2940 2692 2992 quoque

1614 3021 1798 3057 caussa
1839 3006 2117 3072 triumpbiz
2158 3007 2237 3055 Tu
2280 3005 2503 3054 ducibus
2547 3004 2695 3052 bello

1614 3085 1780 3148 glorie
1801 3084 1967 3148 major
1984 3082 2124 3133 eris?
2159 3083 2334 3132 Etiam
2355 3083 2565 3132 Seneca
2583 3080 2695 3131 Oc-

1616 3164 1724 3209 tav.
1744 3174 1818 3208 vs.
1833 3164 1949 3210 472.
1966 3173 2109 3224 seqq.
2123 3159 2141 3186 ⁴
2160 3158 2441 3208 Pulchrum
2456 3156 2694 3206 eminere

1615 3245 1701 3288 est
1741 3238 1878 3288 inter
1914 3238 2145 3288 illustres
2182 3238 2360 3299 viros3
2395 3236 2696 3286 Consulere

1616 3313 1834 3377 patriae;
1868 3327 2084 3377 parcere
2114 3311 2354 3374 afflictis3
2386 3309 2506 3361 fera
2529 3312 2699 3361 Crede

1615 3389 1919 3453 abstinere3
1965 3398 2172 3455 tempus
2206 3397 2369 3455 atque
2408 3390 2504 3440 irae
2540 3390 2697 3455 dare,

1615 3466 1754 3516 Orbi
1809 3468 2056 3532 quietem,
2105 3469 2297 3517 saeculo
2348 3481 2536 3532 pacem
2579 3482 2697 3518 sno.

1615 3540 1750 3592 Haec
1770 3557 1964 3592 summa
1997 3543 2196 3607 virtus3
2233 3543 2438 3609 petitur
2466 3543 2566 3593 hac
2588 3558 2697 3594 coe·

1612 3617 1721 3667 lum
1743 3617 1859 3667 via?
1889 3619 2044 3669 Idem.

1686 3694 1758 3743 Ut
1794 3695 2109 3761 vinem-s]
2147 3693 2538 3746 Rittersliusius
2578 3712 2701 3748 nos-

1615 3774 1698 3819 ter
1708 3772 1830 3820 olim
1847 3771 1982 3821 hane
1998 3772 2275 3822 lectionem
2293 3787 2392 3836 pro
2411 3772 2699 3825 manifeste

1612 3843 1748 3894 falsa
1781 3846 1977 3902 habuit,
2024 3848 2526 3915 rescribendnmque
2571 3865 2701 3902 cen-

1612 3921 1719 3971 suit
1753 3928 1812 3972 ut
1845 3923 2178 3984 eiecere-nn
2212 3931 2519 3989 propterea,
2551 3929 2702 3993 qnod

1614 4004 1908 4051 contemtus
1946 4014 2050 4050 non
2090 4003 2160 4051 sit
2203 4016 2391 4052 caussa
2435 4004 2705 4067 victoriae,

1615 4076 1709 4125 sed
1734 4077 1906 4141 potius
1925 4079 2017 4137 τῆς
2031 4077 2199 4137 ἥττης.
2232 4080 2304 4129 Et
2323 4078 2541 4130 videtur
2556 4096 2705 4135 nune

1612 4152 1735 4204 huic
1755 4154 1985 4219 opinioni
2006 4154 2319 4220 adstipulari
2342 4157 2519 4208 codex
2543 4159 2704 4210 Pari-

1613 4229 1815 4287 sie-sis,
1846 4231 1902 4281 ia
1936 4246 2039 4297 quo
2075 4233 2170 4297 ita,
2190 4233 2269 4283 uti
2304 4233 2704 4290 Ritterslsnsins

1615 4306 1800 4373 voluit,
1818 4308 2075 4374 scriptum
2098 4315 2202 4362 est.
2233 4309 2343 4363 Sed
2353 4310 2470 4376 jau
2497 4314 2704 4368 Grute-
