3017 4942
734 407 799 460 c.
850 403 1091 455 Phlmt
1138 399 1470 452 saeuum
1522 400 1799 453 ranae.
1878 403 1932 454 1.
1962 384 2070 451 26.

296 563 494 618 queso,
520 563 585 600 an
610 545 850 601 dubitare
873 549 1064 606 valeas,
1097 547 1174 599 lta
1202 546 1364 610 scripe

297 639 405 680 tum
444 645 475 679 a
510 629 689 679 Plinio
733 627 915 686 fuisse,
956 627 1115 677 Labor
1155 625 1368 690 parenti·

297 709 378 758 bas
419 713 550 770 erat,
595 710 833 756 ostentare
867 710 917 755 te
959 703 1186 767 parvalis.
1203 702 1218 725 '
1261 703 1367 751 Va·

303 785 383 833 leo
427 785 655 849 utique:
708 782 953 848 primum,
992 780 1115 844 qnia
1170 780 1366 829 nullum

296 873 510 924 prorsus
544 860 817 923 vestigium
852 859 1074 921 alicujus
1101 856 1369 908 varietatis

296 940 349 987 in
369 938 449 987 bis
474 936 655 987 verbis
676 935 965 994 ostendunt
994 934 1176 998 scripti
1211 948 1369 984 eacu-

297 1014 446 1078 sique
466 1013 611 1065 libri.
679 1010 909 1075 Deinde,
926 1011 1048 1074 quia
1071 1024 1240 1075 neque
1264 1010 1370 1059 ulla

297 1088 516 1151 offensa,
550 1088 742 1139 nedum
777 1088 1078 1150 necessitas,
1097 1100 1191 1135 nos
1222 1085 1369 1136 indu·

296 1166 370 1216 cit
393 1164 461 1215 ad
488 1164 653 1215 verba
689 1165 789 1214 ista
821 1163 1099 1213 mutanda:
1136 1176 1252 1212 cum
1279 1176 1369 1225 ap·

296 1243 554 1293 tissimum
578 1241 1030 1307 planissimumque
1057 1239 1369 1289 sententiam

297 1318 668 1385 significanter
687 1315 930 1368 efficiant.
994 1314 1226 1377 Scilint,
1245 1329 1371 1380 quo·

297 1398 437 1447 niam
483 1394 639 1462 plebs
673 1395 815 1445 nulia
847 1408 905 1444 re
942 1393 1125 1443 melius
1166 1398 1375 1457 poterat

296 1474 364 1524 de
401 1474 684 1539 republica
718 1471 926 1529 mereri,
964 1485 1119 1535 quam
1160 1482 1373 1535 procre-

298 1551 435 1602 anda
475 1557 538 1602 et
577 1549 853 1603 educanda
889 1548 1102 1608 sobole;
1152 1553 1261 1596 tum
1298 1547 1376 1596 in·

2374 385 2505 452 563

1440 573 1451 582 -
1504 544 1829 611 Arpinique]
1863 546 2021 597 Liber
2038 542 2322 595 Vossianus
2342 543 2508 596 babet
2531 566 2546 575 ·

1442 621 1513 671 Er
1526 624 1819 688 pleramque.
1854 623 1920 674 ln
1939 622 2121 674 codice
2136 623 2340 673 Veneto
2361 636 2508 687 pror·

1440 716 1527 750 sus
1555 702 1739 751 vitiose
1772 703 2026 767 scriptum
2051 710 2133 752 est
2154 701 2230 751 Ac
2257 701 2509 766 plerisque.

1441 778 1560 827 Sive
1585 791 1708 827 vero
1739 780 2029 850 pleramque,
2057 779 2165 829 sive
2197 778 2410 843 plerique
2436 779 2509 828 le·

1442 869 1555 918 gas,
1591 854 1656 904 ad
1689 855 2001 905 sententiam
2032 855 2205 917 Plinii,
2227 871 2411 920 parum
2434 856 2510 906 ln·

1444 938 1641 982 teresse
1677 931 1922 993 videtur;
1949 931 2050 984 nisi
2082 932 2127 982 si
2161 930 2302 982 forte
2338 938 2511 996 putes,

1443 1023 1542 1074 per
1573 1010 1847 1073 pleramque
1881 1007 2117 1066 indicari,
2157 1022 2260 1057 nou
2298 1008 2511 1073 quidem

1444 1100 1670 1149 semper,
1695 1100 1932 1150 persepe
1955 1091 2147 1151 tamen,
2170 1086 2395 1136 omnium
2418 1100 2513 1152 pa·

1445 1167 1672 1226 rentum,
1717 1161 2151 1227 parvulorumque
2207 1161 2512 1226 liberorum,

1445 1239 1535 1303 qui
1587 1251 1855 1301 egressum
1910 1238 2136 1303 priorum
2189 1237 2512 1302 quorundam

1444 1315 1814 1379 imperatorum
1838 1322 2271 1380 expectaverant,
2294 1315 2513 1367 blandas
2587 1365 2590 1372 ,

1448 1406 1602 1442 voces
1628 1405 1914 1456 precesque
1937 1390 2097 1443 fuisse
2115 1393 2320 1454 irritas3
2346 1400 2398 1445 at
2421 1406 2518 1457 per

1449 1482 1629 1517 vocem
1643 1468 1857 1532 plerique
1874 1468 2174 1533 significari,
2186 1483 2289 1519 non
2307 1469 2517 1536 quidem

1449 1558 1626 1596 omnes
1649 1546 1820 1601 simul,
1836 1543 1928 1594 sed
1956 1546 2252 1611 plerosque,
2266 1546 2319 1597 h.
2337 1561 2386 1597 e.
2408 1561 2518 1596 ma-

299 1627 480 1679 fantes
527 1642 647 1677 suos
689 1625 1095 1677 adventantibus
1152 1624 1376 1687 impera·
1441 1620 1615 1685 jorem
1631 1629 1835 1686 partem
1854 1625 2244 1686 expectantium
2259 1631 2315 1673 et
2334 1632 2521 1688 peten-

299 1704 510 1755 toribns
542 1719 645 1755 uon
682 1704 847 1753 solum
882 1699 1226 1753 ostendebant
1264 1707 1377 1749 tan·

299 1795 455 1845 quam
478 1778 642 1830 foetus
667 1779 1031 1830 alimentorum
1054 1777 1379 1840 indigentes3

300 1858 391 1909 sed
418 1864 501 1921 et,
527 1855 750 1921 quodam
786 1855 933 1920 quasi
973 1853 1231 1918 gloriandi
1267 1860 1378 1902 stu·

301 1935 406 1992 dio,
441 1933 785 1988 ostentabant
816 1940 1062 1996 tanquam
1100 1945 1195 1980 sua
1229 1930 1380 1979 meri-

304 2019 386 2074 ta;
445 2018 509 2060 ut
553 2010 641 2075 qui
687 2023 776 2059 eos
821 2007 1145 2071 genuissent,
1184 2019 1381 2069 eosque

305 2088 624 2148 educarent,
646 2086 735 2151 qui
760 2085 1042 2149 aliqnando
1067 2084 1246 2148 populi
1279 2083 1379 2133 Ro·

303 2166 442 2215 mani
483 2165 619 2213 vires
656 2175 867 2226 angere,
888 2167 945 2211 et
978 2160 1398 2224 imperatoribus

304 2242 355 2290 in
389 2239 588 2290 militia
619 2238 739 2288 usui
771 2251 904 2302 esse,
945 2243 1182 2301 possent.
1243 2234 1383 2285 Boni

305 2317 487 2368 critici
507 2324 612 2380 est,
634 2329 736 2365 non
761 2322 988 2378 mutare,
1005 2314 1305 2380 ubieunque
1329 2313 1382 2362 in

305 2393 540 2459 antiquis
591 2391 889 2442 auctoribus
945 2390 1140 2457 aliquid
1193 2390 1384 2458 multari

306 2471 613 2537 corrigique
659 2476 874 2535 potest;
923 2466 1034 2533 sed,
1073 2468 1161 2519 nbi
1208 2467 1386 2519 debet·

308 2549 558 2600 &wurz-
772 2575 777 2580 ·

371 2625 661 2677 Reddebant
683 2624 784 2690 itti]
816 2625 866 2676 1.
887 2640 936 2674 e·
968 2624 1049 2674 illi
1070 2623 1274 2691 parvuli
1301 2638 1385 2673 vo-

307 2717 399 2754 ees
434 2702 679 2766 blandas,
708 2716 837 2767 quas
871 2700 1196 2752 docebantur
1230 2716 1259 2750 a
1296 2716 1386 2764 pa·

306 2780 572 2843 rentibus,
608 2784 670 2829 ut
704 2779 996 2828 salutarent
1039 2779 1385 2842 imperatores

307 2858 683 2914 adventantes,
703 2862 796 2904 aut
829 2855 894 2904 ab
929 2855 988 2904 iis
1025 2855 1270 2904 alimenta
1296 2868 1385 2917 pe·

310 2940 511 2996 terent,
530 2932 853 2989 referebant,
872 2938 928 2982 et
948 2930 1384 2995 pronuntiabant3

311 3011 517 3061 etiamsi
540 3009 641 3074 ipsi
666 3021 754 3059 eas
775 3009 1002 3058 nondum
1033 3008 1160 3057 satis
1195 3007 1388 3056 intelli-

313 3093 531 3151 gerent:
572 3084 712 3134 haud
750 3098 917 3147 secus,
953 3097 1016 3133 ac
1049 3083 1116 3133 de
1155 3083 1390 3147 psittacis

314 3163 484 3214 tradit
508 3162 649 3212 Plin.
673 3161 817 3212 Hist.
839 3161 968 3211 Nat.
988 3174 1120 3211 vsu.
1142 3165 1225 3212 ⁴2.
1258 3167 1273 3189 ¹
1292 3161 1390 3211 Su·

314 3255 413 3305 per
453 3239 631 3289 omnia
671 3238 921 3287 humanas
963 3251 1118 3287 voces
1164 3236 1392 3287 reddunt

316 3315 558 3378 psittaci,
595 3320 653 3363 et
692 3312 903 3378 quidam
947 3314 1107 3362 etiam
1149 3312 1391 3362 sermoci-

319 3397 527 3442 nantes.
594 3390 750 3440 India
772 3389 907 3439 hanc
932 3404 1081 3439 avem
1107 3390 1288 3439 mittit.
1307 3425 1322 3441 .
1342 3424 1356 3440 .
1376 3422 1391 3440 .

318 3467 673 3531 Imperatores
708 3467 921 3529 salutat,
943 3475 1020 3529 et,
1045 3481 1160 3532 quae
1197 3467 1392 3531 accipit

322 3545 495 3600 verba,
516 3541 859 3607 pronuntiat.'
891 3543 1040 3592 Idem
1061 3542 1275 3592 verbum
1294 3543 1391 3592 eti·

323 3635 403 3670 am
437 3621 506 3671 de
539 3619 687 3670 Echo
714 3627 931 3684 usurpat
955 3619 1112 3669 Ovid.
1144 3620 1279 3670 Met.
1301 3633 1392 3671 ιιι.

322 3703 434 3749 498.
503 3698 627 3748 Hoc
648 3710 772 3760 ergo
808 3711 965 3746 sensu
987 3696 1203 3747 verbum
1239 3698 1255 3726 ‘
1278 3697 1394 3745 red·

323 3771 478 3824 dere'
518 3772 669 3824 nobis
705 3773 982 3824 Germanis
1018 3772 1212 3822 dicitur
1251 3773 1395 3824 nach-

321 3850 559 3916 sprechen.
615 3848 763 3899 Alias
787 3847 1007 3898 verbum
1028 3849 1394 3899 scholasticum

323 3934 421 3990 est,
439 3925 653 3991 qnando
675 3925 920 3989 discipuli
950 3925 1197 3976 dicuntur
1228 3925 1392 3976 dicta-

322 4009 394 4065 ta,
415 4008 509 4052 aut
534 4015 620 4063 ea,
639 4015 756 4067 quae
781 4002 1043 4054 memoriae
1068 4001 1396 4064 mandarunt,

323 4078 573 4141 magistro
617 4077 633 4105 ‘
660 4077 933 4140 reddere3’
987 4078 1169 4129 Germ.
1213 4076 1396 4143 ‹raffau-

323 4169 432 4216 gen.
465 4154 658 4204 Horat.
684 4154 851 4218 Epist.
874 4169 914 4204 ι.
929 4159 1012 4218 lp.
1033 4158 1114 4204 14.
1137 4160 1153 4183 ‘
1170 4154 1244 4204 Ut
1269 4168 1395 4218 pue·

328 4244 437 4280 rum
483 4245 627 4281 saevo
672 4230 859 4281 credas
902 4230 1107 4283 dictata
1145 4233 1396 4296 magistro

330 4308 606 4362 Reddere?
655 4308 804 4361 Idem.

1453 1699 1600 1759 tium,
1636 1714 1736 1749 non
1771 1698 1932 1749 fnisse
1971 1699 2199 1764 auditos,
2238 1715 2410 1767 neque
2448 1701 2517 1753 ad

1454 1774 1694 1825 beneficii
1714 1774 1940 1826 fructum
1959 1775 2229 1829 admissos.
2262 1778 2519 1829 Neutrum

1453 1853 1769 1905 sententiam
1822 1853 2095 1903 absurdam
2140 1867 2274 1928 esse,
2319 1847 2524 1919 opinor.

1452 1931 1672 1992 Verum,
1688 1930 1895 1980 minime
1918 1930 2039 1980 mibi
2059 1930 2236 1995 placet
2259 1931 2522 1994 particula

1454 2008 1752 2074 copulandi,
1771 2009 1882 2058 sive
1898 2008 1993 2070 Ac,
2009 2008 2116 2057 sive
2136 2008 2223 2065 Et,
2245 2008 2522 2061 scribatur.

1456 2087 1783 2138 Ostenderat
1805 2087 2006 2137 Plinius
2042 2086 2095 2136 iu
2130 2087 2379 2150 proximis
2402 2102 2522 2137 ver·-

1457 2163 1556 2227 bis,
1578 2178 1737 2229 quam
1757 2163 1988 2214 studiose
2013 2170 2262 2226 parentes
2282 2164 2407 2213 alias
2431 2164 2523 2215 ob-

1458 2241 1716 2290 servarint
1733 2254 1998 2304 egressum
2020 2241 2234 2292 alterius
2252 2240 2525 2306 principis,

1459 2331 1615 2382 quam
1639 2317 1950 2367 ostentasint
1968 2317 2024 2367 ei·
2038 2318 2279 2380 parvulos
2303 2331 2424 2368 suos
2446 2317 2524 2367 in·

1456 2392 1658 2455 fantes,
1678 2394 1877 2457 hosque
1909 2393 2127 2444 blandas
2150 2406 2305 2444 voces
2329 2399 2384 2443 et
2408 2393 2527 2457 pr'e-

1459 2485 1550 2522 ces
1593 2472 1902 2523 docuerint:
1957 2486 2096 2522 nunc
2140 2478 2531 2533 commemorat,

1459 2565 1613 2615 quam
1636 2550 1799 2601 irritas
1821 2550 2149 2601 nibilominus
2167 2564 2309 2614 saepe
2329 2547 2530 2600 fuerint

1460 2642 1639 2686 omnes
1671 2629 1778 2678 inae
1811 2641 1988 2691 voces,
2022 2640 2328 2693 precesque.
2393 2627 2526 2678 Qua

1460 2705 1725 2767 oppositio
1764 2718 1866 2755 non
1905 2704 2039 2755 bene
2079 2718 2174 2767 per
2217 2702 2528 2767 particulam

1460 2780 1813 2844 copulativam
1845 2781 1938 2837 Ac,
1976 2779 2058 2829 vel
2085 2780 2170 2837 Et,
2205 2779 2298 2829 sed
2333 2778 2531 2828 rectius

1462 2873 1563 2922 per
1584 2857 1961 2908 adversativam
1983 2856 2206 2920 At,cum
2230 2853 2531 2921 praecede‘n-

1463 2935 1604 2986 tibus
1645 2934 1818 2985 verbis
1861 2935 2207 2986 connectitur.
2271 2933 2361 2983 Ita
2404 2946 2535 2982 vero
2634 2986 2638 2991 ,

1464 3005 1982 3076 saepissime‘errasse
2015 3010 2275 3071 librarios,
2303 3009 2359 3059 in
2390 3021 2533 3059 com·

1461 3086 1725 3137 mutandis
1752 3088 2018 3151 particulis
2041 3088 2116 3138 Ac
2137 3095 2192 3140 et
2213 3087 2302 3151 Ar,
2328 3094 2438 3138 tum
2462 3085 2532 3136 ob

1465 3164 1731 3214 literarum
1766 3179 1793 3213 c
1825 3171 1881 3214 et
1911 3169 1932 3213 t
1966 3164 2378 3227 similitudinem,
2399 3177 2531 3226 prae·

1465 3239 1650 3289 sertim
1696 3239 1752 3288 iu
1794 3239 2060 3303 scriptura
2100 3239 2538 3304 Longobardicu

1468 3323 1580 3366 tum
1615 3314 1682 3365 ob
1716 3315 1883 3365 minas
1919 3317 2108 3365 claram
2137 3323 2195 3367 et
2227 3316 2531 3367 distinctam

1465 3392 1781 3442 dictantium
1839 3393 2331 3457 pronuntiationem,
2376 3394 2536 3443 docet

1467 3469 1735 3518 eruditiss.
1777 3468 2191 3520 Drackeuborcb
2225 3468 2291 3518 ad
2326 3469 2419 3519 Sil.
2451 3482 2534 3518 vr.

1468 3550 1584 3597 190.
1610 3553 1667 3595 et
1690 3546 1899 3596 Cortius
1931 3546 1997 3596 ad
2024 3546 2241 3596 Sallust.
2264 3545 2422 3595 Catil.
2446 3557 2534 3594 ns.

1465 3627 1518 3673 2.
1576 3623 1763 3672 Paullo
1786 3621 1995 3687 quidem
2031 3621 2344 3672 luculentius
2366 3621 2535 3672 dictu·

1468 3712 1557 3747 rus
1603 3696 1764 3748 fuisse
1810 3697 2016 3747 videtur
2056 3697 2279 3752 Plinius,
2311 3696 2357 3744 si
2394 3694 2535 3745 forte

1470 3774 1807 3824 antecedenti
1832 3771 1993 3824 verbo
2013 3773 2190 3822 soleba
2210 3770 2538 3835 adjunxisset

1470 3849 1764 3909 ‘antebac,’
1801 3849 2002 3913 ‘aiiasf
2037 3852 2052 3880 ⁶
2078 3848 2235 3906 olim‚'
2265 3850 2363 3898 διο.
2427 3847 2536 3897 Sed

1467 3927 1546 3976 ita
1584 3927 1776 3991 saepias
1814 3927 1945 3976 is'iu
1989 3924 2374 3989 comparatione
2409 3924 2536 3974 satis

1467 4003 1649 4065 habet,
1688 4004 1733 4053 si
1770 4003 1955 4066 prioris
1987 4001 2253 4066 cujusdam
2288 4000 2540 4065 principis

1470 4079 1716 4143 exempla
1744 4094 1840 4143 per
1864 4079 2024 4129 verba
2061 4078 2311 4144 temporis
2347 4079 2538 4141 imper·

1471 4155 1598 4208 fecti
1622 4154 1840 4204 indicet.
1908 4154 1988 4204 ct.
2019 4155 2305 4211 Dammius,
2327 4154 2377 4204 in
2402 4154 2540 4204 Ger·

1471 4232 1677 4284 manica
1690 4231 2145 4295 interpretatione,
2157 4231 2419 4297 aptissime
2433 4232 2540 4280 evi-

1438 4349 1447 4358 ,
1473 4308 1609 4360 tavit
1632 4322 1844 4360 omnem
1870 4308 2263 4374 obscuritatem,
2287 4305 2540 4371 dumprin
