3017 4942
444 447 450 457 ·
526 418 660 487 950

530 582 720 631 riorem
742 580 1039 639 lectionem,
1061 582 1113 631 in
1145 583 1314 643 vulgus
1347 583 1497 637 exire,
1529 580 1596 631 si-

528 658 636 707 mul
676 659 727 706 in
751 658 1003 721 margine,
1041 666 1127 707 aut
1159 658 1298 707 iuter
1334 659 1595 707 variantes

527 735 800 788 lectiones,
822 744 1160 785 annotavere.
1193 735 1379 796 Immo,
1397 734 1596 784 Ascen-

531 812 656 875 sias,
690 818 746 860 ut
773 809 1006 860 formulae
1047 812 1402 867 convenirent,
1436 812 1594 860 etiam

530 888 773 954 sequenti
794 887 1071 938 sententiaa
1095 888 1518 950 praepositionem
1544 889 1597 937 in

532 966 840 1032 praeposuit,
859 965 915 1015 ἰιι
948 966 1152 1029 siugulis
1172 967 1322 1030 exire,
1345 971 1390 1015 et
1412 968 1465 1015 in
1486 982 1592 1029 pos·

535 1045 654 1095 teris
671 1044 826 1107 prodi.
891 1043 1056 1093 Primi
1091 1059 1263 1093 veram
1300 1045 1596 1106 lectionem,

531 1121 586 1170 in
612 1123 782 1183 vulgus
800 1121 951 1178 exire,
986 1121 1296 1184 evulgarunt
1316 1121 1595 1184 Cuspinia-

534 1212 650 1260 nus,
695 1197 991 1257 Plautinus,
1028 1198 1324 1257 Gruterus3
1376 1213 1502 1262 quos
1538 1205 1597 1247 et

532 1276 699 1325 ceteri
721 1282 844 1324 sumt
859 1272 1047 1324 secuti.
1094 1274 1326 1337 Mirer-is,
1349 1276 1486 1324 unde
1505 1275 1594 1323 illa

529 1364 638 1401 vox
661 1350 886 1414 singulis,
907 1366 1022 1413 quae
1049 1350 1175 1399 nibil
1191 1348 1303 1417 fere
1324 1365 1595 1400 commune

533 1427 692 1476 babet
716 1442 832 1476 cum
848 1442 974 1477 voce
989 1429 1175 1489 vulgus,
1191 1427 1476 1491 irrepserit,
1492 1434 1597 1476 tot-

534 1519 637 1567 que
676 1503 1025 1567 inquinaverit
1064 1504 1263 1565 libr-0⁸3
1297 1504 1395 1552 nisi
1425 1512 1596 1567 putes,

535 1577 749 1629 fortasse
773 1581 989 1629 inertem
1016 1579 1275 1645 quendam
1311 1580 1597 1644 librarium,

534 1656 769 1719 qui,quae
794 1657 1056 1720 cogitarit,
1078 1670 1178 1706 non
1200 1672 1316 1720 quae
1337 1657 1598 1722 debuerit,

533 1734 767 1795 scripsit,
787 1747 967 1782 vocem
986 1734 1173 1795 singula
1189 1749 1254 1782 ex
1275 1734 1423 1783 initio
1444 1734 1598 1796 hujus

535 1809 725 1872 capitis
760 1809 925 1859 adhuc
948 1809 1188 1859 habuisse
1211 1811 1262 1859 in
1295 1811 1498 1873 animo;
1532 1826 1599 1860 ex

472 1900 478 1911 ’
535 1893 782 1949 corrupto
798 1892 970 1936 autem
986 1887 1138 1950 hujus
1153 1887 1332 1936 codice
1357 1886 1599 1937 mendum

533 1963 634 2011 boc
657 1963 844 2012 sensim
870 1965 921 2012 in
958 1964 1083 2012 alios
1107 1965 1261 2014 etiam
1299 1966 1455 2014 libros
1480 1980 1600 2029 pro·
1624 1985 1628 1989 “

535 2047 783 2102 pagatum
822 2054 953 2088 esse.
1019 2040 1193 2089 Credo
1228 2040 1424 2105 itaque,
1464 2057 1602 2099 eum,

535 2116 770 2179 quisquis
793 2130 1104 2180 quocunque
1129 2118 1304 2166 colore
1320 2133 1441 2167 usus
1463 2119 1602 2167 inso-

534 2190 730 2238 lentem
756 2190 905 2238 istam
931 2191 1211 2240 lectionem
1247 2194 1601 2257 excusaverit,

536 2274 627 2314 aut
652 2264 967 2314 vindicatum
988 2267 1145 2316 iverit
1169 2268 1362 2326 Plinio,
1389 2284 1601 2330 operam

537 2350 594 2390 et
630 2342 800 2391 oleum
840 2342 1163 2405 perditurum
1204 2359 1337 2394 esse.
1406 2346 1603 2395 Contra

537 2432 663 2466 vero
687 2419 963 2482 perspicue
988 2426 1044 2468 et
1069 2421 1257 2470 usitato
1296 2422 1489 2473 dicitur
1521 2438 1601 2473 res

538 2496 672 2544 exire
710 2494 765 2543 in
798 2497 988 2556 vulgus,
1026 2512 1141 2560 quae
1188 2498 1500 2561 divulgatur,
1549 2508 1605 2551 et

536 2570 712 2620 editur
753 2572 1061 2636 einanatque
1114 2573 1167 2622 in
1218 2576 1416 2638 vulgus.
1519 2577 1606 2627 Sic

544 2649 657 2697 Cic.
680 2662 774 2710 pro
795 2649 917 2697 Sex.
940 2649 1150 2713 Roscio,
1174 2665 1289 2713 cap.
1312 2655 1361 2700 1.
1383 2654 1398 2679 ‘
1419 2652 1606 2704 Oratio

538 2736 655 2772 mea
691 2724 834 2772 exire
867 2731 1020 2788 atque
1058 2725 1109 2772 in
1149 2727 1329 2788 vulgus
1364 2741 1607 2777 emanare

543 2798 775 2863 poterit.’
807 2801 1025 2850 Sueton.
1049 2800 1241 2859 Galba,
1263 2818 1310 2852 c.
1334 2808 1414 2854 20.
1431 2805 1447 2832 ⁸
1464 2803 1607 2853 Ante

542 2888 736 2937 paucos
765 2876 879 2926 dies
903 2877 1106 2926 exierat
1131 2879 1181 2926 in
1212 2877 1430 2942 vulgus?
1497 2881 1607 2930 Ne·

543 2965 635 3014 pos
675 2951 798 3001 Dat.
820 2966 864 3000 c.
889 2956 938 3000 6.
970 2952 1057 3001 ‘Si
1080 2954 1132 3000 in
1158 2954 1364 3003 turbam
1399 2956 1610 3020 exisset,

541 3025 606 3073 ab
619 3027 818 3076 homine
832 3035 936 3076 tam
953 3030 1243 3081 necessario
1261 3045 1317 3080 se
1332 3032 1612 3084 relictum.'

541 3100 813 3151 Potuisset
834 3102 989 3151 etiam
1013 3105 1174 3152 solum
1213 3106 1426 3156 verbum
1458 3110 1611 3168 exire,

541 3188 641 3238 pro
661 3178 920 3238 divulgari,
933 3179 1102 3226 locum
1118 3180 1340 3243 habere3
1372 3170 1607 3247 utiapud

545 3254 747 3318 Nepot.
769 3254 963 3319 Agesil.
985 3271 1031 3305 c.
1051 3262 1100 3306 2.
1132 3266 1148 3288 ‘
1169 3260 1326 3308 Fama
1344 3263 1609 3325 exierat3'

543 3338 600 3380 et
620 3333 755 3397 apud
767 3334 980 3384 Sueton.
997 3335 1130 3384 Ner.
1146 3350 1193 3385 c.
1211 3341 1291 3387 53.
1306 3339 1321 3366 ‘
1339 3339 1483 3389 Exiit
1499 3340 1608 3404 opi-

546 3409 674 3457 nio!
696 3409 938 3459 Schwarz.
1224 3453 1229 3461 .

537 3500 559 3558 j
614 3485 679 3534 In
699 3485 894 3550 vulgus]
918 3485 981 3535 In
1002 3487 1207 3549 singulis
1232 3489 1401 3539 Livio.
1425 3493 1472 3540 in
1498 3501 1611 3542 tex-

548 3569 643 3625 tu;
676 3564 843 3613 sedin
879 3566 1134 3630 margine,
1167 3567 1221 3616 in
1259 3570 1433 3632 vulgus
1455 3570 1519 3622 C.
1544 3570 1614 3620 G.

546 3642 728 3707 probe.

616 3719 679 3766 In
720 3718 919 3783 vulgus]
954 3717 1104 3770 Quod
1143 3718 1360 3785 factum,
1398 3721 1451 3771 in
1499 3729 1617 3773 acta

548 3792 757 3855 publica
781 3793 1054 3842 mittendo.
1094 3794 1227 3858 Lips.

613 3869 854 3932 Posteris]
890 3871 1097 3935 Nempe
1130 3872 1185 3921 in
1220 3888 1290 3922 ωε
1319 3874 1618 3942 incidendo,

546 3951 603 3993 et
627 3945 1001 4007 perpetuando.
1023 3946 1174 3996 Idem.

617 4021 830 4071 Pietatis
844 4030 1024 4072 uostroe
1043 4025 1348 4076 adhiberetur
1369 4030 1531 4096 testis]
1551 4031 1617 4082 In

534 4095 934 4159 ,salisburgensi
959 4105 1013 4147 et
1037 4113 1154 4147 meo
1193 4100 1393 4160 codice,
1418 4121 1512 4168 pro
1537 4120 1618 4155 se·

552 4172 726 4222 cundo
749 4188 891 4230 casu,
906 4177 1102 4238 positus
1124 4183 1206 4225 est
1222 4181 1424 4237 tertius,
1440 4184 1619 4246 pietati

552 4255 749 4301 ποιέω.
784 4251 1000 4312 Credas,
1024 4267 1198 4302 casum
1217 4258 1443 4315 tertium,
1460 4274 1616 4323 prop·

553 4334 637 4378 ter
655 4325 868 4377 verbum
885 4327 1204 4393 adhiberetur,
1220 4344 1372 4395 posse
1387 4336 1616 4399 admitti;

1223 435 1442 485 No'rAE
1495 434 1900 484 vARmRUM
1952 428 2042 483 ΙΝ·

1671 589 1828 644 prout
1849 582 2066 632 Terent.
2090 576 2303 631 Phorm.
2318 592 2398 630 nr.
2418 582 2466 629 5.
2484 582 2538 629 2.
2559 576 2576 608 ⁸
2595 574 2731 630 Quid

1670 660 1794 708 milii
1835 667 1996 710 testes
2026 657 2362 719 adhibeam3'
2398 656 2623 720 pra-fero
2660 652 2736 706 tass

1670 751 1787 786 men
1810 738 1892 786 hic
1905 730 2084 785 ”casum
2101 735 2344 798 gignendi
2353 734 2570 797 pietatis,
2583 747 2735 796 quem

1670 815 1835 865 ceteri
1859 813 1975 864 libri
2000 813 2324 868 confirmant,
2344 825 2404 861 ac
2427 811 2516 875 qui
2541 809 2738 872 depen-

1668 890 1764 942 det
1806 907 1839 940 a
1880 891 2172 941 nominibus
2216 889 2352 939 testis
2398 896 2455 937 et
2501 886 2737 935 conscius.

1669 967 1871 1019 Auctor
1900 968 1963 1017 ad
2002 967 2236 1017 Hereun.
2263 978 2350 1014 ιιι.
2382 968 2466 1013 20.
2502 962 2596 1012 ‘Si
2633 963 2740 1025 ejus

1666 1045 1744 1093 rei
1769 1045 1958 1109 multos
1996 1043 2186 1104 dixerit
2225 1046 2388 1091 testes
2419 1047 2476 1089 et
2499 1038 2739 1088 conscios

1670 1117 1824 1182 esse,’
1846 1122 1948 1168 dcc.
1970 1118 2214 1169 Schwarz.
2303 1110 2308 1115 ’

1736 1197 1849 1245 Non
1870 1199 2172 1259 tantumpost
2186 1192 2335 1257 ipsos]
2361 1192 2508 1243 Nihil
2529 1190 2739 1255 quidem

1668 1287 1841 1323 rarum
1867 1280 1964 1328 est,
2005 1272 2303 1336 particulas,
2337 1272 2471 1319 ‘uon
2503 1267 2742 1325 tantum,’

1666 1355 1685 1378 ‘
1712 1363 1813 1397 non
1847 1345 2052 1404 solum,⁵
2089 1357 2103 1379 ‘
2123 1361 2225 1399 non
2263 1340 2454 1404 modo,’
2490 1338 2743 1409 postponi

1671 1427 1967 1491 sententia»,
1998 1440 2168 1491 neque
2203 1425 2277 1474 eis
2302 1439 2370 1474 ex
2403 1422 2615 1486 vulgari
2652 1436 2741 1471 usu

1669 1502 1990 1566 respondere
2015 1502 2316 1566 particulas,
2355 1502 2371 1529 ‘
2392 1500 2485 1548 sed
2512 1499 2676 1549 etiam
2697 1494 2746 1557 3’

1674 1593 1723 1628 v.
1747 1594 1798 1641 g.
1823 1580 1931 1628 Cic.
1969 1578 2135 1628 Attic.
2173 1590 2239 1626 11.
2272 1579 2356 1625 21.
2394 1575 2411 1604 ‘
2431 1575 2564 1637 Ipse
2588 1574 2745 1624 etiam

1673 1655 1789 1717 sibi,
1821 1668 1923 1704 non
1948 1654 2009 1702 iis
2032 1655 2220 1714 solnm,
2243 1653 2331 1716 qui
2372 1651 2621 1712 aderant,
2645 1649 2746 1699 dis·

1674 1729 1941 1796 plicebat.'
2007 1728 2083 1778 At
2120 1730 2282 1778 rarius
2320 1728 2531 1777 omuino
2572 1726 2658 1790 fit,
2689 1734 2745 1775 ut

1675 1818 1799 1860 tuuc
1818 1823 1881 1858 ne
1896 1808 2102 1874 quidem
2122 1807 2376 1871 particula
2392 1804 2624 1862 ‘etiaim’
2642 1805 2746 1854 sive

1673 1888 1691 1915 ‘
1710 1885 1949 1952 quoque,'
1965 1893 2023 1934 ut
2047 1892 2220 1933 tamen
2247 1882 2310 1933 fit
2334 1883 2383 1931 in
2404 1883 2651 1944 proximo
2667 1882 2750 1930 Ci-

1672 1964 1875 2013 ceronis
1912 1961 2172 2023 exemplo,
2208 1960 2594 2023 praemittatur.
2661 1956 2747 2005 Sic

1675 2041 1811 2089 enim
1836 2039 2036 2088 Plinius
2060 2037 2233 2086 dicere
2275 2035 2555 2098 potuisset,
2577 2035 2749 2082 audere

1674 2133 1759 2166 nos
1778 2119 1836 2167 de
1857 2116 1989 2165 bonis
2004 2115 2231 2177 malisque
2248 2110 2567 2177 principibus,
2594 2110 2749 2159 etiam

1677 2194 1807 2242 vivis
1839 2199 1895 2240 et
1933 2190 2261 2249 florentibus,
2291 2202 2386 2237 non
2420 2191 2620 2235 tantum
2648 2188 2752 2248 post

1674 2269 1819 2332 ipsos,
1837 2269 1889 2316 h.
1922 2282 1973 2315 e.
1998 2274 2113 2329 post
2135 2265 2365 2327 ipsorum
2390 2270 2642 2324 mortem,
2666 2260 2751 2321 ju-

1676 2345 1855 2394 dicare.
1922 2342 2026 2391 Sed
2060 2341 2188 2390 talia
2218 2340 2302 2388 bic
2335 2339 2526 2387 saltem
2562 2337 2751 2386 subau-

1679 2419 1868 2468 dienda
1889 2426 2025 2467 sunt.
2085 2417 2256 2480 Atque
2281 2416 2356 2464 ita
2375 2413 2537 2463 etiam
2564 2413 2749 2463 Cicero

1681 2493 2108 2561 aliquando‚illud
2123 2492 2340 2554 ‘etiam,'
2360 2493 2469 2541 sive
2484 2487 2754 2557 ‘quoque‚’

1680 2573 1731 2622 in
1779 2574 1946 2636 priore
1989 2570 2219 2618 membro
2264 2582 2364 2618 non
2406 2567 2597 2631 pouit;
2634 2580 2754 2630 mg.

1680 2649 1914 2714 Philipp.
1930 2661 1995 2696 11.
2011 2653 2061 2696 5.
2084 2651 2099 2676 ‘
2128 2647 2260 2695 Haec
2282 2652 2339 2694 tu
2363 2646 2517 2694 homo
2545 2643 2750 2708 sapiens

1681 2725 1912 2790 (etiam,)
1956 2739 2058 2772 uon
2096 2725 2260 2771 solum
2298 2722 2578 2785 eloquens,
2614 2718 2749 2783 apud

1683 2819 1791 2865 eos,
1844 2817 2057 2867 quornm
2115 2800 2330 2850 consilio
2386 2798 2750 2861 sapientiaque

1685 2886 1835 2941 gesta
1891 2885 2033 2935 sunt,
2090 2891 2245 2926 ausus
2299 2889 2357 2924 es
2414 2868 2752 2938 vituperare?

1684 2957 1834 3005 Curt.
1858 2955 1893 3003 1.
1921 2958 1996 3003 rx.
2017 2969 2065 3003 c.
2086 2959 2131 3003 l.
2149 2960 2165 2983 ‘
2189 2951 2359 3001 Ebore
2377 2948 2750 3017 Macedoniam

1685 3031 2071 3094 Graeciamque,
2093 3044 2192 3077 nou
2215 3035 2417 3077 nostras
2436 3035 2645 3075 tantum
2667 3025 2751 3074 do·

1683 3120 1812 3163 mos,
1847 3103 2199 3169 replebimus.’
2263 3104 2327 3153 Iu
2366 3103 2552 3156 codice
2596 3104 2753 3152 Pata·

1683 3184 1826 3243 vino,
1862 3192 1917 3232 et
1956 3184 2089 3231 libro
2113 3181 2387 3243 vossiano,
2416 3195 2508 3243 pro
2548 3184 2751 3233 tautum,

1687 3261 1880 3323 legitur
1916 3264 2111 3316 tamem·
2144 3256 2233 3306 sed
2260 3255 2556 3319 hujusmodi
2593 3255 2750 3305 varie-⁵

1686 3343 1789 3401 tas,
1832 3351 1897 3385 ex
1937 3335 2249 3399 compendio
2292 3333 2573 3396 scriptura!
2619 3338 2751 3390 orta,

1681 3413 1985 3476 frequenter
2019 3412 2199 3460 harum
2235 3409 2612 3473 particularum
2638 3422 2754 3481 conj

1686 3489 1941 3539 fusionem
1960 3487 2168 3536 induxit
2188 3485 2472 3536 codicibus.
2507 3485 2749 3534 Ceterum

1678 3567 1883 3631 judicia
1904 3566 2164 3614 hominum
2187 3568 2303 3627 post
2325 3569 2548 3611 mortem
2566 3560 2751 3625 priuci-

1689 3659 1834 3707 pum,
1876 3644 2217 3705 aliorumque,
2272 3640 2579 3703 plerumque
2636 3641 2752 3685 sunt

1689 3721 1974 3780 liberiora;
2009 3717 2129 3766 iude
2154 3716 2269 3766 Cic.
2293 3729 2387 3778 pro
2410 3716 2490 3763 M.
2529 3715 2750 3763 Marcel·

1690 3799 1761 3857 lo,
1788 3812 1834 3846 c.
1871 3800 1922 3846 9.
1957 3795 2139 3843 ‘Servi
2174 3792 2333 3855 igitur
2354 3791 2417 3839 iis
2440 3791 2600 3840 etiam
2614 3789 2751 3854 judi·

1692 3874 1859 3933 cibus,
1882 3872 1970 3936 qui
1994 3869 2166 3919 multis
2202 3873 2324 3932 post
2359 3867 2565 3916 saeculis
2598 3866 2664 3915 de
2697 3872 2748 3916 te

1681 3950 2031 4014 judica-bunt;
2066 3954 2122 3996 et
2145 3944 2358 4011 quidem
2382 3942 2519 3992 haud
2544 3943 2667 4007 scio,
2685 3950 2745 3990 an

1688 4026 2066 4090 incorruptius,
2081 4037 2233 4089 quam
2258 4036 2350 4070 uos
2378 4037 2393 4083 3
2427 4034 2547 4070 narn
2565 4022 2622 4070 ‘et
2641 4020 2746 4068 sine

1692 4118 1888 4165 amore,
1925 4109 1983 4152 et
2009 4101 2118 4150 sine
2155 4098 2464 4162 cupiditate,
2494 4104 2552 4146 et
2587 4109 2747 4146 rursus

1690 4181 1801 4229 sine
1822 4177 1960 4237 odio,
1983 4184 2037 4224 et
2057 4175 2166 4223 sine
2185 4172 2397 4229 invidia,
2404 4169 2745 4236 judicabunt!

1691 4256 1841 4306 Idem
1880 4253 1992 4303 fere
2029 4252 2272 4301 similiter
2308 4250 2373 4300 ad
2409 4250 2477 4302 Q.
2516 4251 2607 4300 Fr.
2631 4261 2667 4298 r.
2697 4252 2742 4296 1.

1690 4331 1707 4360 ‘
1728 4332 1778 4381 N
1783 4345 1847 4381 on
1870 4337 1952 4380 est
1974 4328 2066 4380 tibi
2090 4327 2166 4377 his
2200 4326 2322 4377 solis
2343 4326 2593 4377 utendum
2616 4325 2741 4375 exis:
