3017 4942
315 4198 362 4215 “a

428 424 435 438 ⁴
485 430 615 500 788

482 593 670 651 Balbo,
704 607 825 657 cap.
859 598 943 644 25.
977 592 1179 644 ‘Simul
1216 593 1342 643 illud
1378 592 1546 643 nesci·

478 671 639 722 ebat!
702 672 848 722 Idem
888 687 984 737 pro
1016 672 1279 732 Cluentio,
1316 686 1429 735 cap.
1463 675 1548 720 57.

478 755 493 778 ⁴
514 750 678 799 Simul
699 755 755 799 et
783 749 929 805 illud,
965 764 1114 813 quam
1155 752 1223 797 sit
1257 749 1544 810 indignum,

479 825 807 889 cogitemus.'
832 825 1026 875 Eadem
1044 825 1297 889 particula
1313 825 1543 888 aliquan·

479 902 547 953 do
569 904 727 953 etiam
755 918 849 965 pro
870 904 886 933 ⁴
912 901 1138 958 deinde,'
1162 910 1219 952 et
1240 906 1255 930 ‘
1275 901 1542 958 secundo,’

477 981 706 1044 ponitur.
764 981 897 1029 Caes.
933 981 998 1029 B.
1034 981 1151 1029 Civ.
1189 992 1277 1028 ιιι.
1308 983 1392 1028 43.
1427 979 1541 1027 ‘Si-

473 1060 599 1115 mul,
633 1064 690 1107 ut
720 1057 1053 1122 pabulatione
1078 1056 1383 1117 Pompeium
1421 1070 1540 1117 pro·

473 1133 699 1196 liiberet,
736 1134 1129 1197 equitatumque
1167 1132 1279 1194 ejus
1320 1132 1383 1179 ad
1431 1146 1537 1179 rem

474 1210 758 1274 gerendam
793 1209 1026 1258 inutilem
1064 1206 1329 1268 efficeret3
1362 1207 1539 1272 tertio,

473 1295 534 1336 ut
589 1287 972 1345 auctoritatem,
1034 1299 1138 1350 qua
1183 1284 1269 1332 ille
1314 1285 1538 1332 maxime

472 1361 613 1426 apud
637 1369 844 1412 exteras
864 1362 1100 1409 nationes
1122 1359 1217 1407 niti
1244 1358 1540 1417 videbatur,

469 1437 766 1488 minueret.’
833 1435 919 1487 Cf.
943 1437 1088 1486 Cort.
1111 1437 1177 1485 ad
1196 1436 1413 1485 Sallust.
1438 1436 1536 1485 Ca·

469 1516 553 1564 til.
590 1529 689 1565 xx.
713 1520 761 1564 3.
784 1523 839 1564 et
865 1515 915 1564 iu
938 1514 1061 1576 Jug.
1088 1528 1164 1562 iv.
1185 1517 1235 1562 2.
1302 1514 1389 1563 Sic
1410 1528 1536 1577 ergo

470 1592 751 1642 Catanaeus
798 1607 895 1641 non
943 1591 1068 1639 satis
1106 1589 1286 1638 habuit
1317 1604 1536 1647 caussas,

467 1683 562 1718 cur
585 1671 763 1718 mallet
788 1684 884 1732 pro
906 1669 1069 1731 simul,
1089 1669 1266 1729 legere
1292 1669 1393 1716 sed.
1431 1666 1537 1716 Ad-

464 1745 579 1796 haec
618 1760 714 1811 pro
754 1746 957 1795 mendis
996 1745 1315 1794 librariorum
1353 1743 1538 1807 liabeo,

466 1821 605 1887 quod
643 1824 695 1871 in
733 1822 865 1872 libro
905 1820 1177 1877 Vossiano,
1215 1835 1309 1884 pro
1330 1820 1535 1882 jampri-

463 1902 587 1956 dem,
625 1900 820 1963 legitur
846 1899 954 1960 jam
982 1899 1208 1961 primum,
1241 1906 1297 1947 et
1342 1899 1538 1959 veritas,

461 1976 515 2026 iu
542 1978 721 2028 codice
757 1976 1245 2039 Guelpherbytano‚
1283 1990 1379 2039 pro
1405 1990 1534 2025 voce

464 2053 668 2104 novitas.
704 2053 877 2102 Idem.

525 2130 643 2179 Jam
661 2131 868 2194 pridem]
902 2130 1002 2179 Tot
1026 2129 1171 2179 novis
1192 2128 1534 2193 principibus,

460 2207 716 2271 novisque
739 2206 1038 2256 honoribus.
1074 2206 1208 2271 Lips.

531 2282 760 2346 Novitas]
798 2283 1064 2347 Quidquid
1083 2284 1199 2331 novi
1220 2282 1423 2331 honoris
1442 2297 1531 2333 ex·

459 2359 679 2421 cogitari
738 2365 831 2413 aut
886 2360 1124 2422 praestari
1181 2365 1373 2422 potest.
1427 2359 1532 2409 Pa·

465 2437 608 2485 torol.
857 2500 862 2504 ,

525 2516 784 2565 Consumto
821 2516 913 2581 sit]
944 2517 992 2566 1.
1034 2530 1083 2566 e.
1116 2517 1321 2565 novitas
1363 2517 1529 2567 omnis

456 2591 709 2642 honorum
736 2599 791 2642 et
817 2595 1099 2657 titulorum,
1131 2594 1318 2659 quibus
1343 2609 1531 2644 ornen-

457 2676 548 2718 tur
573 2670 855 2734 principes,
870 2671 982 2733 jam
1005 2670 1256 2719 exhausta
1278 2670 1363 2719 sit.
1396 2672 1528 2720 Ver-

450 2745 575 2795 bum
593 2747 751 2807 enim,
775 2750 790 2776 ⁶
810 2747 1151 2810 consumere‚'
1178 2749 1457 2811 pleniorem
1474 2756 1529 2799 et

450 2824 889 2875 vehementiorem
947 2825 1379 2889 significationem
1434 2827 1526 2877 ha-

455 2899 568 2962 bet,
591 2915 744 2964 quam
767 2908 783 2933 ‘
806 2901 1099 2951 insumere.'
1169 2903 1304 2952 Inde
1328 2910 1382 2952 et
1408 2918 1525 2953 cum

455 2976 652 3037 verbis,
695 2974 1039 3042 ‘effundere,'
1082 2984 1136 3026 et
1179 2978 1528 3043 ‘exhaurire,’

453 3053 814 3115 conjungitur3
861 3068 909 3102 v.
956 3069 1008 3118 g.
1049 3055 1161 3104 Cic.
1201 3069 1293 3117 pro
1332 3055 1524 3107 Roscio

452 3125 631 3176 Amer.
670 3142 717 3176 c.
741 3131 792 3176 2.
824 3134 838 3158 ‘
862 3128 1075 3190 Sperat,
1107 3144 1163 3178 se
1191 3144 1358 3193 posse,
1381 3131 1521 3196 quod

451 3202 673 3267 adeptus
698 3212 776 3253 est
802 3217 897 3264 per
919 3206 1108 3266 scelus,
1133 3205 1183 3253 id
1209 3220 1304 3269 per
1328 3207 1521 3257 luxuri-

450 3292 530 3326 am
570 3276 841 3328 effundere
878 3289 1034 3345 atque
1080 3282 1419 3332 consumere.ss
1468 3284 1521 3334 1-

447 3353 565 3401 dem
591 3355 655 3401 de
682 3354 837 3404 Orat.
869 3369 962 3405 m.-
991 3362 1074 3405 26.
1110 3361 1126 3386 ‘
1145 3358 1207 3407 In
1239 3373 1342 3423 quo
1372 3364 1522 3410 tanta

451 3431 764 3479 commoveri
789 3431 929 3479 actio
954 3446 1054 3480 non
1088 3441 1281 3496 posset,
1316 3434 1359 3482 si
1381 3441 1520 3485 esset

447 3513 718 3555 consumta
749 3509 1019 3570 superiore
1056 3518 1195 3559 motu
1222 3519 1276 3560 et
1300 3511 1517 3560 exhaus-

445 3580 540 3630 ts.'
606 3583 669 3631 In
697 3597 815 3632 meo
837 3583 1016 3633 codice
1039 3586 1293 3648 scriptum
1318 3592 1417 3647 est,
1433 3601 1518 3636 no·

443 3657 573 3706 vitas
612 3659 764 3707 omnis
806 3661 1099 3711 adulationis
1135 3669 1378 3713 consumta
1416 3666 1481 3714 sit
1495 3682 1518 3725 ,·

447 3749 561 3797 quae
585 3736 744 3784 lectio
779 3737 900 3785 mihi
939 3728 1037 3797 uon
1075 3739 1397 3803 displiceret,
1419 3743 1517 3792 nisi

446 3810 657 3871 vulgata
715 3813 939 3861 omnium
991 3815 1304 3879 reliquorum
1360 3817 1515 3867 libro·

445 3900 556 3936 rum
581 3890 898 3939 auctoritate
917 3888 1175 3940 firmetur.
1210 3892 1451 3942 Schwarz.

513 3963 707 4029 Tacere]
797 3965 1024 4016 Pacatus
1079 3967 1146 4015 de
1204 3968 1515 4033 Theodosio,

435 4040 454 4070 ‘⁷
482 4043 650 4094 Quam
679 4052 936 4108 promtum
968 4047 1183 4095 laudare
1206 4048 1516 4112 principem,

446 4125 550 4166 tam
576 4126 744 4167 tutum
763 4120 964 4170 siluisse
982 4122 1047 4169 de
1071 4123 1343 4188 principe.'
1377 4125 1517 4187 Lips.

510 4191 645 4255 'Ag-e]
679 4193 769 4242 Est
802 4188 1064 4257 particula
1098 4195 1413 4248 transeuntis
1447 4199 1513 4248 ad

442 4269 559 4316 alia.
608 4270 717 4318 Cic.
744 4283 837 4331 pro
862 4271 1069 4320 cluent.
1092 4287 1209 4336 cap.
1239 4278 1321 4323 30.
1343 4275 1359 4302 ‘
1383 4275 1515 4338 Age,

443 4347 683 4408 quoniam
714 4347 1076 4412 corrumpendi
1091 4350 1281 4412 judicii
1307 4366 1514 4407 natissa!

1177 448 1397 497 No‘rAE
1448 447 1857 498 VARmRtJM
1916 448 1996 498 m

1622 592 1712 642 ille
1735 594 1921 643 multas
1944 599 1999 643 et
2023 607 2207 658 graves
2232 592 2437 656 habuit,
2468 593 2555 646 hic
2578 595 2697 646 nuh·

1621 669 1749 730 lam3
1779 670 2038 732 profectio
2064 671 2223 735 ipsius
2250 671 2486 734 pecuniae
2521 673 2694 737 requi-

1620 745 1800 796 ratur.’
1869 749 1938 797 Et
1976 751 2209 812 prolege
2240 748 2422 796 Manil.
2454 762 2573 810 cap.
2608 751 2694 799 14.

1619 823 1768 888 ‘Age
1814 840 1956 884 vero,
1999 827 2190 875 ceteris
2233 826 2286 875 in
2330 825 2505 882 rebus,
2538 825 2693 889 squali

1618 900 1902 963 Pompeius
1941 903 2008 951 sit
2043 902 2410 966 temperantia,
2447 901 2690 951 considea-

1617 980 1790 1027 ratel‘
1861 979 2143 1042 optassem
2192 987 2387 1037 antem,
2431 986 2491 1029 ut
2528 972 2687 1029 etiam

1616 1054 1666 1102 in
1705 1055 1801 1104 boc
1843 1056 1956 1104 loco
1994 1042 2237 1104 Pliniano
2266 1053 2574 1118 particulam
2610 1070 2691 1104 te·

1614 1145 1669 1178 ro
1704 1146 1818 1179 cum
1852 1146 1944 1193 age
1981 1131 2314 1194 conjunctam
2352 1130 2686 1194 reperissem,

1619 1206 1862 1256 Schwurz.

1687 1282 2049 1346 Verecundiam]
2085 1284 2219 1334 Quae
2244 1281 2560 1346 dedignatur
2582 1283 2691 1335 lam

1612 1360 1727 1420 deS,
1783 1363 2071 1424 praesertim
2113 1360 2309 1409 nimias.
2381 1359 2687 1422 Euripides,

1611 1436 1882 1497 Αἷνούμενοι
1926 1437 2022 1500 γὰρ
2059 1437 2105 1487 οἵ
2137 1435 2323 1500 ἀγαθοὶ,
2354 1434 2535 1500 τρόπον
2575 1436 2685 1493 τινὰ

1612 1516 1818 1563 Μισοῦσι
1840 1512 1951 1563 τοὺς
1973 1513 2234 1576 αἰνοῦντας,
2258 1512 2341 1562 ἐὰν
2361 1512 2519 1561 αἷνῶσ’
2536 1511 2685 1574 ἅπαν.

1611 1590 1825 1639 Laudati
1856 1590 1982 1639 enim
2035 1591 2131 1639 viri
2180 1590 2309 1654 boni,
2345 1590 2684 1652 quodammodo

1609 1667 1907 1716 Laudantem
1952 1667 2058 1717 odio
2100 1666 2292 1730 habent,
2326 1667 2487 1721 laudet
2522 1666 2606 1716 ille
2637 1667 2684 1723 si

1609 1743 1771 1792 nimis.
1812 1744 1952 1807 Lips.

1681 1824 1801 1879 Quae
1843 1823 2093 1886 qualiaque
2132 1820 2426 1871 decernimus
2467 1834 2576 1883 nos,
2626 1826 2683 1872 tu

1607 1915 1700 1948 non
1722 1901 1935 1964 recusas]
1975 1902 2098 1957 Quoe
2133 1899 2380 1963 qualiaque
2409 1903 2495 1947 aut
2523 1899 2682 1949 decere,

1608 1975 1763 2025 nimus
1784 1991 1886 2036 nos,
1909 1983 1992 2025 aut
2024 1983 2078 2026 tu
2101 1991 2192 2025 non
2213 1988 2401 2024 recusas
2422 1973 2486 2022 V.
2512 1973 2680 2031 Livia,

1608 2061 1770 2101 recte.
1809 2053 2041 2103 Rittersla.

1675 2129 1795 2184 Quae
1818 2121 2093 2194 qualiaque]
2119 2129 2166 2180 1.
2186 2143 2233 2178 e.
2254 2129 2388 2179 Qnae
2411 2132 2468 2178 et
2483 2128 2677 2192 qualia·

1607 2219 1810 2269 cunque
1835 2207 2035 2254 lionoris
2062 2218 2275 2268 genera,
2293 2202 2584 2269 quamlibet
2602 2211 2678 2253 te-

1605 2282 1746 2337 nuia,
1783 2296 1877 2331 nos
1910 2282 2005 2332 tibi
2044 2281 2387 2343 decernimus,
2419 2289 2478 2333 tu
2503 2287 2681 2333 tamen

1605 2372 1705 2407 non
1732 2372 1952 2407 recusas.
2001 2359 2319 2418 Lectionem‚
2340 2371 2459 2422 quse
2484 2356 2536 2406 in
2561 2358 2675 2420 plu*

1605 2437 1750 2486 rimis
1794 2436 1937 2485 libris
1979 2436 2241 2501 impressis
2286 2435 2528 2498 evulgata
2573 2442 2674 2498 est,

1606 2512 1861 2562 dedimus.
1910 2510 1985 2562 At
2011 2512 2060 2561 in
2085 2510 2354 2561 codicibus
2375 2511 2506 2563 Mss,
2529 2513 2674 2574 paul-

1603 2589 1654 2637 lo
1699 2590 1850 2638 aliter
1893 2590 1996 2638 ista
2053 2586 2215 2635 verba
2271 2587 2537 2650 leguntur.
2606 2588 2672 2638 In

1605 2665 1811 2714 Veneto
1838 2669 1884 2717 1.
1927 2665 2048 2720 Quae
2070 2662 2233 2728 qualia
2254 2663 2460 2727 quidem,
2483 2669 2567 2712 aut
2591 2667 2673 2713 de·

1599 2743 1834 2792 cernimus
1863 2757 1965 2797 nos,
1997 2747 2082 2790 aut
2111 2746 2166 2790 tu
2201 2754 2296 2790 non
2329 2755 2538 2791 recusas.
2608 2740 2672 2790 In

1601 2818 1863 2868 codicibus
1888 2816 2180 2874 VaticaniS,
2224 2815 2529 2884 Parisiensi,
2567 2817 2674 2866 Ve-

1601 2904 1725 2945 neto
1748 2901 1797 2945 2.
1821 2894 2221 2958 salisburgensi,
2244 2892 2670 2956 Guelpherbyta-

1600 2987 1690 3036 no,
1714 2982 1769 3022 et
1795 2986 1929 3033 meo,
1950 2972 2074 3021 item
2109 2969 2163 3020 in
2199 2970 2431 3019 editione
2463 2970 2670 3020 Siehar·

1599 3051 1671 3114 di,
1705 3058 1761 3099 et
1796 3049 2021 3113 Gryphii
2059 3062 2143 3095 an.
2164 3049 2314 3096 1531.
2345 3053 2514 3109 extat,
2546 3048 2670 3103 Quoe

1597 3125 1844 3190 qualiaque
1887 3130 1974 3174 aut
2014 3124 2308 3173 decernimus
2345 3136 2446 3184 nos,
2482 3128 2569 3172 aut
2615 3130 2671 3173 tn

1596 3217 1691 3250 non
1725 3216 1925 3253 recusas.
1994 3198 2263 3262 Gryphius
2299 3212 2422 3247 vero
2461 3198 2512 3247 in
2558 3198 2669 3248 edi-

1596 3279 1736 3328 tione
1772 3291 1855 3326 an.
1878 3280 2026 3327 1642.
2061 3275 2368 3338 particulam
2401 3280 2487 3323 aut
2522 3283 2669 3328 ntro-

1595 3370 1695 3420 que
1719 3357 1832 3406 loco
1857 3354 2084 3404 sustulit.
2152 3353 2318 3405 Quam
2347 3360 2520 3402 tamen
2546 3368 2668 3417 pro·

1595 3432 1740 3480 bavit
1780 3439 1835 3480 et
1874 3430 2091 3479 retinuit
2121 3426 2457 3489 Arntzenius,
2485 3426 2667 3480 addito

1595 3508 1744 3556 simul
1775 3506 1920 3569 signo
1958 3505 2400 3567 interrogationis,
2422 3520 2529 3568 quoe
2551 3521 2666 3569 qua-

1592 3586 1748 3647 liaque
1784 3589 1870 3633 aut
1905 3582 2199 3633 decernimus
2228 3595 2332 3642 nos,
2366 3587 2452 3632 aut
2480 3587 2535 3635 tu
2571 3596 2667 3631 noes

1592 3666 1813 3718 recusas?
1879 3660 2161 3710 Assecutus
2199 3659 2408 3725 quidem
2456 3665 2540 3709 est
2586 3660 2667 3709 vir

1594 3738 1919 3789 doctissimus
1940 3750 2113 3786 veram
2139 3736 2298 3786 Plinii
2323 3736 2665 3800 sententiam,

1597 3817 1798 3880 quando
1831 3828 1946 3863 eam
1978 3815 2055 3863 ita
2093 3815 2491 3876 interpretatur,
2520 3828 2664 3876 quam

1592 3894 1778 3942 minuta
1815 3896 1901 3940 aut
1940 3905 2025 3940 nos
2061 3904 2157 3940 noa
2193 3890 2462 3939 dubitamus
2500 3892 2662 3939 decer·

1591 3983 1724 4032 nere,
1758 3967 1844 4018 mit
1883 3973 1939 4017 tu
1974 3967 2067 4019 tibi
2107 3982 2201 4016 non
2241 3967 2486 4030 permittis
2526 3962 2660 4017 'recu-

1591 4060 1734 4105 sare3
1768 4044 1861 4097 sed
1897 4044 2010 4095 haec
2037 4046 2295 4093 sententia
2325 4058 2426 4091 non
2452 4041 2569 4092 fluit
2594 4057 2658 4092 ex

1593 4121 1693 4170 ista
1726 4119 2111 4182 emendatione,
2142 4125 2199 4168 et
2235 4120 2661 4182 interrogatione.

1593 4199 1749 4250 Quad
1795 4199 1840 4248 si
1875 4199 2012 4247 euim
2055 4211 2151 4261 per
2191 4197 2654 4260 interrogationem

1589 4276 1706 4329 haec
1746 4277 1904 4328 verba
1947 4276 2302 4335 enuntientur,
2340 4279 2430 4323 aut
2472 4282 2523 4324 tu
2566 4289 2656 4322 noa

1591 4359 1809 4403 recusas?
1843 4357 2167 4418 sequeretur,
2202 4361 2260 4401 ut
2294 4351 2550 4415 'l'rajanus
2581 4352 2652 4399 in-
