3017 4942
462 426 594 492 448

462 591 580 638 204.
594 586 610 614 ‘
629 585 911 636 Maximum
934 585 1033 637 boc
1051 586 1196 650 regui
1218 585 1411 638 bonum
1431 592 1532 644 est,

465 664 620 716 Quod
656 662 793 715 facta
828 663 1023 713 domini
1069 664 1277 728 cogitur
1312 664 1533 728 populus

464 741 564 797 sui,
597 740 767 792 Quam
788 739 950 804 ferre,
981 745 1085 789 tam
1115 738 1362 789 laudare.’
1424 739 1532 789 Sed

464 832 590 867 vere
612 817 724 882 ipse
744 817 966 867 Servus:
1000 816 1018 844 ‘
1033 817 1179 869 Quos
1197 816 1336 881 cogit
1359 824 1531 866 metus

465 894 725 956 Laud-re,
743 892 951 943 eosdem
971 893 1147 943 reddit
1165 893 1402 943 inimicos
1424 907 1532 943 me-

468 977 551 1020 tus
576 989 589 1020 =
632 971 709 1021 At
733 971 822 1036 qui
844 967 1034 1021 favoris
1056 969 1269 1033 gloriam
1294 970 1402 1020 veri
1442 984 1533 1033 pe·

412 1067 416 1071 ⁴
448 1049 553 1111 tit,
579 1047 764 1099 Animo
781 1048 964 1113 magis,
980 1062 1136 1114 quam
1160 1062 1309 1112 voce,
1326 1047 1531 1099 laudari

465 1123 645 1176 volet-⁹
674 1125 830 1186 Rern.

539 1202 688 1253 Voces
726 1201 851 1266 illae]
910 1200 1304 1263 Adulationum,
1345 1202 1530 1268 quibus

465 1294 682 1334 necesse
703 1287 821 1331 erat
855 1281 1092 1345 pessimis
1126 1280 1529 1345 imperatoribus

466 1371 534 1406 ex
550 1356 674 1407 vitoe
692 1356 973 1421 perdendas
989 1363 1130 1407 metu
1148 1357 1371 1407 blandiri
1386 1373 1406 1420 ς
1425 1372 1532 1408 non

428 1442 435 1446 ·
466 1434 628 1488 enim.
667 1439 728 1484 ut
770 1432 1007 1497 queritur
1046 1433 1296 1485 Juvenal.
1334 1434 1447 1484 Sat.
1488 1447 1532 1484 1.

465 1509 638 1559 ‘Civis
673 1516 808 1571 erat,
842 1510 928 1574 qui
956 1509 1123 1561 libera
1148 1517 1328 1575 posset
1346 1507 1534 1560 Verba

466 1587 625 1636 animi
659 1585 915 1651 proferre,
952 1594 1009 1637 et
1033 1586 1192 1636 vitam
1227 1586 1532 1673 impendere

464 1677 608 1714 vero.
611 1662 882 1714 '.Patar01

529 1740 676 1790 Nihil
689 1741 826 1803 quale
836 1744 977 1789 antea
990 1739 1236 1800 dicamus,·
1252 1740 1376 1790 nihil
1385 1740 1532 1798 enim,

462 1820 600 1882 quale
629 1824 788 1875 antea,
820 1819 1057 1882 patimur]
1105 1820 1194 1868 Sic
1216 1819 1427 1870 restitui
1451 1832 1534 1868 se-

465 1903 620 1943 cutus
662 1894 922 1946 editiones
968 1897 1316 1960 primogenius
1343 1911 1359 1958 ς
1412 1902 1530 1946 nam

463 1973 620 2035 male,
662 1986 781 2021 meo
822 1973 1011 2035 animo,
1044 1988 1344 2039 expressum
1389 1973 1531 2023 Livi-

463 2049 582 2097 neio
603 2048 887 2099 dicebamus.
920 2049 1078 2102 Grut.

525 2126 606 2175 De
621 2125 857 2190 principe,
879 2142 987 2190 quoe
1011 2126 1175 2191 prius]
1209 2127 1402 2233 Palam,
1426 2142 1533 2192 quoe

455 2202 595 2267 prius
616 2202 679 2252 C·
701 2203 769 2253 G.
802 2203 968 2255 Livin.

528 2280 722 2345 Palam,
740 2296 845 2344 quoe
863 2282 1020 2346 prius,
1039 2281 1374 2346 predicemus]
1399 2283 1533 2333 Par-

462 2354 679 2406 ticulam
709 2357 866 2418 palam
905 2358 1146 2407 omissam
1187 2357 1530 2421 deprehendi-

461 2446 576 2482 mus
614 2432 668 2481 iu
699 2432 1121 2485 codicibusMss.
1142 2440 1199 2484 et
1220 2434 1530 2500 quibusdam

461 2508 748 2573 impressis.
814 2509 988 2575 Atque
1023 2511 1269 2574 opineris,
1306 2525 1422 2560 eam
1455 2511 1529 2559 vi·

461 2583 578 2637 deri
621 2582 969 2649 superfluam3
1014 2586 1138 2651 quia
1174 2585 1533 2650 ‘praedicare'

462 2666 545 2712 est
578 2668 594 2691 ‘
613 2663 782 2726 palam
806 2663 996 2728 aliquid
1021 2665 1373 2728 promulgare,
1393 2664 1531 2715 cele·

460 2737 652 2790 braress
723 2739 849 2797 Sed,
874 2754 936 2789 ea
960 2741 1144 2789 vocula
1167 2747 1392 2803 retenta,
1415 2754 1530 2790 ora-

459 2815 534 2866 tio
553 2815 614 2866 fit
635 2818 976 2875 numerosior,
994 2825 1049 2868 et
1064 2817 1304 2870 ἀντίθεσις
1319 2821 1530 2870 clarior.

459 2892 586 2942 Eum
615 2893 726 2957 jam
752 2894 1119 2960 cuspinianus,
1155 2896 1437 2963 Gryphius‚
1473 2904 1532 2949 et

461 2969 553 3019 alii
574 2971 908 3033 evulgarunt.
971 2971 1173 3022 Adhaec
1197 2981 1252 3024 et
1279 2975 1392 3038 ipse
1416 2974 1529 3025 Cic.

461 3043 529 3094 ad
552 3044 721 3095 Attic.
748 3058 828 3094 rx.
850 3051 900 3096 9.
925 3047 1015 3096 bas
1042 3062 1194 3097 voces
1218 3050 1528 3114 conjungit:

457 3127 473 3150 ‘
493 3121 762 3172 Praedicat
793 3124 930 3172 enim
965 3125 1156 3187 palam,
1188 3132 1245 3174 et
1277 3127 1529 3176 militibus

458 3197 709 3260 ostendit,
741 3213 797 3248 se
836 3200 1111 3262 largitione
1149 3201 1263 3265 ipsa
1292 3202 1529 3265 sinperio-

459 3287 589 3330 rem,
623 3289 776 3339 quam
797 3272 953 3332 hunc,
974 3274 1125 3325 fore.'
1178 3276 1453 3341 Equidem,
1475 3278 1529 3326 in

459 3350 766 3415 quibusdam
815 3351 982 3414 libris,
1038 3354 1335 3416 posteriora
1375 3353 1529 3417 hujus

459 3424 663 3489 periodi
689 3425 845 3475 verba
866 3427 1026 3476 etiam
1050 3427 1125 3478 sic
1159 3429 1417 3479 collocata
1451 3431 1527 3479 le-

459 3507 687 3564 guntur:
725 3517 812 3551 nec
848 3505 1013 3552 eadem
1049 3506 1110 3554 de
1134 3505 1388 3568 Principe,
1420 3521 1529 3570 quoe

451 3578 610 3642 prius,
644 3580 960 3641 predicemus
979 3596 996 3629 .·
1028 3595 1178 3644 neque
1199 3581 1326 3631 enim
1345 3585 1527 3647 eadem,

457 3668 564 3717 quoe
581 3655 737 3719 prius,
769 3661 946 3705 secreto
968 3657 1217 3720 loquimur.
1284 3659 1389 3709 Sed
1413 3661 1525 3709 nul-

455 3734 560 3784 lam
587 3749 764 3785 vocem
789 3750 880 3785 suo
908 3736 1025 3785 loeo
1066 3736 1371 3786 movendam
1404 3752 1527 3788 een-

459 3825 569 3861 seo.
638 3812 883 3861 Ceterum
919 3812 1125 3875 Lipsius
1149 3813 1232 3863 hic
1257 3815 1528 3865 annotavit

454 3886 571 3936 llaec
590 3887 806 3937 Seuecae
829 3888 989 3938 verba
1010 3888 1076 3938 de
1100 3888 1235 3939 bono
1258 3891 1523 3954 principe:

457 3961 474 3991 ‘
494 3961 693 4012 Eadem
732 3963 799 4012 de
832 3963 921 4013 illo
953 3964 1189 4015 homines
1222 3973 1424 4016 secreto
1449 3967 1521 4016 lo·

457 4047 705 4105 quuntur,
739 4054 854 4104 quoe
880 4040 1088 4103 palam.’
1123 4042 1368 4092 Schwarz.

539 4116 758 4179 Secreto]
813 4117 1271 4167 Maledictiouibus
1314 4131 1524 4181 nempe,

457 4199 617 4257 etque
641 4192 1115 4255 imprecationibus,
1135 4207 1226 4242 seu
1250 4193 1423 4242 tacitis
1444 4192 1524 4242 in-

456 4275 540 4318 tra
560 4283 672 4330 nos,
695 4283 789 4316 seu
810 4269 950 4317 inter
972 4268 1288 4318 domesticos
1320 4276 1525 4320 tantum

457 4347 687 4412 parietes
707 4346 990 4411 expressis.
1022 4345 1246 4396 Patara!-

405 4650 491 4710 h

1165 440 1386 492 1³01·AE
1434 440 1847 493 vAaloRUM
1898 442 1982 493 IN

1677 587 1881 645 Quando
1900 587 2001 638 sint
2021 585 2272 651 hactenus]
2323 587 2465 639 Olim
2504 601 2685 640 emen-

1606 662 1864 726 davimus,
1882 664 1980 721 cui,
2002 667 2205 735 quando,
2228 665 2329 714 sint
2350 671 2490 715 actae.
2548 667 2683 715 Nus·

1603 753 1744 803 quam
1762 745 1819 789 ut
1838 741 1948 790 Deo
1978 756 2123 803 nunc,
2158 755 2390 804 nusquam
2425 746 2501 791 ut.
2566 741 2681 790 lte-

1605 828 1720 865 rum
1766 816 2028 866 Martialis
2069 818 2368 868 concurrit:
2426 819 2683 868 ‘Frustra

1606 892 1874 944 blanditias
1897 895 2090 945 venitis
2113 895 2176 944 ad
2202 910 2304 961 me,
2338 894 2554 946 Attritis
2588 896 2681 945 mi-

1608 967 1859 1019 serabiles
1881 969 2100 1028 labellis,
2121 971 2373 1022 Dicturus
2397 971 2682 1020 Dominum

1606 1047 1887 1111 Deumque
1921 1060 2023 1096 non
2048 1061 2160 1097 sum
2184 1065 2197 1096 ε
2230 1049 2352 1101 Jarn
2377 1063 2479 1099 non
2502 1055 2585 1099 est
2604 1049 2683 1099 lo-

1606 1136 1701 1172 cus
1724 1122 1819 1172 bac
1843 1122 1895 1172 in
1919 1124 2049 1174 urbe
2074 1124 2254 1177 vobis.’
2285 1125 2426 1190 Lips.

1674 1200 1877 1257 Quando
1893 1204 1991 1250 sint
2012 1201 2261 1266 hactenus]
2298 1202 2343 1252 Α
2351 1201 2548 1267 pprobo
2566 1216 2682 1253 cor-

1606 1278 1892 1328 rectionem
1914 1279 2149 1335 aliorum,
2173 1279 2252 1328 cui
2270 1281 2457 1343 quando
2478 1279 2579 1328 sint
2600 1295 2681 1329 ac*

1605 1358 1688 1404 toe.
1755 1355 2004 1419 Nusquam
2030 1361 2085 1405 ut
2113 1356 2217 1405 Deo
2250 1369 2396 1418 nunc,
2428 1369 2681 1420 nusquam,

1603 1433 1687 1495 ξε.
1756 1434 1881 1482 Non
1917 1433 2075 1484 etiam
2108 1448 2264 1484 ausus
2300 1449 2413 1484 sum
2437 1435 2681 1497 recipere

1587 1508 1661 1556 in
1692 1515 2019 1567 contextum,
2051 1511 2191 1575 quod
2229 1511 2456 1561 manarit
2490 1525 2520 1560 a
2556 1523 2681 1559 con-

1594 1586 1831 1649 jecturs,
1849 1588 2081 1653 quamvis
2098 1588 2409 1638 certissima.
2443 1588 2523 1637 Ea
2539 1587 2679 1637 enim

1603 1660 1845 1713 habenda
1860 1677 2233 1729 usquequaque
2249 1663 2544 1713 reverentia
2559 1677 2684 1713 auc·

1605 1737 1807 1788 toribus
1830 1740 2084 1798 classicis,
2124 1746 2183 1791 ut
2204 1740 2332 1789 nibil
2352 1739 2491 1789 iniis
2510 1745 2681 1790 mute-

1605 1828 1718 1866 mus
1755 1817 1869 1867 siue
1903 1817 2119 1867 testium
2157 1818 2476 1867 auctoritate
2511 1823 2683 1874 certa,

1605 1893 1704 1944 hoc
1756 1900 1860 1956 est,
1905 1893 2154 1944 librorum
2202 1892 2548 1956 antiquorum,
2589 1894 2682 1958 qui

1606 1976 1779 2019 tamen
1815 1971 1900 2021 hic
1931 1969 2046 2020 fere
2080 1968 2493 2020 emendationem
2520 1970 2680 2019 istam

1605 2045 1892 2103 inculcant,
1938 2061 2055 2096 cum
2098 2051 2331 2107 servent,
2374 2045 2454 2094 cui
2491 2047 2682 2108 quando

1602 2123 1702 2172 sint
1729 2124 1965 2191 'hactenus
1998 2137 2138 2186 quam
2173 2126 2227 2172 ut
2263 2121 2393 2185 Deo,
2415 2136 2540 2170 nunc
2560 2138 2679 2172 nus-

1604 2215 1743 2264 quam
1763 2205 1818 2250 ut
1839 2199 2024 2249 numini
2045 2198 2361 2248 blandiamur.
2426 2197 2516 2248 Sic
2550 2213 2681 2249 sanc

1606 2276 1799 2333 editus,
1823 2281 2138 2340 procurante
2163 2274 2501 2339 cuspiniano,
2524 2289 2681 2339 quem

1606 2360 1661 2404 et
1684 2354 1805 2403 milii
1829 2353 2033 2417 objecit
2053 2352 2331 2416 Bongarsii
2366 2350 2681 2416 benignitas.

1610 2430 1763 2480 Grut.

1675 2507 1790 2568 Cui,
1810 2508 2013 2571 quando,
2034 2506 2138 2557 sint
2158 2506 2305 2571 acta]
2343 2507 2602 2556 Perverse
2625 2503 2677 2556 in

1605 2582 1873 2633 codicibus
1918 2583 2048 2632 Mss.
2088 2589 2146 2632 et
2184 2583 2365 2645 primis
2399 2581 2547 2633 libris
2583 2584 2676 2632 im·

1604 2658 1820 2722 pressis,
1852 2658 1967 2708 haec
1981 2658 2159 2708 *verba
2197 2658 2463 2721 leguntur,
2497 2657 2574 2707 ita
2600 2665 2678 2708 ta·

1605 2749 1748 2798 meu,
1798 2742 1859 2785 ut
1909 2734 2124 2785 verioris
2168 2734 2407 2784 lectionis
2457 2735 2681 2798 vestigia

1605 2813 1742 2863 haud
1778 2812 2003 2862 obscure
2038 2817 2349 2877 appareant.
2412 2811 2501 2862 Sic
2541 2814 2690 2863 enim,

1604 2891 1660 2940 in
1684 2889 1867 2940 codice
1888 2890 2058 2940 Paris.
2093 2897 2148 2939 et
2170 2889 2360 2939 Venet.
2391 2895 2475 2938 est
2510 2889 2677 2953 scrip·
2730 2924 2733 2925 ν

1606 2975 1736 3033 tum,
1770 2969 1850 3019 cui
1882 2970 2067 3032 quando
2093 2968 2195 3018 sint
2215 2968 2441 3017 hactenus
2459 2980 2597 3030 quam
2620 2972 2677 3015 ut

1605 3048 1730 3111 Deo,
1777 3061 2006 3111 nusquam
2043 3052 2100 3097 ut
2136 3048 2323 3097 numini
2361 3046 2678 3096 blandiamur.

1606 3123 1669 3172 Iu
1696 3123 1911 3173 vocibus
1932 3123 2090 3180 enim,
2114 3137 2328 3189 quarum
2347 3122 2561 3187 syllabae
2582 3124 2679 3172 im-

1605 3199 1777 3263 perite
1816 3200 2006 3263 partim
2044 3198 2265 3249 divulsae
2306 3206 2448 3261 sunt,
2485 3198 2677 3261 partim

1604 3276 1932 3338 coaluerunt,
1964 3276 2190 3326 hactenus
2209 3292 2365 3341 quam,
2387 3277 2574 3338 latent,
2596 3291 2680 3326 ac-

1603 3357 1670 3402 toe
1707 3368 1958 3416 nusquam.
2023 3353 2222 3404 Noster
2257 3352 2447 3414 codex,
2489 3352 2679 3403 relicta

1605 3429 1752 3479 brevi
1787 3430 1990 3487 lacuna,
2023 3428 2182 3478 habet
2220 3428 2537 3493 aliquantum
2562 3442 2678 3487 cor.

1605 3507 1831 3571 ruptius,
1852 3507 1930 3557 cui
1950 3507 2133 3570 quando
2154 3506 2255 3555 sinc
2280 3505 2511 3555 hactenus
2579 3544 2586 3551 .

1665 3589 1721 3634 ut
1748 3585 1864 3634 adeo
1901 3598 2134 3644 nusquam
2158 3587 2215 3631 ut
2245 3581 2431 3630 numini
2460 3581 2677 3632 blandia-

1601 3675 1725 3710 mur.
1771 3661 2022 3724 Scaliger,
2047 3666 2185 3709 teste
2202 3658 2262 3708 Τ.
2281 3657 2517 3721 Hearne,
2534 3658 2674 3709 illam

1602 3744 1904 3802 corruptam
1956 3736 2234 3786 lectionem
2280 3736 2466 3784 saltem
2510 3736 2676 3786 inter-

1601 3813 1885 3878 punctione
1910 3825 2096 3862 sanare
2130 3811 2313 3873 voluit,
2349 3811 2428 3861 ita
2462 3812 2676 3863 easdem

1602 3902 1758 3938 voces
1779 3887 2122 3951 distinguens,
2139 3888 2216 3936 cui
2232 3889 2419 3950 quando
2438 3889 2541 3937 sint
2560 3889 2678 3938 Ιιαο-

1602 3971 1738 4016 tenus
1756 3971 1812 4014 ut
1838 3965 1944 4015 Deo
1962 3980 1981 4023 ,⁶
2014 3980 2137 4014 nunc
2158 3979 2389 4027 nusquam
2411 3970 2465 4014 ut
2487 3966 2676 4015 numini

1600 4043 1915 4092 blandiamur.
1981 4040 2085 4091 Sed
2110 4041 2307 4090 rectius
2342 4041 2479 4091 hunc
2496 4041 2672 4091 locum

1596 4119 1701 4184 jam
1732 4133 1814 4167 an.
1837 4121 1985 4167 1690.
2007 4115 2307 4165 emendavit
2327 4115 2593 4166 Livineius
2617 4118 2671 4167 in

1599 4195 1754 4251 notis,
1789 4195 1869 4243 cui
1888 4193 2073 4257 quando
2093 4192 2192 4241 sint
2212 4196 2349 4243 actoe.
2418 4193 2674 4256 Nusquam

1598 4274 1654 4319 ut
1680 4270 1943 4330 Deanunc,
1969 4281 2202 4330 nusquam
2232 4274 2289 4317 ut
2324 4270 2507 4318 numini
2536 4271 2672 4319 blan·

1598 4345 1822 4406 diamur-3
1855 4358 2167 4412 quamquam
2191 4349 2257 4394 et.
2284 4344 2511 4410 Lipsius,
2550 4362 2673 4399 cum
