3017 4942
756 394 824 443 c.
871 390 1118 442 nutu
1167 390 1507 442 saeuum
1555 388 1833 440 ranno.
1908 389 1962 440 1.
2004 374 2118 442 46.

313 531 381 588 'w
410 535 654 588 Solem

318 651 323 658 .
388 615 603 677 Populus
618 613 888 677 Reum]
909 613 1159 679 Plerique
1178 612 1389 664 codices

320 690 455 740 Μαι.
482 704 575 751 per
599 687 964 751 compendium
999 690 1195 739 habent
1234 689 1295 738 P.
1319 688 1389 737 R.

2398 374 2529 442 ⁸711

1463 535 1505 586 sl
1552 533 1739 584 dubius
1784 531 2012 600 scripsit,
2075 531 2321 584 ‘Au'hic
2366 534 2532 600 magis

1463 625 1661 667 verum.
1710 609 2000 661 eonsensar'
2067 610 2171 661 Sed
2223 610 2367 659 nulla
2400 624 2531 674 opus

1463 693 1546 735 est
1580 687 1884 738 mutatione.
1955 686 2123 749 Supra
2145 686 2209 735 ad
2245 698 2308 734 ιι.
2344 692 2394 735 5.
2418 686 2532 750 jam

320 773 415 815 sut
454 766 550 816 Ρο.
573 766 667 814 Ro.
690 765 827 815 unde
850 767 1084 830 quoedam
1109 765 1387 822 editiones,
1461 762 1576 826 ipse
1617 769 1899 826 agnoverat
1943 763 2078 813 hanc
2119 776 2301 813 vocem
2335 761 2402 812 ad
2429 762 2537 812 'bu-

318 856 370 891 v.
391 857 447 905 g.
498 843 566 892 H.
586 843 1278 905 Stephani,Elzeviriorum,
1301 843 1389 891 Ri-
1451 840 1683 905 jusmodi
1721 855 1830 890 rem
1866 841 2189 904 aptissimam
2223 853 2383 901 esse;
2416 853 2532 887 nam

320 917 448 973 vini,
484 907 848 977 Kircbmaieri,
878 916 1189 969 effinxerunt
1223 920 1388 982 Papa·

317 994 359 1043 ti
391 994 637 1051 Romani,-
670 994 807 1058 alioe,
843 1000 902 1044 ut
938 996 1073 1045 Rob.
1113 995 1389 1059 Stephani,

316 1069 522 1129 Juntae,
540 1069 785 1135 Grypbii,
802 1071 1059 1133 sichardi,
1081 1072 1266 1135 Populo
1287 1072 1390 1121 Ro-

314 1162 478 1197 mano.
544 1148 740 1197 Veram
789 1154 963 1198 tamen
1020 1156 1077 1197 et
1131 1149 1389 1213 integram

316 1224 623 1285 lectionem,
661 1225 876 1287 Populus
918 1225 1179 1281 Romanus,
1219 1225 1388 1275 codex

315 1300 448 1350 Vnt.
482 1303 632 1351 3461.
671 1309 728 1350 et
766 1301 1277 1365 Gnelpherbytanus,
1311 1306 1390 1350 at·

316 1389 425 1439 que
445 1376 498 1425 in
523 1377 727 1426 excusis
746 1377 862 1441 ‘jam
891 1378 1238 1442 cuspinianus
1281 1377 1390 1428 alii·

317 1466 428 1516 que
452 1454 737 1515 protulere.
772 1453 925 1503 Idem·

394 1529 469 1579 Ut
487 1527 651 1592 vellet]
687 1530 855 1580 Recte
879 1529 1169 1580 cellarius:
1203 1529 1222 1557 ⁴
1241 1528 1391 1578 Prin-

315 1603 470 1668 cipes
523 1606 600 1655 illi
648 1601 1010 1668 obtinuerunt,
1055 1612 1114 1655 nt
1173 1607 1395 1670 populus

316 1690 597 1745 pateretur
641 1683 982 1747 pantomimos
1029 1684 1268 1748 relegari,
1300 1691 1392 1734 aut

317 1759 481 1809 etiam
502 1760 822 1810 concederet
843 1781 858 1825 ς
894 1775 995 1811 non
1014 1770 1222 1826 putem,
1246 1770 1304 1811 nt
1323 1777 1393 1813 ex

222 1869 232 1877 -
318 1837 496 1886 animo
527 1838 653 1887 illud
679 1839 857 1890 vellet.
924 1838 1114 1890 Fiebat
1144 1839 1281 1890 enim
1315 1841 1393 1891 in·

310 1905 432 1961 'vito
456 1913 687 1976 populo!
721 1915 875 1966 Iden.

395 1989 464 2039 Ue
487 1990 651 2054 vellet]
684 1991 874 2041 Animo
897 2006 998 2042 non
1031 1992 1274 2053 assensit,
1294 1993 1395 2043 etsi

315 2063 477 2116 factis
499 2067 726 2130 principi
749 2081 850 2117 non
872 2068 1136 2117 dissensit.
1167 2069 1307 2132 Lips.

314 2191 319 2196 ,
389 2143 513 2193 Esse
545 2141 840 2208 beneficiam]
875 2144 923 2194 1.
958 2159 1008 2195 e.
1055 2145 1289 2209 Populus
1329 2145 1395 2196 R.

319 2218 488 2283 coepit
529 2234 626 2284 pro
669 2219 923 2271 beneficio
965 2230 1232 2284 reputare,
1252 2221 1393 2286 quod

319 2301 402 2358 tu,
423 2296 533 2359 ejus
557 2302 764 2360 rogatu,
788 2296 991 2361 ejecisti
1015 2298 1358 2361 pantomimos
1377 2312 1395 2356 3

323 2377 380 2420 st
403 2385 531 2422 vero
553 2380 708 2422 antea
741 2386 835 2435 pro
872 2373 1184 2422 necessitate
1218 2382 1272 2422 et
1306 2388 1394 2424 co·

321 2447 529 2497 actione
562 2447 817 2509 habuere,
834 2462 954 2497 cum
989 2449 1083 2498 sub
1117 2449 1395 2513 superiori-

321 2522 419 2573 bus
473 2524 781 2589 quibusdam
836 2525 1234 2589 imperatoribus
1290 2542 1396 2577 nou

322 2600 426 2650 nisi
450 2601 601 2652 iuviti
624 2602 703 2653 bis
727 2602 939 2653 ludicris
963 2605 1117 2655 rebus
1137 2612 1393 2657 carerent.

324 2676 573 2728 Schmun.

392 2753 660 2817 Concessa]
694 2754 1014 2805 Harmonico
1050 2756 1296 2822 clamore,
1335 2763 1396 2808 ut

323 2843 485 2893 supra
526 2830 731 2880 notavi:
770 2846 836 2881 an
874 2829 956 2881 bic
994 2833 1162 2895 magis
1198 2848 1396 2899 verum,

308 2901 589 2957 'emennt
620 2907 768 2970 Lips.
1215 2957 1225 2974 ,

385 2984 585 3033 Minore
611 2982 862 3047 concentu]
896 2984 1112 3034 Latinus
1138 2984 1396 3045 Latinius,

324 3059 380 3109 in
403 3060 737 3110 Bibliotheca
755 3059 1005 3118 Profana,
1030 3076 1150 3126 pag.
1169 3066 1251 3114 ⁵³.
1273 3077 1396 3112 ceu-

322 3137 431 3187 suit
471 3152 569 3202 pro
604 3142 830 3188 emata
861 3138 1248 3188 rescribendum
1281 3154 1396 3188 esse

322 3221 563 3267 contentu.
632 3214 826 3280 Atque,
847 3229 934 3277 en,
955 3217 1087 3266 lianc
1110 3229 1292 3267 vocem
1322 3216 1397 3267 sic

320 3294 576 3358 scriptam
604 3294 891 3356 reperimus
911 3294 965 3343 in
990 3293 1173 3343 codice
1197 3301 1396 3362 nostro,

323 3369 651 3434 eandemque
687 3369 904 3433 margini
934 3365 1019 3418 sni
1059 3369 1176 3418 libri
1213 3370 1399 3420 allevit

318 3446 394 3498 1⁸.
415 3448 668 3498 Vossius:
704 3461 822 3511 quae
843 3447 885 3495 si
911 3446 1082 3496 locum
1115 3446 1398 3511 obtineret,

320 3538 418 3589 pro
448 3524 768 3581 contentione,
791 3524 902 3572 sive
926 3538 1110 3585 magno
1139 3522 1316 3572 studio
1339 3531 1397 3573 et

322 3608 543 3664 conatu,
567 3607 866 3663 poneretur.
913 3597 1038 3661 Sed,
1059 3599 1184 3663 quid
1209 3614 1394 3650 nomen

320 3676 557 3727 insolens
586 3675 921 3726 obtrudamus
954 3676 1147 3738 Plinio,
1169 3679 1254 3727 cui
1291 3678 1394 3727 usi·

323 3754 484 3803 tatius
526 3760 608 3802 est
651 3758 893 3814 concentu,
931 3751 969 3801 i.
1008 3766 1058 3801 e.
1101 3751 1395 3803 harmonica

324 3830 724 3893 acclamatione,
775 3838 832 3879 et
887 3831 1178 3880 consensu?
1243 3829 1395 3881 Idem

325 3920 486 3970 supra
525 3920 592 3957 11.
615 3912 663 3955 ὅ.
694 3906 965 3970 ‘Populus
1008 3906 1161 3955 Rom.
1202 3916 1397 3972 quanto

324 3984 503 4048 paullo
535 3990 947 4033 ante-concentu
984 3981 1265 4033 formosum
1301 3985 1396 4034 ali-

328 4074 431 4116 um,
452 4061 590 4112 hunc
615 4060 949 4109 fortissimum
976 4060 1258 4124 personat.'
1325 4063 1397 4112 Et

328 4154 407 4193 ιν.
439 4146 490 4191 6.
546 4141 562 4168 ‘
585 4140 662 4191 At
703 4140 945 4206 Principi
984 4150 1163 4193 nostro
1203 4152 1399 4207 quanta

333 4216 622 4274 concordia,
643 4223 973 4283 quantusque
989 4227 1272 4271 concentus
1289 4237 1399 4271 om·

328 4294 470 4346 nium
492 4294 727 4361 laudum,
737 4294 960 4362 contigit
977 4294 1010 4344 ε’
1048 4296 1254 4363 Lipsius
1272 4314 1398 4366 qua-

1464 917 1867 969 acclamatioues
1912 916 2028 966 illas
2080 915 2359 966 theatricas
2415 928 2534 965 cnm

1465 992 1685 1043 modulis
1705 1002 1758 1043 et
1777 993 1995 1058 quodam
2015 993 2159 1041 velut
2176 999 2334 1042 cantu
2353 989 2536 1042 fuisse.

1465 1069 1641 1119 Tacit.
1672 1069 1861 1119 Annal.
1901 1074 2021 1118 τινι.
2056 1067 2252 1118 ‘Plebs
2292 1080 2537 1132 persona-

1467 1144 1555 1195 bat
1579 1146 1738 1196 certis
1762 1144 1948 1201 modis.
1972 1147 2259 1210 plausuque
2282 1143 2539 1207 composi·

1467 1221 1558 1272 to.'
1617 1222 1797 1272 'Etiam
1824 1222 2010 1271 Cicero
2043 1223 2202 1270 semel
2240 1220 2536 1284 iterumque

1466 1301 1634 1350 utitur
1657 1301 1754 1350 bac
1780 1313 1926 1361 voce,
1949 1305 2004 1348 et
2025 1314 2161 1362 eam,
2180 1297 2246 1348 de
2268 1298 2421 1349 Orat.
2446 1310 2537 1347 ιιι.

1467 1380 1520 1425 6.
1554 1375 1829 1439 conjungit
1870 1389 1989 1424 cum
2028 1389 2157 1424 voce
2192 1372 2538 1425 ‘consensnz'

1467 1460 1482 1482 ⁴
1500 1450 1784 1514 Omnium,'
1805 1451 1994 1515 inquit,
2018 1449 2402 1503 ‘doctrinarum
2417 1465 2541 1516 qua·

1469 1529 1515 1578 si
1532 1542 1814 1581 consensus
1831 1526 2249 1602 concentusque-⁹
2294 1525 2378 1578 cf.
2398 1527 2537 1578 idem

1466 1606 1537 1656 de
1562 1604 1719 1657 Offic.
1745 1598 1784 1658 ι’.
1809 1609 1888 1656 14.
1918 1610 1976 1655 et
2003 1604 2075 1655 de
2106 1604 2343 1657 Divinat.
2366 1617 2431 1656 11.
2458 1607 2541 1655 16.

1470 1684 1719 1734 Schwen-
2224 1687 2231 1694 ’

1542 1762 1805 1825 Utramque
1836 1760 1988 1826 reete]
2022 1759 2170 1812 Bene
2194 1758 2260 1811 sd
2283 1758 2335 1811 Ιι.
2358 1759 2394 1808 l.
2419 1758 2542 1811 Jac.

1469 1838 1555 1888 De
1589 1840 1641 1888 la
1673 1840 1886 1888 Baune:
1938 1834 2314 1901 ‘Ingenios'ns,'
2348 1834 2561 1900 inquit„

1466 1915 1543 1964 ‘si
1575 1916 1693 1979 quis
1724 1921 1808 1964 est
1835 1914 1965 1964 alins
1992 1913 2048 1963 in
2080 1918 2191 1964 toto
2213 1909 2541 1976 Panegyrico

1471 1992 1634 2044 locus.
1697 1993 1785 2043 Sic
1832 1992 1969 2042 enim
2012 1979 2193 2042 fundat
2233 1988 2540 2055 Trajsuum,

1471 2067 1608 2132 quod
1646 2067 1990 2132 pantomimos
2026 2066 2339 2123 aboleverit,
2378 2073 2436 2115 ut
2472 2063 2542 2114 si·

1468 2145 1578 2195 mul
1611 2143 1790 2196 laudet
1828 2144 2076 2206 Nervam,
2096 2159 2127 2193 a
2148 2156 2251 2209 quo
2277 2143 2329 2192 hi
2365 2141 2540 2204 paullo

1469 2230 1594 2272 ante
1615 2221 1843 2271 restituti
1867 2218 2055 2270 erant.'
2117 2219 2246 2281 Sed,
2266 2227 2539 2282 quantum-

1469 2312 1676 2363 cunque
1712 2285 2237 2359 oratoris‘ingeuium
2274 2294 2394 2345 binc
2431 2294 2541 2343 ela·

1468 2384 1578 2439 cet,
1612 2390 1719 2425 rem
1761 2376 1926 2438 ipsam
1954 2381 2129 2423 tamen
2152 2373 2309 2422 aliter
2342 2386 2407 2420 ex
2436 2385 2544 2420 mo·

1471 2465 1585 2501 rum
1620 2451 1858 2501 doctrina
1894 2448 2154 2513 dijudicat
2193 2448 2543 2511 philosophus.

1470 2528 1638 2578 Recte
1678 2527 1895 2591 proinde
1935 2532 2117 2574 censet
2154 2523 2402 2584 Bauium,
2436 2539 2543 2580 non

1469 2612 1716 2669 oportere
1754 2602 2033 2652 obductam
2059 2601 2358 2650 cicatricem
2392 2598 2542 2650 refri-

1469 2680 1600 2744 cari,
1622 2686 1680 2729 ut
1702 2678 1771 2727 sit
1795 2675 2025 2727 remedio
2043 2677 2217 2737 locus;
2261 2689 2357 2726 nec
2380 2691 2540 2740 expe·

1469 2755 1602 2814 dire,
1625 2755 1814 2804 malum
1837 2764 2117 2810 arcessere,
2140 2759 2201 2800 ut
2229 2751 2543 2814 expellatur.

1468 2834 1623 2884 Idem.

1534 2912 1702 2961 Malas
1718 2908 1962 2974 pn'aeeps]
1998 2904 2348 2974 Domitianus.
2370 2905 2507 2970 Lips.

1542 2985 1691 3049 Tolli]
1723 2983 1774 3040 A
1798 2992 1851 3035 te
1871 2981 2089 3035 iterum.
2126 2983 2277 3033 Idem.

1538 3064 1794 3114 Auctorem
1822 3061 2142 3125 displicuisse]
2176 3062 2419 3111 Pertinet
2439 3061 2541 3112 huc

1472 3139 1993 3192 Lacedaemoniorum
2047 3138 2264 3197 factum,
2316 3138 2385 3187 de
2438 3153 2540 3204 quo

1472 3216 1711 3282 Agellius
1742 3219 1962 3280 prolixe,
1983 3230 2153 3267 xvut.
2176 3221 2226 3267 3.
2257 3216 2422 3267 Livia.

1536 3293 1818 3357 Auctorem]
1876 3292 1951 3343 Ut
2004 3293 2408 3349 Lacedaemonii,
2452 3289 2543 3356 qui

1471 3369 1661 3422 bonam
1683 3370 1995 3420 sententiam
2017 3371 2084 3420 ab
2110 3370 2347 3434 improbo
2382 3368 2544 3418 bomi-

1470 3462 1537 3498 ne
1562 3449 1613 3498 in
1632 3455 1815 3497 senatu
1835 3446 2050 3509 dictam,
2065 3447 2337 3510 jusserunt
2357 3460 2387 3494 a
2403 3443 2541 3495 bono

1469 3524 1658 3575 iterum
1682 3524 1810 3584 dici,
1832 3525 1987 3587 eique
2017 3523 2245 3573 inscribi.
2315 3521 2541 3584 Gellius,

1467 3609 1526 3652 et
1559 3602 1871 3652 Plutarchus
1908 3600 1960 3649 in
1987 3591 2252 3666 Praescept.
2274 3597 2544 3648 Gerendae

1469 3678 1624 3744 Reip.
1660 3680 1794 3742 Lips-
2372 3715 2381 3724 .

1535 3757 1823 3821 Auctorem]
1877 3757 1893 3784 ‘
1914 3758 2027 3808 Nec
2082 3767 2235 3818 poena
2288 3752 2541 3809 criminis,

1469 3834 1564 3881 sed
1588 3831 1787 3882 factum
1813 3829 2162 3896 displicebat?
2207 3827 2374 3880 Tacit.
2396 3828 2542 3881 Hist.

1472 3922 1538 3959 ιι.
1562 3912 1642 3958 10.
1676 3909 1831 3958 Beru.
2292 3936 2297 3943 -

1537 3987 1796 4034 Auctorem
1838 3979 2157 4046 displicuisse]
2215 3981 2345 4031 Cum
2397 3982 2539 4046 apud

1473 4059 1899 4111 Lacedaemeuios
1921 4061 2071 4109 homo
2095 4058 2305 4124 quidam
2343 4060 2358 4086 ‘
2376 4061 2542 4124 turpi·

1472 4137 1656 4189 tudine
1675 4137 1910 4201 pristinas
1928 4139 2053 4189 vitas
2073 4134 2512 4190 defamatissimus
2527 4135 2541 4158 '

1473 4214 1728 4279 optimum
1773 4229 1871 4278 pro
1914 4228 1971 4264 re
2014 4213 2225 4278 publica
2264 4213 2538 4263 consilium

1472 4295 1791 4362 protulisset,
1810 4293 2025 4360 placuit,
2048 4300 2104 4343 ut
2126 4290 2264 4357 quod
2283 4291 2395 4356 ipse
2422 4303 2541 4356 pro-
