3017 4942
530 362 667 443 958

535 530 711 582 errata
726 521 1067 574 librariorum.
1099 524 1253 574 Ideni.

529 654 535 669 Ι
599 599 931 650 Sedeatariam
950 601 1235 650 assentiendi
1251 599 1600 664 necessitatem]

529 673 642 733 Sub
665 675 809 725 malis
835 676 1157 741 principibus
1192 691 1406 727 necesse
1439 677 1599 727 babe-

537 750 664 800 bsnt
703 762 992 819 senatores,
1013 756 1245 820 quamvis
1274 755 1447 816 inviti,
1479 769 1597 806 cnm

533 839 828 892 censerent,
865 832 1103 880 assentiri
1145 833 1230 881 uni
1275 832 1367 893 illi,
1401 833 1487 896 qui
1532 848 1599 881 ex

534 905 827 968 composito
867 906 918 955 id
958 907 1127 974 unice,
1158 908 1292 972 quod
1319 909 1599 958 voluissent

533 978 571 1028 ii
616 980 891 1045 principes.
925 993 1217 1034 censuerat.
1283 985 1452 1035 Vocat
1491 987 1599 1036 Pli-

532 1055 649 1107 nius
672 1062 851 1107 manns
883 1062 934 1108 et
962 1062 1282 1110 sedentariam
1311 1061 1600 1112 essentiendi

531 1134 872 1190 necessitatem,
889 1149 920 1185 a
941 1135 1095 1186 modo
1109 1140 1422 1187 assentiendi
1439 1154 1455 1189 s
1478 1140 1599 1202 quia

532 1209 673 1273 apud
699 1211 960 1260 Romanos
982 1212 1034 1261 in
1068 1223 1253 1264 senatu
1292 1215 1596 1277 interrogati

531 1286 842 1336 sententiam
865 1288 1018 1338 variis
1039 1291 1203 1341 modis
1229 1306 1490 1341 assensum
1513 1308 1599 1341 su-

529 1376 618 1412 nm
655 1356 945 1427 proebuere.
1011 1366 1389 1430 complectitur
1419 1369 1598 1431 plures

530 1452 702 1488 mores
728 1440 983 1505 Vopiscus
1018 1441 1071 1491 in
1110 1440 1417 1507 Aureliano,
1448 1459 1496 1493 c.
1517 1449 1598 1497 20.

531 1519 549 1544 ‘
574 1515 893 1582 Interrogati
927 1521 1160 1584 plerique
1195 1531 1463 1572 senatores
1484 1538 1598 1572 sen·

530 1599 722 1644 tentias
740 1596 986 1648 dixerunt
1006 1614 1021 1660 ς
1061 1599 1271 1660 deinde,
1285 1601 1397 1649 aliis
1417 1616 1597 1651 manus

530 1673 940 1736 porrigentibus,
976 1675 1091 1724 aliis
1133 1676 1356 1738 pedibus
1387 1679 1441 1726 in
1482 1693 1598 1727 sen·

528 1750 750 1799 tentiam
795 1751 1057 1812 euntibus,
1112 1753 1375 1817 plerisque
1438 1755 1597 1805 verbo

528 1828 993 1892 consentientibus,
1027 1831 1292 1881 conditum
1328 1838 1408 1881 est
1449 1847 1599 1883 sena·

528 1910 942 1967 tusconsultum.’
1005 1913 1262 1963 Nimirum
1308 1923 1599 1976 senatores,

524 1984 621 2046 qui
643 1984 950 2049 interrogati
974 1991 1285 2040 sententiam
1310 1992 1487 2041 dicere
1509 2008 1597 2042 vo-

527 2059 727 2117 lebant,
750 2064 1103 2127 exsurgebant
1120 2081 1150 2116 e
1174 2069 1276 2116 suis
1300 2068 1599 2124 sedibus‚et

528 2144 731 2187 stantes
751 2138 1028 2202 dicebant3
1064 2150 1137 2202 at,
1159 2158 1275 2193 cum
1305 2145 1512 2194 dicendi
1537 2146 1596 2195 fi-

527 2225 645 2262 nem
669 2211 939 2279 fecissent,
960 2218 1282 2268 adsidebant.
1330 2221 1466 2271 Inde
1482 2223 1596 2272 Sal·

525 2289 651 2340 lust.
684 2291 841 2342 Catil.
882 2305 958 2343 ιι.
993 2298 1043 2343 l.
1098 2295 1419 2361 ‘Postquam
1459 2298 1598 2348 Cato

527 2364 774 2417 adsedit!
815 2369 951 2422 Quia
975 2385 1100 2421 vero
1122 2387 1222 2421 non
1245 2388 1421 2422 omnes
1445 2389 1595 2425 sena·

527 2447 668 2497 tores
690 2444 847 2508 longa
867 2447 1099 2496 oratione
1123 2447 1365 2499 dicebant
1388 2458 1594 2500 senten·

526 2517 650 2568 tiam
673 2535 690 2578 ς
724 2520 930 2583 plurimi
950 2523 1068 2573 huic
1086 2525 1300 2575 alterive
1321 2527 1593 2578 sententiae

517 2595 632 2659 jam
670 2596 825 2647 dictae
858 2603 874 2627 ⁸
901 2601 1389 2664 assentiebantur3’
1434 2604 1593 2667 idque

526 2671 789 2738 sedentes,
824 2676 904 2725 vel
940 2691 1044 2727 uno
1080 2678 1262 2742 verbo,
1284 2680 1300 2707 ‘
1326 2678 1593 2730 adsentio’

525 2749 777 2816 paucisve
808 2751 948 2801 -aliis
1003 2755 1373 2816 pronunciatis.
1438 2756 1593 2807 Idem

522 2825 736 2878 Sallust.
762 2828 915 2878 Catil.
938 2842 1037 2880 ιιι.
1059 2833 1108 2879 1.
1140 2833 1155 2860 ⁸
1176 2832 1457 2897 Postquam
1477 2834 1591 2883 Cte-

523 2915 611 2951 sar
631 2903 841 2954 dicendi
862 2904 1015 2956 finem
1040 2905 1191 2970 fecit,
1213 2910 1377 2958 ceteri
1412 2910 1594 2969 verbo,

523 2975 653 3029 nlius
690 2978 797 3041 alii,
819 2982 959 3031 varie
998 2985 1455 3036 assentiebantur.’
1511 2987 1592 3036 Si·

521 3052 819 3119 militerque
865 3057 881 3084 ‘
912 3059 1199 3120 sedentes,'
1240 3069 1334 3113 aut
1374 3063 1392 3091 ‘
1427 3067 1595 3121 nutu,’

524 3136 617 3179 ant
650 3138 667 3161 ‘
693 3139 932 3194 porrecta
968 3143 1025 3183 et
1060 3138 1264 3187 elevata
1296 3153 1470 3196 manu,
1472 3139 1487 3162 '
1513 3155 1591 3188 as-

523 3218 728 3257 sensum
745 3222 889 3256 suum
909 3209 1285 3272 significabant.
1321 3215 1430 3264 Cic.
1444 3216 1592 3265 Fam.

523 3295 579 3333 v.
599 3286 653 3332 2.
704 3283 722 3311 ‘
746 3284 905 3334 Nulla
927 3294 1008 3336 est
1044 3301 1075 3336 a
1113 3303 1196 3338 me
1233 3304 1452 3353 unquam
1476 3307 1591 3341 sen·

525 3357 696 3408 tentia
717 3358 859 3411 dicta
897 3361 950 3409 iu
992 3360 1208 3413 fratrem
1249 3373 1426 3427 tunm3
1464 3383 1591 3429 quo-

522 3433 830 3497 tiescunque
859 3437 1050 3501 aliquid
1086 3444 1169 3489 est
1194 3447 1386 3504 actum,
1405 3442 1593 3494 sedens

520 3508 584 3558 iis
602 3512 815 3568 assensi,
851 3513 939 3575 qui
964 3514 1084 3563 mibi
1113 3516 1372 3566 lenissime
1394 3520 1593 3569 sentire

524 3585 618 3639 ,visi
656 3587 812 3639 sunt!
868 3589 1040 3640 Tacit.
1076 3592 1216 3642 Hist.
1253 3606 1328 3642 tv.
1361 3596 1414 3644 4.
1469 3597 1485 3622 ⁸
1514 3596 1591 3645 Ea

522 3663 692 3726 omnia
718 3664 949 3714 Valerius
979 3666 1260 3730 Asiaticus,
1291 3671 1470 3719 consul
1496 3670 1590 3726 de-

519 3737 779 3801 signatus,
801 3742 1023 3793 censuit.
1093 3743 1270 3794 Ceteri
1304 3747 1452 3796 vultu
1480 3763 1588 3798 ma·

520 3825 726 3878 nuque;
765 3817 936 3880 pauci,
956 3818 1142 3881 quibus
1167 3822 1452 3884 conspicua
1475 3824 1592 3886 dig-

519 3888 672 3952 nitas,
695 3897 786 3940 aut
821 3891 1080 3955 ingenium
1110 3896 1411 3961 adulatione
1436 3914 1590 3950 exer-

520 3965 700 4023 eitum,
727 3971 1028 4033 compositis
1058 3974 1377 4025 orationibus
1414 3992 1589 4027 assen-

520 4041 826 4092 tiebantur!
891 4045 996 4095 Sed
1042 4053 1098 4096 et
1144 4049 1248 4110 alii,
1295 4051 1405 4100 sine
1442 4051 1589 4101 dicta

521 4120 800 4175 sententia,
826 4120 1044 4182 pedibus
1069 4138 1124 4172 se
1148 4124 1494 4175 conferebant
1518 4125 1584 4175 ad

520 4206 696 4241 eorum
722 4203 916 4256 partes,
932 4197 1116 4260 quibus
1137 4202 1581 4252 assentiebantur:

521 4269 660 4323 unde
684 4268 811 4319 dicti
835 4280 975 4337 sunt,
996 4281 1010 4301 ‘
1036 4273 1152 4336 ire,’
1187 4276 1298 4329 sire
1322 4278 1338 4303 ‘
1360 4278 1584 4342 pedibus

1225 381 1447 435 801·AE
1499 380 1905 433 mmmmm
1956 382 2041 434 ΙΝ

1673 523 1786 593 ire,’
1806 522 1951 574 slve‘
1971 524 2247 575 discedere
2284 526 2336 576 in
2369 524 2588 589 alicujus
2622 539 2731 575 sen-

1673 600 1926 662 tentiam,’
1950 601 1966 628 ‘
1986 601 2241 652 accedere
2265 603 2460 660 alicui‚’
2478 606 2582 652 διο.
2625 604 2733 652 Sal-

1669 678 1795 729 lust.
1818 678 1975 729 Catil.
1995 690 2044 729 1..
2066 682 2118 730 4.
2147 682 2165 709 ‘
2188 681 2319 729 Tum
2339 680 2408 729 D.
2423 679 2613 731 Junius
2635 679 2733 728 Sil-

1670 755 1840 818 lanus,
1886 756 2077 819 primus
2131 756 2446 805 sententiam
2505 764 2738 818 rogatus,

1671 831 1810 894 quod
1849 820 1912 882 eo
1949 841 2182 895 tempore
2218 834 2397 881 consul
2436 831 2734 896 designatus

1672 914 1807 968 erat,
1835 941 1850 958 .
1869 941 1918 958 ..
1946 909 2256 972 suppliciunt
2302 909 2610 958 sumendum
2649 908 2738 958 dc·

1670 994 1911 1034 creverat
1930 1000 1946 1034 ε
1970 985 2118 1050 isque
2138 993 2320 1048 postea
2341 994 2609 1048 permotus
2626 998 2739 1033 ora-

1670 1061 1814 1110 tione
1837 1062 1899 1111 C.
1925 1062 2161 1124 casaris,
2183 1063 2405 1125 pedibus
2437 1062 2491 1112 in
2528 1066 2739 1111 senten-

1671 1137 1798 1186 tiam
1841 1138 1958 1188 Tib.
1994 1139 2216 1189 Neronis
2252 1140 2444 1188 iturum
2490 1153 2551 1188 se
2594 1137 2739 1186 dixe·

1672 1211 1787 1262 rat!
1852 1211 1936 1262 Au
1960 1228 2114 1277 quem
2137 1216 2309 1264 locum
2334 1213 2453 1264 vide
2484 1213 2738 1263 Curtium.

1670 1288 1786 1338 Liv.
1812 1301 1994 1340 xxvn.
2019 1293 2102 1339 34.
2121 1292 2137 1319 ‘
2155 1291 2415 1341 Censores
2437 1291 2518 1339 Μ.
2532 1289 2736 1339 Livium

1670 1363 1855 1427 (autea
1892 1365 2231 1429 ignominiose
2265 1365 2601 1429 damnatum)
2626 1375 2737 1416 ton-

1671 1438 1803 1504 deti,
1846 1446 1902 1490 et
1937 1443 2231 1505 squalorem
2267 1441 2561 1504 deponere,
2591 1449 2650 1492 et
2686 1442 2734 1490 in

1670 1524 1909 1566 senatum
1942 1517 2139 1580 venire,
2160 1552 2174 1568 .
2192 1551 2207 1568 .
2232 1548 2249 1567 .
2267 1516 2578 1581 co‘e'gerunt.
2634 1517 2736 1567 Sed

1670 1599 1780 1641 tum
1805 1607 2028 1658 quoque,
2052 1602 2141 1643 aut
2155 1594 2316 1643 verbo
2334 1594 2736 1658 assentiebatur,

1671 1676 1762 1718 aut
1788 1670 2004 1732 pedibus
2018 1671 2069 1719 in
2088 1673 2402 1721 sententiam
2421 1672 2555 1736 ibat,
2575 1672 2736 1723 donec

1671 1746 1878 1807 cognati
1910 1748 2129 1796 hominis
2158 1763 2273 1798 eum
2298 1763 2482 1798 caussa
2507 1757 2736 1799 stantem

1670 1822 1847 1886 coegit
1872 1824 1923 1872 in
1958 1833 2141 1873 senatu
2176 1826 2492 1875 sententiam
2527 1823 2737 1875 dicere!

1672 1900 1719 1949 E
1741 1901 1925 1964 quibus
1959 1901 2087 1949 satis
2117 1901 2393 1962 intelliges,
2421 1914 2516 1949 cur
2538 1901 2736 1950 Plinius

1668 1982 1868 2039 mutam,
1888 1990 1979 2026 cur
1999 1979 2332 2040 sedentariam,
2361 1977 2563 2027 dixerit
2582 1992 2739 2027 ossen·

1669 2054 1825 2102 tien-di
1844 2055 2187 2104 necessitatem.
2252 2053 2398 2104 Alias
2421 2054 2586 2105 etiarn
2623 2055 2643 2082 ⁴
2662 2069 2738 2104 se·

1670 2130 1925 2180 dentarii’
1969 2132 2185 2195 opifices
2223 2131 2486 2193 dicuntur,
2534 2132 2628 2196 qui
2661 2145 2737 2180 se·

1672 2207 1842 2256 dendo
1864 2223 2074 2270 operam
2098 2223 2236 2257 suam
2254 2215 2533 2271 peragunt.
2581 2208 2736 2272 Inep-

1672 2285 1712 2334 ti
1752 2285 1946 2334 librarii
1990 2287 2121 2336 hanc
2156 2300 2337 2336 vocem
2370 2286 2522 2337 varie
2565 2300 2736 2337 corru-

1671 2375 1797 2424 pere
1823 2362 1960 2424 apud
1986 2362 2245 2413 Pliniumz
2276 2365 2327 2410 in
2350 2361 2542 2412 codice
2564 2364 2737 2412 Vene-

1671 2445 1727 2487 to
1748 2438 2070 2498 edentariom5
2104 2439 2159 2488 in
2194 2438 2574 2503 salisburgensi
2596 2440 2737 2490 silea·

1670 2516 1883 2572 tiarium,
1902 2517 1953 2565 iu
1975 2531 2089 2566 meo
2104 2517 2443 2579 redentionem,
2462 2515 2737 2566 effinxere·

1666 2593 1755 2643 Sic
1787 2602 1843 2643 et
1878 2595 1927 2644 in
1960 2594 2390 2645 antecedentibus
2420 2594 2624 2653 verbis,
2649 2595 2736 2644 sni·

1665 2684 1794 2719 seros
1838 2671 1963 2732 illos,
1997 2684 2280 2735 pronomen
2315 2672 2420 2719 illos
2458 2671 2517 2722 in
2546 2671 2732 2723 codice

1669 2745 1995 2810 Guelpherb.
2037 2749 2322 2810 omissnm3
2359 2755 2416 2798 et
2454 2764 2554 2812 pro
2582 2748 2733 2814 primi

1666 2822 2106 2886 interrogabantur,
2128 2827 2379 2889 scriptum
2407 2833 2489 2875 est
2519 2831 2732 2890 priam

1663 2899 2100 2961 interrogabantur.
2164 2901 2233 2950 In
2259 2903 2602 2965 sequentibus
2625 2919 2733 2953 ver.

1669 2974 1767 3035 bis,
1788 2988 1885 3038 pro
1916 2976 2075 3027 verbo
2098 2974 2504 3041 perpetiebantur,
2535 2981 2732 3032 Putem

1668 3051 1815 3101 lanus
1838 3051 2002 3101 edidit
2013 3054 2294 3116 petebantur
2306 3064 2328 3112 3
2351 3062 2407 3105 et
2422 3072 2573 3121 seque
2587 3073 2731 3109 men·

1667 3127 1794 3176 dose
1817 3129 2054 3179 librarius
2075 3131 2129 3180 in
2150 3131 2332 3181 codice
2347 3132 2611 3184 Patavino
2621 3150 2729 3199 per·

1661 3204 1975 3271 petr-oboritur
1995 3208 2246 3272 reposuit.
2280 3208 2433 3259 Idem.

1730 3281 2085 3346 Sedentariam]
2128 3284 2260 3334 Cum
2305 3299 2404 3334 nec
2440 3286 2727 3351 interroga·

1666 3366 1866 3417 rentur,
1899 3374 1997 3409 nec
2018 3366 2295 3423 surgerent
2322 3360 2388 3410 ad
2413 3362 2727 3424 dicendum3

1663 3435 1755 3484 sed
1794 3450 1892 3486 nec
1926 3436 2015 3499 (ut
2052 3437 2102 3486 in
2149 3436 2379 3499 pluribus
2424 3439 2726 3504 sententiis)

1666 3513 1914 3564 discessio
1928 3514 2096 3564 tieret.
2127 3515 2143 3542 ‘
2158 3515 2415 3565 Sedentes
2430 3510 2446 3532 ’
2466 3517 2630 3580 igitur
2646 3532 2723 3567 as-

1666 3588 2023 3639 sentiebantur
2046 3606 2063 3641 s
2114 3593 2405 3653 quomodo?
2444 3607 2596 3643 manu
2635 3601 2723 3643 sut

1664 3681 1814 3717 voce.
1882 3669 2221 3732 Nempe*illa
2253 3669 2477 3727 sublata,
2502 3680 2559 3720 et
2591 3671 2722 3720 hanc

1665 3744 1719 3793 in
1748 3759 1902 3794 unum
1938 3745 2151 3794 verbum
2173 3745 2455 3809 solventes,
2483 3746 2500 3772 ⁴
2520 3744 2716 3797 Assen-

1666 3820 1780 3877 tio,’
1804 3828 1937 3871 aut‘
1957 3820 2147 3871 Idem!
2176 3821 2316 3885 Lips-

1734 3899 1868 3948 Unus
1909 3895 2148 3962 solusque]
2193 3897 2243 3947 A
2287 3898 2520 3962 principe
2546 3870 2719 3964 jussus

1661 3977 1824 4039 loqui,
1841 3974 2061 4039 ideoque
2081 3976 2235 4024 etiam
2252 3976 2561 4026 sententiam
2579 3991 2717 4025 sustu

1661 4051 2002 4116 pronuntiare
2019 4058 2230 4100 coactus
2254 4050 2319 4100 ad
2340 4051 2568 4116 ejusdem
2587 4067 2716 4102 men-

1661 4134 1787 4189 tem,
1833 4141 1986 4192 quam
2022 4127 2142 4176 inde
2179 4141 2356 4176 omnes
2390 4130 2539 4191 sequi
2575 4135 2713 4178 tene·

1661 4204 1867 4263 bantur,
1890 4219 1982 4257 seu
2013 4203 2251 4267 pedibus,
2286 4219 2375 4253 seu
2411 4213 2565 4265 vot03
2601 4221 2714 4255 cum

1662 4287 1833 4329 tamen
1862 4280 2065 4331 interne
2098 4279 2317 4331 eandem
2349 4279 2714 4344 improbarent,
