3017 4942
738 423 802 474 o.
848 421 1093 473 enum
1132 421 1481 475 sacuam
1532 422 1810 475 ranno.
1835 425 1933 487 ,1.
1963 407 2071 474 70.

291 565 412 615 date
432 565 503 621 ed
527 569 775 628 aequales
806 566 1027 626 bonone,
1046 581 1190 632 qaam
1206 580 1373 633 perac-

288 647 406 692 tos?
458 644 676 706 Verum,
704 646 877 695 amico
908 647 1127 710 placuit,
1158 645 1373 695 dimisso

296 721 465 771 verbo
496 721 666 783 liquet,
695 724 954 772 medelam
993 724 1148 788 hujus
1184 723 1287 774 loci
1319 723 1372 772 in

300 797 565 859 particula
600 798 762 859 magis
793 813 1047 864 quaerere,
1086 806 1141 850 et
1163 801 1296 850 banc
1317 800 1370 849 iu

298 874 515 923 verbum
534 875 685 924 mavis
705 886 1058 939 commutare,
1042 893 1056 906 ·
1089 877 1231 940 quod
1256 891 1372 926 ver·

296 949 423 999 bum
438 948 698 1000 referatur
712 950 777 1000 ad
788 952 912 1016 Traj
920 966 1091 1008 anum,
1101 952 1239 1002 sicut
1258 966 1372 1014 pro·

295 1027 495 1076 ximum
516 1028 733 1078 verbum
754 1029 1020 1088 remisisti5
1046 1035 1104 1079 ut
1127 1030 1205 1080 sic
1230 1029 1370 1093 lega·

300 1112 391 1153 tur
421 1104 509 1153 bic
543 1105 708 1162 locus,
749 1107 817 1155 Et
849 1107 1032 1171 alioqui
1062 1107 1189 1156 nihil
1219 1105 1370 1156 mee&

294 1181 522 1243 prodesse
541 1183 815 1243 candidato,
829 1185 913 1245 ᾃσ.
972 1183 1094 1235 Quo
1118 1182 1370 1246 remedio,

300 1263 359 1307 et
392 1273 495 1322 qua
524 1258 902 1320 emendatione,
937 1259 1065 1308 nihil
1101 1259 1271 1308 eredit
1293 1258 1368 1307 le·

299 1333 420 1383 nius
455 1335 744 1398 excogitari
779 1349 967 1399 posse3
999 1349 1118 1385 cum
1143 1348 1245 1384 non
1268 1333 1368 1384 nisi

298 1409 456 1460 unica
502 1411 672 1468 litera,
735 1426 792 1477 g,
840 1413 895 1463 in
937 1427 971 1462 ιι
1011 1419 1369 1463 convertatur.

294 1488 390 1537 Sic
413 1503 538 1536 vero
559 1490 756 1539 nullum
790 1498 979 1540 novum
1021 1491 1236 1539 verbnm
1273 1490 1366 1539 ali-

297 1564 440 1614 unde
477 1566 697 1616 adscisci
741 1567 854 1628 ait;
887 1567 961 1616 sic
997 1567 1189 1615 nullam
1231 1566 1365 1615 inso-

295 1642 498 1691 lentem
549 1642 795 1706 loquendi
840 1640 1110 1692 formulam
1153 1642 1364 1692 obtrudi

292 1717 505 1780 Plinio3
539 1719 616 1769 sic
635 1720 824 1769 nullius
838 1719 1057 1769 nominis
1079 1734 1253 1769 casnm
1273 1720 1366 1769 im·

297 1793 491 1842 mutari
511 1808 528 1854 3
551 1793 642 1842 sed
666 1795 836 1844 omnia
859 1795 1021 1844 Plinii
1045 1795 1205 1844 verba
1229 1795 1364 1859 opti·

286 1881 383 1919 ane
415 1871 698 1932 eobaerere,
730 1872 1044 1936 dignamque
1075 1879 1226 1922 tanto
1249 1886 1362 1921 ora-

299 1952 417 1995 tore
440 1949 753 1997 sententiam
781 1949 1125 1998 constituere.
1197 1949 1366 1999 Nemo

290 2030 475 2072 autem
511 2025 739 2088 negabit,
775 2025 1011 2075 librarios
1047 2033 1253 2075 veteres
1287 2024 1360 2073 fa·

286 2096 492 2149 v{tzillime
524 2116 619 2164 pro
649 2102 802 2151 mavis
836 2116 1087 2166 reponere
1129 2103 1362 2166 potuisse

292 2177 471 2238 magis.
533 2177 712 2227 Simile
756 2186 984 2228 erratum
1020 2179 1130 2243 jam
1184 2193 1362 2243 supra,

290 2264 372 2302 n.
403 2258 455 2302 2.
486 2256 690 2307 sustuli.
754 2255 852 2320 At,
878 2256 1114 2321 quamvis
1136 2257 1262 2305 satis
1286 2257 1362 2305 in-

289 2328 516 2392 geniosa
533 2331 601 2380 sit
625 2332 737 2381 haec
759 2331 1077 2388 emendatio,
1101 2347 1164 2381 ea
1187 2340 1361 2382 tamen

288 2405 420 2456 mihi
456 2408 682 2458 noudum
724 2408 1020 2477 satisfacit,
1058 2418 1361 2473 propterea,

292 2482 439 2547 quod
474 2485 709 2547 proxime
745 2485 796 2534 in
832 2487 1018 2535 eodem
1055 2493 1361 2550 argumento

292 2560 554 2623 sequitur,
580 2561 696 2611 Volo
729 2576 837 2624 ego.
906 2563 1022 2613 Nec
1058 2563 1295 2626 prodest,
1317 2562 1361 2611 si

292 2638 520 2701 cogites,
552 2639 604 2687 in
642 2640 740 2697 bis,
770 2640 885 2689 loco
919 2641 1233 2703 pronominis
1255 2656 1362 2702 ego,

271 2712 437 2781 ‘forte
477 2714 752 2778 legendum
793 2730 907 2765 esse
938 2730 1069 2776 ergo.
1139 2717 1360 2766 Interim

288 2791 469 2846 ‚locum
492 2790 628 2839 hunc
655 2790 822 2841 adhuc
844 2791 959 2840 aliis
975 2790 1260 2840 sanandum
1280 2805 1361 2840 re-

291 2866 492 2932 linquo,
526 2867 648 2915 dum
680 2869 895 2916 verbum
926 2867 1123 2931 [liquet]
1161 2867 1361 2916 uncinis

288 2943 554 2997 inclusum
576 2942 819 2992 exhibeo.
855 2942 1100 2992 Senium.

361 3019 509 3070 Nihil
528 3019 684 3080 magis
701 3020 920 3082 prodesse
937 3020 1192 3068 candidato
1206 3020 1275 3071 ad.
1287 3034 1362 3068 se·

290 3101 488 3159 quates
530 3095 747 3159 honores,
780 3110 922 3158 qaam
952 3095 1193 3158 peractos]
1228 3098 1359 3145 Ver·

291 3172 412 3221 bum
427 3173 650 3235 prodesse
670 3172 841 3221 innuit
870 3171 1102 3221 voculam
1127 3173 1355 3236 aliquam

290 3248 517 3310 deesse;
556 3257 615 3298 at
648 3248 773 3298 illud
802 3255 1022 3311 peraeto·
1058 3251 1358 3299 mutandum

286 3326 503 3376 omnino
544 3326 599 3374 in
630 3331 890 3390 peracta&
924 3325 1360 3389 quemadmodum

288 3401 422 3452 item
476 3402 752 3454 videbatur
813 3402 1111 3452 acutissimo
1154 3402 1361 3466 judicio

288 3478 590 3542 Bongarsii·
624 3480 775 3530 (ἔναιε.

360 3556 520 3611 ρκαυι
545 3554 785 3617 peractos]
818 3555 988 3607 Locus
1022 3555 1111 3605 hic
1149 3553 1359 3605 ‘videba-

288 3637 385 3680 tur
403 3632 519 3681 aliis
554 3631 841 3692 obscurus3
876 3638 937 3680 at
971 3631 1083 3680 sine
1117 3632 1222 3683 ulla
1248 3646 1358 3681 ver-

202 3706 214 3719 '
292 3706 478 3757 borum
498 3709 809 3764 mutatione,
837 3708 1039 3757 variata
1060 3714 1260 3758 tantum
1284 3709 1358 3756 in·

290 3784 683 3848 terpunctione,
739 3784 1052 3834 illustratur.
1119 3783 1358 3834 Proebuit

288 3860 465 3913 lucem
502 3861 667 3911 editio
699 3860 1010 3909 Parisiensis
1044 3873 1129 3908 an.
1157 3865 1304 3923 1655.
1328 3873 1360 3908 a

288 3951 399 3999 qna
418 3936 582 3986 solum
615 3935 852 3993 discessi,
888 3935 1029 3999 quod
1050 3935 1357 3984 adverbium

273 4013 464 4076 ‚optime
484 4013 605 4062 liuic
620 4012 837 4076 periodo
852 4012 1061 4062 retinui.
1094 4013 1313 4063 Patarol.

362 4088 482 4139 Volo
502 4089 615 4151 ego]
665 4089 730 4138 In
750 4102 870 4138 meo
896 4085 1096 4142 codice,
1135 4096 1188 4138 et
1223 4088 1275 4137 in
1300 4087 1359 4141 li·

288 4163 389 4215 bro
423 4164 703 4224 Vossiano,
736 4164 851 4215 loco
887 4162 1206 4226 pronominis
1251 4177 1358 4224 ego,

289 4254 358 4291 ex
383 4240 581 4303 vulgari
606 4240 931 4289 librariorum
953 4253 1130 4288 errore
1158 4239 1360 4299 inveni·

280 4323 378 4371 atur
420 4318 686 4384 particula
720 4330 856 4381 ergo,
905 4315 993 4368 cui
1027 4329 1152 4367 vero
1195 4317 1362 4389 recla-

2373 407 2518 479 919

1450 572 1598 617 mant
1618 567 1785 619 ceteri
1802 565 1923 617 libri
1944 581 2138 617 omnes.
2204 565 2391 628 Putes,
2407 565 2522 619 Pli-

1448 645 1612 707 nium,
1644 660 1762 695 cum
1796 646 1909 699 baec
1954 646 2228 709 scriberet,
2263 645 2315 694 in
2347 645 2519 698 animo
2585 635 2596 643 ’

1446 721 1693 772 habuisse
1717 723 1885 771 locum
1910 722 2023 772 Cic.
2045 736 2140 785 pro
2165 722 2224 771 L.
2256 721 2518 783 Muraena,

1445 811 1567 861 cap.
1601 802 1686 848 21.
1718 800 1733 826 ⁸
1752 798 2040 849 Petitorem
2073 813 2193 861 ego,
2224 799 2519 862 praesertim

1446 867 1763 935 consulatus,
1786 889 1974 938 magna
1996 889 2108 938 spe,
2126 890 2311 939 magno
2329 877 2519 931 animo,

1444 953 1646 1014 magnis
1668 952 1855 1016 copiis,
1874 960 1931 1001 et
1953 953 2003 1000 in
2029 950 2198 1001 forum
2223 958 2279 1002 et
2304 953 2355 1005 in
2378 966 2518 1005 caut-

1444 1043 1567 1093 pum
1592 1028 1785 1079 deduci
1808 1026 1970 1090 volo,’
1988 1031 2092 1078 &c.
2124 1027 2369 1081 Schwarz.

1515 1106 1770 1155 Codicitlos
1797 1106 2082 1170 amicorum]
2118 1106 2165 1155 1.
2206 1120 2251 1155 e.
2284 1105 2516 1168 privatas

1440 1182 1920 1231 commendationes
1940 1188 1997 1231 et
2021 1181 2344 1231 laudationes
2365 1182 2413 1230 in
2431 1195 2519 1232 co·

1443 1256 1631 1307 dicillis
1669 1257 2005 1321 perscriptas·
2068 1258 2236 1307 Erant
2259 1256 2397 1306 enim
2430 1264 2516 1307 co·

1444 1333 1603 1383 dicilli
1636 1335 1849 1383 minoris
1886 1333 2066 1383 formae
2096 1333 2325 1390 codices.
2350 1348 2415 1385 ex
2439 1344 2518 1383 ta·

1444 1410 1599 1460 bellis
1633 1411 1826 1460 ceratis
1861 1411 2157 1474 compositi.
2193 1419 2209 1441 ‘
2232 1410 2514 1473 Codicilli‚’

1442 1488 1615 1552 inquit
1646 1488 1930 1538 Burmann.
1965 1489 2017 1537 in
2048 1485 2270 1551 Praefat·
2306 1487 2372 1536 ad
2409 1487 2512 1537 Pe·

1442 1565 1759 1627 tronium,ut
1779 1566 1893 1630 ipsa
1916 1579 2015 1614 vox
2040 1564 2166 1614 satis
2189 1561 2511 1620 efficit,‘z·.o·

1438 1641 1590 1692 dices
1631 1643 1837 1705 minuti,
1880 1647 1935 1691 et
1974 1640 2255 1704 pugillares
2294 1639 2513 1698 tabum,

1443 1733 1567 1769 cera
1600 1719 1747 1768 illitae
1780 1724 1951 1776 erant,
1985 1732 2111 1781 quas
2150 1717 2215 1766 ad
2254 1717 2511 1781 qnotidia-

1441 1808 1565 1845 num
1591 1809 1734 1843 usum
1757 1808 1929 1844 secum
1965 1792 2321 1854 circumferre,
2353 1798 2410 1842 et
2439 1791 2511 1845 ad

1440 1884 1645 1921 manum
1668 1870 1883 1927 habere,
1901 1870 2170 1931 solebant3
2190 1870 2376 1934 quibus
2402 1870 2511 1927 ina,

1438 1961 1559 2011 quai
1604 1945 1778 1995 subito
1834 1945 1888 1995 in
1938 1951 2162 1995 mentem
2208 1945 2512 2008 veniebant,

1440 2023 1565 2072 stilo
1587 2023 1839 2087 impresso
1862 2022 2181 2084 scribebant,
2208 2029 2264 2071 et
2285 2022 2419 2079 aliis.
2441 2022 2511 2075 ad

1438 2114 1568 2164 quos
1590 2113 1655 2149 ea
1678 2114 1759 2149 res
1787 2098 2106 2163 pertinebat,
2128 2098 2429 2163 mittebant,
2451 2105 2513 2149 nt

1438 2176 1584 2225 vices
1627 2177 1965 2241 epistolarum
2018 2176 2099 2224 vel
2149 2175 2512 2228 mandatorum

1440 2259 1676 2316 agerent.
1739 2253 1847 2309 Sic,
1870 2251 1961 2301 ubi
1978 2251 2180 2307 charta,
2194 2251 2514 2315 membrana,

1438 2337 1495 2378 et
1536 2335 1905 2393 atramentum,
1942 2343 2048 2379 non
2088 2327 2320 2389 adesset,
2360 2337 2420 2383 ut
2449 2328 2513 2379 in

1437 2405 1646 2461 itinere,
1671 2406 1722 2453 in
1746 2419 1915 2465 cinna,
1944 2406 1999 2454 in
2022 2412 2224 2466 senatu,
2245 2404 2514 2469 hujusmo-

1439 2481 1493 2530 di
1515 2483 1768 2532 codicillis
1793 2482 2092 2531 utebantnr.
2141 2481 2280 2531 Hinc
2303 2488 2512 2546 quoque

1439 2558 1667 2611 codicilli
1701 2573 1844 2622 saepe
1876 2573 1972 2622 pro
2008 2558 2245 2621 epistolis
2277 2570 2377 2606 non
2401 2559 2512 2609 lon-

1436 2636 1537 2700 gis,
1573 2635 1671 2685 sed
1707 2635 2051 2695 brevioribus,
2086 2634 2350 2695 dicuntur,
2389 2648 2508 2697 quae

1438 2726 1540 2763 non
1563 2712 1627 2762 ad
1652 2711 1916 2772 absentes,
1951 2709 2046 2759 sed
2074 2709 2127 2759 in
2151 2708 2333 2777 eadem
2359 2710 2510 2766 urba„

1439 2791 1521 2838 vel
1553 2796 1698 2837 certe
1728 2787 2044 2840 suburbano.
2073 2795 2336 2835 morantes
2365 2786 2510 2837 mitti

1436 2866 1593 2914 moris
1616 2863 1770 2915 erat.'
1805 2862 2063 2914 conferas
2083 2862 2288 2913 Manut.
2307 2862 2373 2912 ad
2396 2863 2509 2914 Cic.

1438 2942 1585 2993 Fam.
1607 2956 1684 2992 iv.
1708 2946 1789 2992 12.
1815 2955 1896 2990 ix.
1915 2945 1999 2991 26.
2032 2939 2187 2989 Idem.

1505 3019 1788 3083 Codicinos]
1828 3019 2069 3069 Privatas
2090 3016 2509 3069 laudatiunculas

1438 3097 1824 3159 interpretatur
1866 3093 2091 3157 Lipsius.
2157 3094 2389 3143 Schedas
2428 3094 2509 3145 in*-

1434 3173 1613 3236 telligo
1656 3171 2051 3235 provincialium
2090 3169 2154 3219 ad
2195 3170 2506 3232 principem,

1432 3249 1624 3313 quibus
1645 3249 1811 3297 eidem
1848 3246 2196 3305 testimonium
2222 3246 2509 3296 redderent

1435 3327 1504 3375 de
1539 3340 1596 3375 re
1632 3325 1829 3389 optime
1860 3334 1895 3372 a
1933 3322 2159 3387 praeside
2192 3330 2359 3386 gesta.
2401 3322 2507 3374 Pa*-

1430 3403 1578 3450 ια’-οι.
2491 3418 2496 3423 ·

1500 3477 1782 3542 Codicillos]
1813 3476 2059 3526 Privatas
2074 3475 2507 3535 laudatiunculas,

1429 3554 1600 3618 qualis
1616 3554 1706 3603 illa
1720 3552 1958 3604 Martial.
1971 3552 2039 3602 ad
2053 3553 2189 3601 hunc
2205 3551 2505 3613 Trajanum,

1438 3642 1543 3679 ιιι.
1563 3634 1614 3678 9.
1647 3629 1786 3691 Lips.

1500 3704 1780 3767 codicillos]
1816 3704 1887 3753 Hi
1901 3698 2034 3753 'sunt
2058 3701 2357 3753 testimonia
2374 3701 2506 3750 ami·

1433 3794 1612 3830 eorum
1643 3778 1782 3829 bene
1815 3789 1980 3842 gestae
2024 3779 2323 3844 provinciae.
2359 3777 2505 3828 Arri*

1432 3872 1564 3909 anns
1600 3858 1876 3922 Epictetus
1907 3872 1995 3908 111.
2018 3863 2069 3907 9.
2094 3865 2246 3907 vocat
2277 3854 2504 3907 κωδικέλ·

1428 3943 1550 3985 λους
1576 3944 1634 3983 et
1661 3932 1920 3984 ravantum.
1985 3932 2186 3983 Similia
2219 3933 2393 3982 Tacit.
2425 3930 2502 3981 A·

1430 4011 1621 4076 gricol.
1644 4025 1763 4075 cap.
1788 4014 1840 4060 9.
1865 4017 1887 4040 ¹
1909 4010 2029 4060 Non
2053 4010 2239 4059 studiis
2267 4009 2504 4073 privatis,

1430 4103 1536 4138 nec
1557 4102 1625 4139 ex
1647 4088 1919 4138 commend
1928 4087 2097 4136 atione
2115 4093 2205 4136 aut
2225 4083 2504 4150 precibus!

1434 4165 1839 4228 Elegantissime
1876 4163 1927 4213 in
1951 4164 2081 4212 banc
2103 4176 2210 4211 rem
2236 4162 2500 4212 Ausonius

1432 4241 1580 4290 dese
1603 4242 1658 4291 in
1684 4242 1838 4290 Grat.
1859 4238 1982 4289 Act.
2006 4238 2077 4287 ,ad
2108 4238 2344 4289 Gratian.
2373 4251 2502 4301 pag.

1430 4321 1553 4370 251.
1575 4323 1589 4347 ⁴
1611 4317 1806 4371 Consul
1826 4330 1946 4382 ego,
1971 4315 2105 4381 Imp*
2121 4313 2505 4380 Auguste,mw-
