3017 4942
476 392 622 459 654

482 552 706 603 civitate
759 551 995 602 Romana
1049 549 1248 614 donati,
1289 553 1590 622 persolva,

483 628 630 694 bant,
684 630 889 694 qnando
942 643 1148 679 suornm
1200 629 1554 681 hereditatem

483 707 630 758 adire
682 706 948 758 volebant·
994 705 1186 764 ·Hanc
1236 709 1555 774 temperavit

482 785 683 846 Nerva,
724 792 781 835 et
825 785 988 849 magis
1026 785 1305 852 Trajanns,
1347 788 1555 837 Gratia·

481 873 578 912 nus
615 863 668 912 in
706 869 872 913 totum
908 864 1136 913 sustulit.
1200 862 1355 914 Adde
1388 861 1553 914 Auso·

482 938 627 987 nium
665 939 732 989 de
776 938 1055 1004 Gratiano,
1100 940 1451 1002 Capitolinum
1486 940 1556 990 de

480 1011 752 1064 Antonino
797 1015 1135 1079 Philosopho,
1178 1015 1349 1065 Paull.
1401 1017 1551 1068 Sent-

480 1090 573 1141 tib.
595 1104 674 1142 nr.
699 1092 782 1141 tit.
803 1093 913 1143 6.1.
940 1093 1035 1145 ult.
1069 1093 1134 1144 C.
1167 1093 1236 1144 de
1268 1093 1445 1143 edicto
1484 1095 1553 1143 D.

481 1166 653 1217 Hadr.
671 1168 782 1218 toll.
808 1169 929 1219 Aul.
949 1166 1037 1219 off.
1092 1170 1197 1223 Qui
1221 1170 1555 1234 colligebant,

479 1252 870 1309 procuratores,
914 1248 1170 1311 magistri,
1217 1247 1554 1313 promagistri

481 1322 631 1374 dieti.
686 1324 820 1376 Hoee
843 1324 989 1390 Lips.
1009 1326 1184 1377 Tacit.
1208 1326 1396 1375 Annei.
1422 1334 1554 1376 xnt.

480 1403 565 1450 ⁸1.
586 1408 696 1452 not.
715 1406 801 1452 98.
824 1403 1043 1452 Exeurs.
1064 1402 1127 1453 C.
1160 1399 1316 1454 Rern.

552 1475 811 1540 Vicesima]
846 1478 1161 1527 Vicesimum
1183 1478 1552 1537 hereditatum,

479 1557 538 1605 et
570 1554 882 1619 legatorum
917 1563 1122 1619 partem
1159 1556 1364 1606 solvere
1400 1562 1551 1607 tene-

479 1630 691 1691 bantur,
714 1635 803 1698 qni
841 1634 1009 1683 vocati
1038 1642 1187 1684 erant
1217 1638 1555 1684 testamento.

480 1710 711 1761 Sancivit
750 1709 1028 1774 Angustus,
1063 1709 1332 1762 referente
1374 1712 1550 1762 Dione

474 1785 569 1836 tib.
594 1800 682 1836 u.
702 1792 859 1850 atque
882 1787 1129 1836 innuente
1153 1787 1374 1837 Sueten.
1395 1801 1442 1837 c.
1465 1792 1550 1838 49.

472 1870 694 1914 coactns
725 1863 845 1913 hinc
879 1863 1168 1923 indigentia
1203 1865 1458 1928 pecunie,
1490 1866 1551 1915 il-

476 1939 582 1991 liuc
606 1955 817 2005 pressus
839 1941 990 2005 eopia
1012 1942 1261 1991 immensa
1286 1943 1550 1994 exercitu-

477 2031 586 2081 um,
625 2019 715 2083 qui
754 2018 1049 2068 necessario
1088 2017 1155 2067 ad
1200 2019 1404 2083 imperii
1441 2020 1550 2071 late

473 2093 579 2145 fusi
602 2096 819 2146 tutelam
844 2095 1015 2144 alendi
1038 2102 1207 2145 erant.
1270 2096 1432 2146 Plura
1458 2097 1550 2147 tri-

476 2168 625 2235 buta,
645 2171 712 2221 de
734 2185 948 2224 nurnero
968 2186 1200 2228 summat,
1224 2186 1329 2237 qna
1346 2180 1550 2224 consta·

477 2246 626 2306 bant,
660 2250 941 2305 nominata.
968 2249 1085 2298 olim
1122 2249 1379 2314 extitisse,
1401 2258 1549 2314 patet

478 2338 546 2374 ex
571 2325 869 2375 Historieis.
920 2325 1163 2389 Legimus
1182 2327 1336 2390 enirn,
1351 2336 1405 2376 et
1424 2342 1548 2392 qua-

477 2400 840 2467 dragesimam,
879 2410 935 2453 et
970 2404 1327 2463 centesimam,
1366 2412 1420 2454 et
1452 2404 1548 2455 dn-

477 2479 838 2541 centesimam,
876 2486 932 2530 et
970 2478 1270 2530 vicesimam
1294 2481 1548 2547 quintam,

475 2560 538 2605 nt
569 2555 705 2622 apud
737 2556 995 2620 Tacitum,
1018 2563 1076 2607 et
1100 2557 1323 2623 vectigal
1350 2560 1547 2608 venali·-

440 2637 445 2644 '
476 2646 562 2682 nm
584 2633 958 2698 mancipiorum
978 2650 1009 2683 a
1026 2635 1241 2685 Nerone
1262 2638 1549 2701 remissum,

471 2713 576 2761 διο.
652 2710 781 2761 Pari
825 2711 1176 2763 beneficentia
1212 2713 1547 2778 quadragesi·

474 2803 608 2839 nam
644 2789 766 2839 olim
807 2805 837 2840 a
867 2790 1040 2841 Galba
1072 2793 1360 2855 remissam,
1388 2793 1546 2843 docet

473 2881 732 2931 nummus,
764 2868 819 2919 in
853 2884 956 2934 quo
987 2870 1170 2919 literas
1194 2883 1248 2921 ιι.
1272 2883 1367 2921 ιι.
1401 2870 1419 2898 6
1441 2873 1545 2922 Re-

473 2944 679 2994 missatn
727 2944 1222 3009 Quadragesimam'
1272 2947 1545 2998 Tristanus

474 3019 720 3072 reddidit.
803 3022 1092 3071 clariorem
1136 3020 1303 3072 refert
1347 3023 1544 3074 Casa'n·

472 3096 593 3147 hou.
630 3097 697 3147 ad
727 3097 944 3149 Sueten.
979 3098 1135 3149 Galb.
1168 3112 1220 3149 c.
1245 3103 1326 3149 15.
1348 3102 1436 3150 nbi
1468 3102 1547 3151 in·

475 3181 640 3239 tegra
674 3174 916 3238 leguntur
947 3189 1125 3242 voees,
1154 3187 1544 3230 evannanesr·

476 3260 565 3303 ΜΔ
587 3263 846 3302 Remissa.
884 3252 1098 3302 Palm-ol.

480 3363 486 3369 -
552 3328 833 3393 folet-abile]
892 3328 1126 3381 Quidni?
1181 3345 1297 3382 curn
1346 3333 1545 3397 ‘gaudio

472 3404 607 3454 enim
631 3418 838 3469 semper
858 3403 1137 3471 fructuque
1151 3407 1413 3472 junctum.
1471 3412 1544 3461 Et

470 3480 560 3531 ubi
597 3481 828 3547 largiter,
862 3498 1006 3547 saepe
1044 3485 1332 3549 inopinato,
1366 3489 1541 3553 acqui·

470 3558 654 3621 rebas;
695 3559 817 3624 quid
857 3560 1033 3611 acerbi
1069 3562 1263 3628 aliquid
1299 3564 1541 3615 detrahi?

471 3637 647 3687 ‘'Mihi
680 3651 822 3703 sape
857 3638 1044 3688 mirum
1082 3639 1255 3703 hodie,
1278 3655 1396 3691 enm
1432 3649 1539 3691 tam

469 3714 634 3763 multa
656 3722 980 3779 qnaeruntnr,
1001 3715 1183 3766 odiosa
1202 3718 1383 3781 magis,
1398 3717 1538 3768 fruc-

472 3797 620 3839 tuosa
658 3791 863 3854 miuus3
906 3792 1005 3843 hoc
1043 3799 1146 3843 tarn
1188 3803 1449 3859 promtum
1483 3803 1542 3846 et

470 3865 677 3917 obvium
690 3881 852 3932 usqne
869 3869 1038 3919 adhuc
1052 3871 1383 3935 neglectum?
1401 3874 1541 3937 Lips-

537 3942 809 3994 Daataxet.
839 3944 1135 4008 extraneis).
1164 3946 1181 3975 ‘
1207 3948 1542 4013 Extraneus,'

470 4021 754 4070 secundnm
791 4022 1024 4087 Festum,
1047 4030 1128 4074 est
1157 4031 1174 4054 ‘
1195 4039 1261 4073 ex
1296 4026 1399 4074 alia
1434 4033 1538 4075 ter·

471 4107 550 4155 ra,
588 4096 732 4159 quasi
776 4099 1169 4162 exterranens3'
1221 4107 1280 4151 at
1322 4101 1539 4152 ‘extra-

469 4170 613 4234 rius,’
634 4172 721 4237 qni
741 4171 925 4223 ‘extra
946 4173 1139 4235 focum,
1161 4178 1538 4244 sacra,jnsque

470 4247 575 4299 sit.'
643 4248 800 4303 Quod
821 4249 1105 4303 discrimen
1126 4254 1170 4304 si
1196 4254 1386 4320 ubique
1418 4270 1538 4320 pro·

1189 405 1412 459 ⁸0⁰1·AE
1456 403 1874 458 vammum
1924 407 2010 459 m
2077 417 2082 424 ·

1633 552 1871 615 cederet,
1912 553 2013 607 hoc
2067 554 2185 605 loeo
2237 553 2414 620 potins
2453 555 2715 621 turmis,

1630 645 1787 696 qnam
1807 621 2076 688 cumeis,
2098 629 2235 683 foret
2256 631 2549 696 legendum.
2599 632 2713 682 Ne·

1633 722 1736 770 qne
1770 709 1907 758 enim
1941 706 2033 758 liic
2066 708 2132 758 de
2165 708 2427 770 mancis,
2461 717 2710 773 tanquam

1631 784 1697 834 de
1731 788 1929 835 exteris
1962 793 2017 835 et
2049 786 2359 848 peregrinis,
2387 800 2557 835 sermo
2593 793 2707 845 est3

1630 869 1816 926 utpote
1853 862 1960 929 qui,
1999 863 2078 912 uti
2107 871 2360 927 'expertes
2395 870 2547 912 erant
2569 862 2709 926 juris

1631 940 2010 990 connubiorum
2035 927 2400 995 Romanorum,
2420 947 2713 988 testamen:-

1630 1020 1823 1077 tornm,
1841 1016 2157 1080 aliorumque
2173 1016 2371 1080 jurium
2391 1016 2713 1078 Quiriti-ng

1626 1092 1704 1141 ita
1729 1107 1826 1143 nec
1843 1093 1907 1142 ad
1917 1093 2255 1144 ¹t'tittebantur
2273 1092 2339 1158 ad
2357 1092 2708 1144 hereditatem

1625 1169 1758 1219 rivis
1792 1170 2030 1234 Romani,
2064 1185 2165 1221 nec
2200 1169 2336 1226 adeo
2376 1169 2709 1233 pendendam

1627 1245 1892 1297 habebant
1931 1247 2247 1298 vicesimam.
2324 1246 2467 1297 Hinc
2504 1248 2711 1297 Seneca

1629 1322 1697 1374 de
1729 1323 1923 1376 Benes.
1953 1339 2030 1375 xv·
2055 1330 2137 1376 36.
2174 1325 2270 1384 ait,
2303 1325 2322 1354 6
2347 1321 2573 1374 Promisi
2609 1323 2709 1375 tibi

1627 1397 1786 1452 filiam
1809 1400 1862 1450 in
1885 1400 2307 1462 matrimoninm5
2342 1406 2525 1465 postea
2553 1415 2709 1465 pere·

1628 1478 1805 1540 grinus
1839 1478 2162 1543 apparuisti:
2199 1492 2300 1528 non
2327 1483 2408 1527 est
2435 1477 2558 1527 mihi
2586 1491 2707 1530 cnm

1628 1561 1813 1605 extero
1847 1553 2200 1607 connubium.’
2266 1555 2412 1606 Civis
2436 1555 2574 1605 enirn
2603 1556 2708 1605 Ro·

1627 1647 1810 1682 manns
1830 1647 1947 1685 esse
1966 1632 2211 1696 debebat,
2225 1634 2314 1698 qni
2334 1631 2709 1682 admitteretur

1628 1707 1696 1759 ad
1735 1709 1889 1761 Rom.
1920 1710 2213 1773 connubia3
2255 1709 2342 1775 qui
2379 1713 2705 1772 testareturg

1629 1787 1715 1837 cui
1745 1786 2009 1838 hereditas
2039 1794 2096 1838 et
2126 1789 2361 1848 legatum
2385 1786 2706 1850 relinquere·

1629 1871 1735 1927 tur,
1767 1866 1870 1915 διο.
1935 1865 2163 1914 Tantum
2196 1864 2280 1914 hie
2314 1878 2484 1913 sermo
2520 1871 2603 1913 est
2639 1863 2707 1913 de

1628 1941 1712 2006 iis,
1734 1943 1819 2007 qui
1854 1941 2065 2008 quidem
2085 1948 2271 1992 essent
2292 1942 2434 1992 eires
2460 1940 2707 1998 Romani,

1627 2017 1721 2068 sed
1757 2032 1861 2068 non
1900 2018 2194 2080 domestici,
2224 2017 2561 2083 eiusdemque
2594 2015 2706 2068 foci

1627 2103 1682 2147 et
1716 2109 1976 2146 sacrorum
2009 2096 2312 2161 participes,
2342 2094 2441 2145 boe
2474 2101 2577 2155 est,
2599 2109 2705 2145 non

1625 2172 1845 2223 heredes
1875 2173 1954 2223 sni
1985 2178 2040 2223 et
2068 2171 2370 2234 necessarii,
2388 2180 2444 2222 et
2476 2168 2706 2236 proximi

1626 2250 2033 2314 consangninei3
2077 2249 2167 2300 sed
2201 2250 2389 2314 quibus
2426 2264 2494 2298 ex
2534 2249 2704 2312 iuopi—

1627 2335 1753 2379 nato
1774 2330 1980 2392 saltem,
2002 2335 2059 2380 et
2080 2343 2147 2378 ex
2169 2329 2278 2378 sola
2298 2327 2573 2377 voluntate
2595 2333 2703 2376 tes·

1625 2405 1832 2466 tatoris,
1854 2405 2139 2467 hereditas,
2158 2412 2248 2454 aut
2270 2404 2467 2467 legata,
2484 2402 2703 2454 obveni·-

1625 2491 1762 2533 rent-
1828 2482 1920 2542 Hi,
1953 2483 2030 2533 uti
2062 2482 2191 2539 dixi,
2224 2495 2293 2531 ex
2327 2486 2506 2529 mente
2543 2478 2704 2541 Festi,

1623 2561 1837 2625 proprie
1867 2560 1885 2589 6
1905 2558 2153 2611 extrarii’
2186 2556 2361 2608 forent
2382 2556 2703 2620 appellandi·

1619 2637 1725 2687 Sed
1754 2636 1938 2688 eadem
1973 2636 2117 2686 notio
2140 2635 2297 2684 etiam
2323 2632 2578 2683 tribuitur
2611 2646 2703 2681 no·

1621 2714 1748 2764 mini
1785 2715 1802 2744 ‘
1826 2709 2229 2773 extraneornm,’
2271 2708 2409 2774 apud
2452 2718 2700 2759 auctores

1611 2793 1772 2858 juris,
1793 2793 2026 2857 aliosque
2044 2809 2061 2852 3
2094 2797 2184 2840 ant
2202 2794 2346 2840 certe
2365 2793 2422 2838 et
2439 2787 2566 2838 alibi
2584 2788 2701 2837 haec

1621 2871 1881 2921 vocabula
1904 2868 2218 2920 creberrime
2241 2868 2381 2917 inter
2402 2880 2459 2915 se
2483 2865 2703 2928 permis·

1621 2954 1823 2998 centur.
1877 2947 1965 2998 Ita
1985 2947 2204 2997 Sueten.
2230 2943 2416 2995 Claud.
2437 2957 2485 2993 c.
2506 2947 2558 2993 4.
2578 2947 2594 2971 ‘
2613 2958 2704 2994 ex·

1623 3021 1864 3074 traneos’
1897 3020 2065 3072 refert
2099 3020 2165 3070 ad
2202 3020 2504 3069 remotiores
2544 3018 2699 3069 here-

1620 3100 1731 3157 des,
1752 3105 1808 3149 et
1839 3099 2140 3163 legatarios,
2161 3097 2285 3146 dnm
2317 3103 2516 3151 narrat,
2542 3096 2699 3147 Clau-

1620 3178 1761 3229 dium
1797 3178 1865 3229 ab
1896 3177 2133 3241 Augusto
2154 3182 2169 3205 ⁸
2195 3190 2261 3225 ne
2296 3172 2543 3224 heredem
2583 3172 2698 3238 qui·-

1619 3256 1759 3318 dem,
1783 3255 1882 3305 nisi
1918 3256 2058 3305 iuter
2087 3251 2295 3314 tertios,
2324 3265 2387 3301 ac
2421 3264 2573 3314 paene
2607 3264 2699 3297 ex-

1619 3340 1854 3394 traneos,
1889 3347 1920 3383 e
1957 3337 2108 3396 parte
2141 3335 2292 3380 sexta
2332 3334 2697 3389 nuncupatum

1616 3409 1769 3460 esse.’
1833 3409 2004 3459 Etiam
2039 3405 2294 3459 Quinctil.
2326 3403 2505 3454 Instit.
2537 3403 2699 3453 Orat«.

1617 3499 1717 3536 vn.
1740 3492 1792 3538 4.
1829 3487 1846 3516 6
1873 3482 2179 3537 extraneos'
2216 3490 2272 3532 et
2312 3486 2327 3511 ⁸
2351 3478 2700 3530 domesticos’

1617 3563 1713 3612 sibi
1735 3562 1960 3614 invicem
1983 3559 2230 3625 opponit:
2266 3564 2282 3588 ⁴
2304 3557 2459 3611 Quod
2479 3556 2583 3606 snb
2606 3572 2698 3607 ex-

1620 3650 1802 3692 traneo
1836 3649 2143 3693 accusatore
2177 3645 2232 3689 et
2267 3637 2470 3701 legibus
2503 3645 2697 3700 agente

1615 3719 1870 3783 prodesse
1906 3730 2163 3780 nunqnam
2196 3719 2393 3779 potest,
2417 3713 2471 3762 in
2492 3713 2695 3762 domes-

1617 3795 1734 3844 ticis
1747 3793 2219 3858 disceptationibus
2244 3796 2438 3856 potest.
2476 3790 2612 3839 Nam
2638 3795 2697 3841 et

1614 3871 1732 3921 tiliis
1767 3878 1935 3937 pater,
1960 3903 1975 3919 .
1998 3904 2014 3920 .
2039 3901 2056 3920 .
2078 3878 2134 3920 et
2154 3869 2375 3919 maritus
2399 3868 2572 3924 uxori,
2596 3901 2611 3918 .
2635 3902 2649 3917 .
2676 3901 2693 3918 .

1616 3955 1671 3998 et
1714 3949 1854 4012 patri
1891 3947 2050 4011 filins,
2072 3978 2088 3996 .
2110 3980 2126 3996 .
2152 3978 2166 3997 .
2197 3961 2301 3996 non
2336 3944 2693 3996 inverecunde

1615 4022 1791 4087 dicet,’
1812 4026 1913 4073 διο.
1939 4036 2249 4086 quamquam
2279 4028 2336 4072 et
2355 4021 2423 4070 »in
2446 4019 2548 4071 hoc
2572 4022 2694 4071 loco

1611 4115 1715 4151 non
1738 4101 1867 4152 nulli
1885 4099 2007 4150 libri
2024 4100 2252 4151 habeant:
2273 4098 2579 4148 ‘extrario-³
2624 4098 2689 4148 In

1612 4179 1850 4229 omnibns
1870 4178 2003 4227 adeo
2016 4175 2404 4242 exemplaribus
2419 4176 2569 4241 huJus
2585 4176 2692 4225 Pa·

1612 4255 1851 4322 negyrici
1873 4260 2180 4309 constanter
2200 4253 2360 4306 etiam
2389 4253 2584 4318 legitur
2603 4267 2689 4303 ex·
