3017 4942
726 438 790 484 c.
838 433 1084 485 enimi
1135 433 1471 484 sncunm
1525 431 1800 483 PANEo.
1883 414 2076 484 1.31.

286 578 630 644 gotiatoribus
679 579 942 630 Iulianum
993 578 1355 630 Liberatorem

286 657 540 708 Obtulit!
609 658 739 710 Quoe
783 665 959 708 autem
1012 656 1257 714 insolens,
1298 662 1356 707 et

283 728 559 785 Harduino
578 735 807 799 propria,
825 734 1202 798 interpretandi
1220 734 1356 784 ratio

281 812 482 862 dudum
529 812 598 862 ab
648 813 868 863 eruditis
915 818 999 863 est
1041 811 1356 878 improbata.

285 889 442 938 Idem.

346 968 590 1017 Potentia
613 968 720 1032 tua]
756 966 978 1021 Quidam
997 966 1208 1018 codices
1225 965 1357 1015 Mss.

282 1045 557 1096 invertunt
579 1047 671 1095 bas
695 1060 870 1108 voces,
892 1051 975 1095 tua
992 1044 1222 1109 potentia.
1265 1044 1357 1093 So-

281 1121 364 1170 lus
400 1122 703 1178 Catanaeus,
741 1136 838 1186 pro
875 1121 1106 1185 potentia,
1143 1119 1357 1171 exhibet

276 1203 515 1262 potestas.
548 1198 859 1261 Beroaldus,
875 1213 970 1263 pro
987 1204 1201 1262 tamque,
1217 1196 1356 1261 quod

285 1277 533 1338 proxime
566 1275 845 1339 -sequitur‚
899 1273 1060 1324 babet
1116 1281 1358 1338 tanquam.

280 1351 390 1402 Sed
416 1353 471 1402 in
496 1352 576 1401 liis
600 1351 834 1402 omnibus
857 1350 984 1400 nibil
1009 1356 1090 1399 est
1110 1350 1358 1398 innovan-

282 1427 428 1479 dum.
488 1425 758 1477 Librarius
783 1427 978 1477 codicis
1003 1426 1357 1489 salisburgen-

282 1505 373 1560 sis.
395 1520 494 1568 pro
518 1506 752 1560 accincta,
769 1505 1047 1568 scripserat
1069 1506 1212 1553 aucta
1223 1518 1245 1561 ‚⁶
1266 1502 1358 1551 sed

280 1583 337 1631 in
359 1583 602 1644 margine
627 1582 862 1647 reposuit
883 1582 1114 1632 accincta.
1160 1580 1247 1629 Dc
1270 1593 1358 1628 vo·

283 1658 481 1708 cabulo
501 1661 518 1686 4
539 1658 844 1722 accinctus,'
857 1658 968 1722 jam
985 1671 1160 1722 supra,
1176 1671 1230 1721 p.
1244 1659 1359 1705 516.

284 1750 392 1785 nou
416 1735 830 1800 nibilannotayi.
881 1735 1034 1785 Idem.

352 1813 592 1861 Potentia
615 1812 721 1877 tna]
758 1812 984 1862 Potestas
1004 1815 1090 1861 tna
1112 1811 1176 1861 C.
1197 1808 1363 1859 Licin.

352 1887 616 1952 Anineta]
650 1887 842 1939 Gabini
867 1896 1006 1954 togm
1025 1887 1076 1936 in
1095 1887 1360 1936 humerum

286 1964 504 2027 rejectae
541 1964 730 2013 lacinia
764 1979 823 2014 se
856 1964 1159 2029 cingebam,
1190 1970 1249 2013 ut
1282 1978 1359 2013 es·

289 2047 411 2090 seut
435 2040 677 2105 expediti
703 2041 767 2090 ad
791 2041 984 2091 munia.
1049 2041 1169 2091 Quo
1202 2040 1364 2089 vesti·

289 2117 455 2166 menti
513 2130 709 2181 genere
752 2124 959 2167 veteres
1004 2117 1198 2178 Latini,
1242 2131 1362 2166 cum

288 2193 514 2243 necdum
559 2208 704 2244 arma
743 2193 1015 2249 haberent.
1052 2193 1190 2256 togis
1229 2207 1364 2257 prae·

285 2270 485 2321 cinctis
506 2271 827 2322 militabant.
878 2271 1034 2321 Unde
1053 2278 1071 2303 4
1090 2270 1288 2320 milites
1309 2270 1364 2319 in

292 2348 573 2413 procinctu
618 2348 768 2399 esse’
819 2348 1083 2411 dicuntur,
1125 2353 1182 2397 et
1237 2347 1255 2377 ‘
1278 2361 1364 2397 ac-

290 2425 495 2488 cincti,'
537 2428 707 2492 quivis
759 2426 1023 2490 industrii,
1075 2424 1266 2490 parati,
1310 2432 1367 2475 et

290 2502 552 2568 expediti.
616 2504 759 2554 Hinc
804 2504 1081 2554 ‘accincta
1127 2499 1367 2557 bonitas,’

291 2581 549 2643 expedita
567 2587 623 2629 et
640 2579 703 2629 ad
718 2579 1004 2644 juvandum
1029 2581 1188 2638 celer,
1206 2591 1366 2644 supra

293 2669 390 2706 xx.
412 2661 467 2706 3.
500 2661 561 2706 et
592 2657 718 2706 Luc.
756 2667 861 2706 111.
883 2661 965 2707 36.
999 2655 1176 2721 ὅσφυες
1209 2676 1367 2721 περκ-

292 2729 548 2794 sacuam,
560 2732 709 2782 lumbi
727 2734 888 2797 parati
903 2734 968 2783 ad
985 2734 1364 2785 occurrendum

292 2808 528 2867 Christo,
545 2815 601 2857 et
615 2807 851 2858 Christus
863 2808 1193 2874 πριζόσεται,
1207 2826 1367 2875 prom·

291 2889 370 2936 tus
392 2884 463 2933 ad
486 2884 885 2948 excipiendum3
907 2895 961 2935 et
983 2888 1176 2937 milites
1191 2888 1365 2938 Chris-

292 2961 422 3011 tiani
455 2957 843 3025 περιζωσάμενυι,
877 2962 1107 3012 industrii
1137 2964 1203 3013 ad
1236 2977 1368 3029 pug-

294 3040 547 3105 nandum,
570 3041 705 3104 pr.
727 3053 803 3089 νι.
826 3044 905 3091 14.
928 3046 984 3090 et
1015 3043 1186 3106 angeli
1214 3060 1368 3107 repue-

294 3114 545 3177 ζυσμένοι,
565 3117 779 3181 expediti
808 3116 873 3166 ad
897 3115 1269 3168 effundendum
1295 3120 1375 3168 di-r

296 3195 432 3244 vinae
492 3196 691 3259 phialas
744 3195 857 3259 irae,
908 3195 1132 3261 Apocal.
1177 3210 1274 3248 ιν.
1317 3202 1368 3248 6.

297 3271 453 3321 Rem.

356 3348 623 3412 Accincta]
660 3348 706 3399 Ι.
732 3363 782 3401 e.
819 3357 1079 3418 prompta,
1102 3349 1368 3414 expedita.

298 3425 631 3475 Vocabulum
667 3434 896 3478 sumtum
930 3443 962 3478 a
992 3428 1258 3493 militibus,
1281 3424 1371 3493 qui

297 3513 352 3550 se
389 3503 455 3551 ad
500 3502 605 3552 iter
645 3511 701 3553 et
741 3504 979 3567 praelium
1019 3501 1372 3570 ‘accingere'

300 3576 631 3631 dicebantur.
682 3580 905 3631 Patarol.

336 3654 583 3706 ·Tristius
629 3656 837 3720 aliquid]
890 3657 1101 3708 Tristius
1146 3659 1338 3725 aliquod
1353 3676 1375 3721 ‚⁶

301 3730 391 3780 sed
429 3733 629 3782 tristius
661 3733 846 3797 aliquid
879 3733 943 3784 V.
977 3734 1141 3786 Livia.
1192 3738 1375 3788 Recte.

305 3809 547 3860 Rittersk.
1372 3817 1377 3826 ’

372 3886 443 3934 Ut
460 3884 614 3948 scias]
650 3884 771 3934 Nou
794 3884 1047 3936 absimilia
1065 3886 1222 3952 Apul.
1238 3889 1373 3942 Met.

305 3974 407 4010 vn.
463 3967 481 3992 ‘
503 3962 733 4011 Tantum
780 3968 957 4025 potest
1009 3970 1165 4013 nutus
1215 3966 1373 4016 etiam

305 4040 476 4104 magni
505 4027 793 4103 principis?
828 4036 1088 4090 Ammian.
1112 4042 1164 4091 iu
1182 4042 1377 4094 Julian.

306 4115 394 4165 lib·
428 4129 524 4166 xv.
567 4116 585 4144 ‘
610 4115 1082 4181 Communiumqne
1122 4132 1377 4169 aerumna·-

308 4205 418 4241 rum
442 4191 729 4242 remedium
748 4192 801 4241 iu
822 4192 932 4255 ejus
949 4193 1162 4243 locabat
1183 4195 1377 4245 adven-

310 4276 382 4326 tu,
398 4270 676 4319 salutarem
697 4268 957 4333 quendam
981 4271 1184 4334 genium
1209 4271 1378 4322 adfui·

313 4345 435 4397 sisse
451 4345 882 4412 conclamans,·ne
898 4347 1071 4399 secius
1085 4347 1378 4408 arbitrata?

2364 410 2494 481 601

1433 577 1583 629 Adeo
1609 577 1896 644 acquiescit
1920 575 2147 642 principi
2175 588 2270 625 suo
2292 574 2497 639 vulgus,

1433 662 1509 713 ut,
1551 670 1614 707 eo
1660 662 1943 720 presente,
1987 655 2071 704 vel
2116 652 2335 717 sciente,
2371 652 2499 702 nihil

1431 732 1546 782 fere
1580 733 1679 783 sibi
1713 732 1911 795 uspiam
1948 736 2148 781 metuat
2181 730 2320 789 mali,
2344 744 2411 779 ne
2443 730 2500 780 in

1432 825 1632 860 summa
1667 815 1684 839 ‘
1702 810 1912 876 quidem
1937 807 2276 859 calamitate.'
2343 807 2500 857 Adde

1430 893 1647 943 Sueton.
1686 891 1803 941 Tib.
1834 905 1883 941 c.
1904 895 1989 941 4ο.
2018 888 2189 939 Tacit.
2222 887 2361 937 Anu.
2399 900 2499 937 xv.

1432 972 1515 1018 36.
1536 976 1592 1019 et
1608 968 1817 1019 omniuo
1834 968 2051 1020 Gruter.
2068 966 2305 1017 Discurs.
2320 978 2366 1015 c.
2381 975 2500 1014 xxx.

1432 1047 1591 1097 Rern.

1498 1123 1636 1172 Cae.
1671 1135 1841 1172 xxxt.
1891 1119 2099 1171 Fertiles
2120 1116 2292 1181 annos]
2325 1116 2387 1167 In
2412 1129 2502 1167 co-

1432 1200 1549 1250 dice
1588 1197 1988 1262 salisburgensi,
2032 1211 2129 1262 pro
2169 1210 2297 1246 voce
2334 1209 2499 1256 annos,

1435 1278 1690 1341 scriptum
1716 1285 1795 1326 est
1818 1289 1978 1324 amnes
1993 1290 2015 1333 ‚·
2050 1287 2360 1339 quamquam
2385 1271 2501 1335 jam

1434 1356 1501 1405 ab
1525 1355 1739 1418 antiquo
1767 1359 2068 1402 correctore
2093 1350 2142 1399 in
2166 1348 2396 1412 margine
2417 1361 2503 1398 co·

1433 1434 1566 1483 dicis
1590 1431 1875 1496 repositum
1896 1430 1968 1480 sit
1991 1443 2153 1478 annos.
2196 1427 2323 1476 Tam
2346 1423 2503 1475 facile

1437 1525 1561 1561 vero
1585 1511 1699 1559 istae
1725 1522 1878 1559 voces
1909 1521 1941 1556 a
1965 1504 2189 1556 librariis
2225 1508 2347 1553 sunt
2380 1515 2508 1565 per-¹

1434 1586 1683 1637 mutatae!
1723 1585 1810 1635 Ita
1835 1585 1885 1633 in
1923 1597 2037 1634 meo
2060 1596 2265 1647 qnoque
2296 1580 2503 1642 codice,

1434 1663 1573 1728 quod
1590 1660 1703 1713 fere
1718 1660 2101 1727 praeteriissem‚
2117 1659 2169 1707 in
2189 1657 2504 1707 anteceden-

1436 1741 1575 1790 tibus
1611 1738 1799 1797 verbis,
1840 1752 1934 1803 pro
1969 1735 2211 1800 gentibus,
2248 1735 2503 1800 scriptum

1436 1824 1517 1866 est
1539 1816 1802 1879 egentibus.
1847 1815 2102 1864 Schwarz.

1490 1894 1732 1958 Tuamque
1745 1892 2048 1956 vigilantiam
2065 1890 2357 1955 exspectare]
2379 1889 2504 1941 Non

1436 1971 1571 2020 male
1591 1970 1683 2028 illi,
1701 1970 1788 2035 qui
1808 1967 2095 2033 repositum
2112 1974 2239 2017 eunt
2261 1971 2472 2030 spectare
2483 1979 2507 2025 ,⁴

1436 2048 1531 2097 sed
1576 2055 1748 2098 tamen
1794 2047 1953 2098 toties
1998 2046 2051 2095 in
2095 2041 2506 2095 membranaceis

1437 2124 1703 2176 codicibus
1741 2125 1913 2190 reperi
1952 2127 2241 2187 exspectare,
2278 2136 2373 2185 pro
2410 2134 2505 2170 suo

1437 2202 1683 2266 simplici,
1717 2207 1777 2253 ut
1808 2202 1857 2252 ei
1893 2200 2298 2251 controversiam
2332 2203 2504 2248 status

1436 2277 1798 2342 baud-temere
1822 2291 2031 2328 movere
2054 2276 2234 2325 ausim.
2285 2276 2437 2326 Grat.

1513 2355 1827 2419 Vigilantiam
1843 2352 2136 2419 exspectare]
2156 2351 2172 2380 4
2185 2349 2508 2415 Vigilantia’

1440 2438 1524 2481 est
1565 2444 1689 2481 cura
1729 2438 1784 2481 et
1826 2430 2175 2495 providentia,
2213 2429 2402 2494 partim
2447 2431 2509 2480 ut

1441 2507 1657 2569 negotia
1692 2513 1874 2557 nostra
1912 2505 2104 2571 promti
2137 2503 2510 2569 expediamusg

1441 2584 1655 2648 partim,
1697 2587 1760 2633 ut
1802 2581 2135 2644 adversariis,
2173 2580 2508 2645 adversisque

1440 2660 1666 2724 casibus,
1702 2660 2011 2724 tempestive
2051 2670 2397 2712 occurramus,
2437 2667 2506 2706 ne

1440 2753 1551 2795 nos,
1591 2738 1876 2802 nostrique,
1923 2734 1988 2786 ab
2031 2735 2095 2785 iis
2135 2734 2509 2799 opprimamur.

1443 2814 1604 2878 Nam,
1641 2812 1777 2877 quod
1805 2810 1999 2868 Attius,
2031 2819 2180 2860 vetus
2216 2809 2391 2873 poeta,
2422 2822 2508 2872 ap.

1443 2889 1558 2942 Cic.
1597 2905 1690 2954 pro
1714 2889 1900 2938 Plane.
1923 2902 1971 2938 c.
1994 2892 2077 2938 24.
2110 2887 2204 2948 ait,
2238 2887 2255 2915 4
2273 2887 2508 2950 Vigilan-

1442 2970 1564 3018 dum
1586 2974 1669 3018 est
1691 2980 1930 3031 semper3
1955 2965 2132 3014 multa
2156 2963 2361 3013 insidiae
2387 2967 2511 3013 sunt

1444 3044 1628 3097 bonis.’
1695 3044 1976 3108 Praecipua
1996 3044 2108 3092 baec
2138 3043 2302 3092 virtus
2326 3055 2509 3091 eorum

1442 3131 1544 3187 est,
1579 3121 1666 3188 qui
1700 3121 2000 3184 reipublicae
2037 3126 2287 3184 praesnnt.
2353 3115 2511 3167 Unde

1442 3200 1558 3263 ipse
1582 3200 1694 3249 Cic.
1717 3212 1812 3261 pro
1833 3197 1983 3246 Sext.
2008 3209 2056 3247 c.
2080 3200 2161 3246 47.
2196 3196 2211 3223 4
2230 3195 2294 3245 In
2319 3194 2511 3260 repub-

1443 3276 1545 3325 lica
1583 3272 1773 3324 fluctus
1826 3273 2143 3338 excitantur,
2192 3279 2250 3322 ut
2287 3273 2512 3336 vigilan-³

1444 3351 1567 3401 dum
1592 3351 1662 3401 sit
1686 3349 1764 3411 iis,
1790 3350 1879 3415 qui
1911 3347 2010 3399 sibi
2043 3350 2395 3413 gubernacula
2421 3365 2516 3415 pa-

1445 3429 1562 3480 triae
1608 3424 2067 3491 depoposcerunt!
2131 3426 2282 3477 Idem
2325 3428 2514 3480 Famil.

1445 3519 1552 3556 vn.
1579 3508 1660 3555 80.
1693 3518 2001 3570 quamquam
2040 3518 2134 3568 per
2158 3503 2357 3568 jocum,
2390 3517 2512 3555 cum

1447 3580 1735 3647 physicam,
1774 3586 1882 3628 tum
1932 3578 2178 3628 moralem
2228 3579 2513 3637 notionem,

1445 3659 1499 3708 in
1523 3658 1621 3708 boc
1644 3657 1805 3707 verbo
1827 3656 2119 3720 conjunxit.
2142 3668 2258 3704 cum
2288 3655 2356 3704 de
2388 3669 2514 3707 con⁸6

1444 3736 1576 3797 sule,
1610 3733 1775 3798 primo
1814 3733 2114 3784 consulatus
2159 3731 2245 3783 die
2289 3739 2514 3791 mortuo,

1445 3809 1670 3867 diceret,
1703 3814 1719 3840 4
1739 3809 1981 3860 Caninius
2014 3806 2232 3859 mirifica
2262 3806 2362 3865 fuit
2385 3808 2517 3872 vigi·-

1446 3885 1631 3948 lamia,
1661 3885 1750 3950 qui
1788 3899 1883 3934 suo
1920 3891 2036 3934 toto
2072 3885 2346 3935 consulatu
2381 3900 2516 3935 som-

1448 3978 1571 4013 num
1595 3977 1698 4012 uon
1718 3960 1944 4011 viderit-⁹
1975 3960 2292 4025 Metapbora
2310 3962 2518 4027 potissi*

1448 4055 1589 4091 mum
1613 4042 1770 4089 ducta
1794 4044 1878 4088 est
1908 4054 1938 4087 a
1969 4037 2153 4100 vigiliis
2184 4037 2518 4089 militaribus.

1451 4119 1596 4168 Hinc
1615 4117 1754 4168 idem
1779 4115 2011 4178 Philipp.
2031 4127 2140 4164 xn.
2158 4119 2239 4165 18.
2262 4115 2279 4143 4
2296 4115 2359 4165 In
2384 4116 2518 4166 urbe

1450 4209 1656 4257 maneo,
1696 4193 1738 4244 si
1779 4191 1973 4242 licebit.
2038 4191 2174 4242 Haec
2209 4207 2328 4243 mea
2366 4194 2519 4245 sedes

1434 4278 1568 4333 ,θεῖς
1615 4270 1727 4319 haec
1767 4267 2034 4330 custodia3
2080 4268 2178 4319 boc
2218 4269 2517 4332 praesidiuni'

1450 4348 1698 4402 stativum
1719 4379 1733 4396 .
1750 4378 1764 4395 .
1784 4379 1798 4395 .
1820 4346 1926 4399 Qui
1950 4345 2225 4398 multorum
2249 4346 2515 4399 custodem
