3017 4942
777 386 842 433 c.
887 381 1132 436 raum
1183 381 1517 437 saeuum
1569 383 1850 436 mune.
1925 384 1978 432 1.
2019 366 2130 434 39.

357 523 617 584 debuerit,
652 540 684 575 u
716 525 846 576 vobis
881 528 1033 586 estis:
1062 528 1161 578 hoc
1198 534 1297 591 est,
1326 541 1424 591 per

353 616 467 664 vos,
488 608 544 650 et
567 616 662 666 per
683 602 850 666 ipsam
884 613 1121 653 naturam
1158 605 1283 653 estis
1319 603 1422 652 fra-

353 679 481 741 tres,
516 681 618 728 &c.
661 693 758 728 nec
803 694 934 744 opus
977 687 1077 740 est,
1122 686 1181 729 ut
1221 681 1349 730 tales
1391 693 1423 728 a

351 753 592 818 prinpre
628 754 998 818 declaremini3
1034 764 1094 806 ut
1129 757 1316 807 Cicero
1344 757 1421 806 lo·

352 831 535 896 quitur
569 832 637 880 de
674 831 788 882 Fin.
821 847 884 883 ιι.
918 837 1000 884 24.
1033 834 1172 883 ‘Sed
1197 834 1365 896 ipsum
1389 847 1420 882 a

352 921 412 958 se
455 910 644 967 oritur,
686 916 743 960 et
785 925 878 961 sua
919 918 1109 975 sponte
1155 907 1421 961 nascitur)

350 985 549 1035 Verum
593 1000 699 1037 non
743 1002 872 1050 opus
912 993 995 1037 est
1038 986 1209 1051 aliqua
1253 992 1419 1035 muta·

349 1061 517 1125 tione,
550 1072 766 1114 cum·et
805 1063 1012 1113 dativus
1045 1061 1298 1113 commodi
1334 1062 1419 1113 hie

349 1137 526 1188 locutu
567 1139 758 1191 babere
805 1140 988 1203 possit,
1030 1139 1173 1202 quasi
1216 1138 1420 1188 Plinius

348 1213 568 1278 dixerit,
607 1215 875 1280 Quidquid
910 1212 1166 1265 commodi
1199 1229 1265 1264 ex
1304 1227 1418 1263 ves·

347 1297 435 1340 tra
468 1293 781 1356 cognatione
811 1291 1107 1342 redundare
1130 1296 1326 1355 potest,
1349 1289 1415 1340 ad

349 1380 443 1415 vos
488 1381 583 1430 per
624 1375 864 1418 naturam
908 1368 1160 1432 pertinet,
1203 1380 1309 1417 non
1349 1366 1414 1417 ad

347 1440 551 1495 fiscum.
614 1445 876 1509 Josephus
905 1445 1160 1509 Scaliger,
1190 1457 1415 1494 comme·

346 1527 590 1570 morante
621 1521 823 1571 Tboma
858 1520 1090 1578 Hearne,
1128 1521 1204 1571 sic
1246 1521 1415 1571 locum

347 1595 489 1646 hunc
520 1597 801 1659 legendum
828 1598 1069 1648 censuit:
1113 1598 1216 1647 Car
1244 1599 1417 1663 egetis,

344 1676 404 1720 stt
421 1671 567 1721 sitis?
618 1673 757 1723 Vobis
778 1678 850 1723 est
867 1673 929 1735 is,
949 1674 1032 1737 qui
1048 1687 1135 1737 pro
1154 1678 1310 1724 cetera
1330 1687 1416 1725 sua

344 1749 688 1805 moderatione,
707 1749 791 1811 ὅτ.
858 1749 949 1799 Sic
967 1751 1094 1799 satis
1115 1750 1413 1813 ingeniose3

347 1823 443 1876 sed
499 1826 616 1875 sina
668 1827 871 1876 calculo
913 1833 1138 1877 vetustae
1195 1826 1415 1890 alicujus

345 1902 693 1954 auctoritatis.
757 1903 904 1953 Bene
935 1910 1075 1956 stare
1106 1908 1282 1967 potest
1306 1905 1414 1954 rul-

346 1985 474 2042 gata
506 1979 686 2040 lectio,
715 1980 773 2029 iu¹
806 1979 1180 2043 posterioribus
1205 1980 1415 2043 verbis;

345 2066 541 2121 neque,
565 2062 623 2106 nt
646 2056 955 2108 Arntzenius
979 2064 1148 2122 putat,
1160 2058 1269 2123 jam
1293 2064 1416 2108 ante

344 2132 488 2186 idem
525 2134 737 2184 dixerat
762 2135 984 2186 Plinius.
1051 2136 1277 2185 Dixerat
1303 2137 1416 2201 qui·

347 2208 468 2259 dem
508 2224 687 2274 supra,
717 2213 733 2240 ‘
752 2211 969 2262 Sorores
1001 2212 1166 2271 estis,'
1184 2216 1286 2263 διο.
1319 2213 1412 2263 sed

344 2298 453 2334 non
496 2284 725 2343 dixerat,
766 2289 782 2316 ‘
804 2286 1023 2339 Sorores
1065 2288 1212 2340 vobis
1256 2289 1417 2339 estis-⁹

345 2359 596 2411 Saum.
694 2380 713 2389 -

415 2438 554 2495 Quid
563 2436 608 2502 2]
632 2438 787 2490 Hane
800 2437 1157 2506 interrogandi
1180 2445 1235 2491 et
1252 2440 1413 2493 admi-

345 2514 499 2564 randi
541 2529 723 2565 vocem
750 2518 958 2568 restitui
998 2532 1029 2567 e
1057 2517 1238 2568 codice
1268 2533 1415 2581 meo;

344 2605 463 2653 qnae
485 2592 643 2642 etiam
662 2594 977 2643 couveniens
991 2600 1075 2643 est
1093 2594 1216 2644 stilo
1233 2594 1414 2657 Plinii,

344 2674 536 2732 utpote
555 2669 644 2735 qui
665 2676 722 2721 et
744 2671 868 2721 alibi
885 2671 1176 2722 sententias
1195 2673 1269 2722 sic
1290 2686 1414 2723 con-

241 2775 255 2785 ·
344 2747 552 2809 nectit3
581 2761 631 2796 v.
665 2764 718 2811 g.
752 2761 887 2799 xm.
921 2753 971 2800 3.
1005 2751 1022 2778 ‘
1046 2749 1225 2802 Quid?
1257 2764 1413 2816 quum

346 2824 591 2874 solatium
615 2823 782 2883 fessis,
817 2826 972 2891 egris
1005 2840 1179 2891 opem,
1214 2825 1416 2877 ferres.²

348 2910 527 2949 xzvn.
552 2905 602 2949 1.
631 2908 648 2931 ‘
671 2901 808 2953 Quid
833 2902 852 2948 ἓ
882 2903 1073 2964 vitam3
1108 2902 1270 2967 quid?
1303 2919 1413 2954 mo·

348 2989 430 3024 res
475 2977 793 3042 juventutis,
848 2993 1001 3043 quam
1055 2980 1414 3044 principaliter

346 3049 540 3103 formas
559 3052 593 3103 l’
651 3068 828 3105 Lxxx.
855 3061 902 3105 1.
928 3062 944 3086 ⁸
967 3055 1141 3108 Quid?
1175 3057 1229 3106 in
1252 3058 1412 3107 omni·

348 3126 443 3178 bns
467 3131 852 3194 cognitionibus
874 3145 1025 3196 quam
1050 3133 1188 3183 mitis
1219 3135 1414 3184 severi·

345 3211 425 3254 tas
443 3204 478 3255 1’
526 3206 667 3256 Olim
691 3208 740 3256 in
765 3207 1002 3257 omnibus
1024 3211 1413 3274 exemplaribus

278 3329 289 3346 ,
348 3281 446 3337 Qui
497 3296 590 3344 pro
646 3282 779 3339 Quid
827 3283 1117 3347 legebatur.
1202 3286 1414 3350 Lipsius

343 3358 663 3422 conjecerat,
696 3361 1050 3424 reponendum
1085 3360 1224 3412 forte
1249 3363 1380 3419 Quin
1393 3362 1428 3423 '3'

343 3433 435 3483 sed
487 3435 767 3484 certiorem
817 3436 1129 3500 scripturam
1179 3442 1414 3504 suggerit

343 3508 512 3559 codex
552 3518 751 3573 noster,
787 3511 933 3575 cujus
969 3513 1216 3563 indicium
1255 3517 1411 3565 etiam

343 3587 513 3636 secnti
535 3593 661 3637 sunt
682 3587 949 3638 Gesner-us
984 3597 1042 3639 et
1074 3589 1410 3646 Arntzenins.

398 3723 548 3788 'Dare
581 3738 917 3806 hereditatem]
955 3741 1075 3791 Non
1105 3742 1412 3808 simpliciter

344 3813 657 3865 invidiosum
681 3824 760 3865 est
793 3819 909 3866 dore
939 3818 1284 3882 hereditatem3
1317 3820 1408 3870 sed

344 3896 469 3940 tuuc
490 3889 722 3951 demum,
741 3893 786 3940 si
813 3893 1057 3957 princeps
1079 3895 1242 3944 videri
1269 3897 1412 3960 velit,

342 3980 408 4016 ex
431 3967 680 4030 singulari
711 3970 879 4031 gratia
901 3976 954 4019 et
977 3970 1259 4022 clementia
1280 3972 1410 4024 dare

343 4033 492 4094 a‘licui
516 4044 885 4102 hereditatem,
907 4046 991 4095 cui
1019 4053 1191 4098 tamen
1217 4062 1281 4097 ea
1295 4045 1408 4111 'jam

343 4118 456 4182 ipso
480 4122 601 4184 jure
638 4127 857 4182 naturae,
897 4130 1113 4188 propter
1147 4125 1409 4189 sanguinis

345 4196 788 4261 conjunctionem,
812 4197 1082 4250 debeatur.
1122 4201 1289 4251 Recte
1310 4203 1408 4252 Te·

346 4280 478 4327 rent.
496 4274 668 4327 Andr.
689 4288 755 4329 11.
771 4279 819 4325 1.
835 4279 919 4326 80.
940 4276 956 4305 ‘
975 4277 1089 4343 Ego
1105 4277 1408 4345 neutiquam

2427 365 2560 435 669

1496 525 1723 578 officium
1767 527 1916 578 liberi
1971 527 2189 577 hominis
2242 541 2356 577 esse
2411 535 2558 596 puto,

1498 605 1629 655 Cum
1654 606 1696 654 is
1719 605 1842 655 nihil
1870 610 2182 669 promereat,
2206 605 2485 668 postulare,
2503 608 2558 657 id

1495 682 1684 743 gratiae
1724 683 1916 746 apponi
1955 681 2091 738 sibi,’
2124 683 2157 730 i.
2179 696 2228 730 e.
2263 681 2558 746 interprete

1497 758 1727 820 Donato,
1758 759 1882 809 Nou'
1904 767 2032 823 puto
2053 759 2308 809 hominem
2342 760 2555 812 liberum

1495 840 1553 883 et
1574 834 1874 898 ingenuum,
1905 836 2013 902 qui,
2037 850 2151 886 cum
2177 836 2301 884 nihil
2325 844 2558 900 praestet,

1493 909 1675 959 haberi
1725 912 1944 975 gratiam
1992 912 2091 961 sibi
2151 920 2348 976 poscat.
2414 913 2556 964 Hinc

1495 984 1709 1037 Pbaedr.
1732 1000 1772 1037 ι.
1796 992 1882 1037 22.
1902 993 1953 1037 8.
1981 991 1997 1016 ‘
2024 988 2147 1038 Noli
2184 987 2438 1051 imputare
2466 1004 2554 1040 va-

1493 1074 1616 1110 num
1642 1062 1947 1113 beneficium
1971 1062 2132 1113 mibi.’
2168 1063 2319 1114 Idem.

1559 1137 1720 1202 Dare]
1757 1139 1911 1188 Nova
1950 1139 2227 1202 petitione,
2257 1152 2413 1204 qnam
2445 1154 2558 1191 sus-

1494 1213 1636 1276 tulit,
1659 1224 1713 1264 et
1738 1216 1897 1265 semel
1920 1215 2156 1265 universa
2177 1214 2346 1268 dedit.
2380 1216 2520 1282 Lips.

1560 1289 1712 1340 Acme
1746 1290 1966 1354 honores]
2004 1291 2066 1341 In
2100 1291 2315 1342 coloniis
2350 1295 2559 1343 vestris.

1493 1364 1613 1415 Hoc
1653 1366 1789 1415 euim
1828 1366 1893 1415 ad
1930 1367 2144 1416 Latinos
2182 1368 2429 1431 pertinet,
2468 1371 2558 1435 qui

1492 1441 1582 1506 (ut
1623 1441 1760 1507 dixi)
1800 1443 2067 1493 civitatem
2115 1444 2396 1495 Romanam
2441 1447 2556 1496 adi·

1492 1517 1850 1582 piscebantur,
1885 1518 2024 1569 domi
2055 1519 2335 1570 bonoribus
2370 1520 2552 1585 gestis.

1556 1671 1708 1724 Adice
1734 1672 1956 1737 honores]
2003 1672 2287 1724 Aberravit
2324 1675 2553 1725 calamus

1490 1747 1688 1798 librarii
1712 1751 1764 1799 in
1788 1749 1971 1800 codice
1985 1751 2245 1802 Vaticano
2261 1754 2407 1802 ⁸461.
2427 1750 2554 1802 dum

1489 1839 1584 1889 pro
1626 1826 1758 1876 odite
1810 1828 1981 1890 pinxit
2022 1829 2206 1876 audite.
2274 1826 2373 1876 His
2426 1840 2553 1878 vero

1491 1902 1667 1952 verbis
1712 1902 1913 1953 Plinius
1970 1904 2270 1954 nominatim
2321 1901 2553 1954 homines

1491 1979 1666 2028 Latini
1681 1979 1817 2043 juris
1842 1979 2107 2030 adhortari
2132 1978 2358 2037 videtur,
2381 1988 2441 2030 ut
2462 1980 2554 2030 ho·

1491 2067 1645 2104 nores
1666 2061 1722 2106 et
1754 2056 2086 2119 magistratus
2116 2056 2169 2106 in
2203 2057 2418 2107 coloniis
2449 2058 2555 2108 suis

1488 2132 1790 2194 suscipiant,
1827 2146 1921 2196 per
1955 2146 2102 2198 quos,
2127 2133 2239 2197 jam
2264 2134 2407 2183 salva
2432 2148 2553 2196 cog-

1487 2206 1699 2257 natione
1736 2210 1984 2266 naturali,
2019 2208 2218 2260 aditum
2259 2209 2327 2260 ad
2372 2222 2554 2259 conse-

1487 2282 1743 2348 quendam
1798 2285 2067 2335 civitatem
2114 2286 2399 2336 Romanam
2455 2286 2555 2336 sibi

1487 2360 1803 2421 praetnunire
1837 2362 2054 2424 possint.
2111 2362 2264 2424 Ergo
2297 2361 2553 2426 Trajauus

1488 2441 1614 2485 tuuc
1635 2436 1861 2486 noudum
1888 2437 2175 2501 promiscue
2198 2438 2435 2488 omnibus
2457 2440 2555 2489 La·

1489 2510 1609 2562 tiuis
1649 2509 1856 2577 integra
1883 2514 2010 2577 jura
2047 2512 2277 2564 civitatis
2308 2505 2553 2566 Romana

1489 2587 1813 2651 permiserat.
1846 2589 2086 2641 &iswan-

1556 2665 1842 2730 Civitatem]
1879 2667 2138 2716 Nostram.
2171 2666 2307 2732 Lips.

1552 2743 1663 2792 Hoc
1675 2744 2036 2793 necessitudinis
2046 2743 2321 2809 abruptum]
2340 2743 2428 2793 Sic
2443 2743 2554 2795 dic-

1486 2825 1617 2883 tum,
1638 2828 1697 2870 ut
1731 2822 1746 2848 ‘
1770 2820 1893 2871 laeta
1916 2828 1971 2869 et
1996 2835 2250 2883 prospera
2273 2819 2552 2885 stationis,’

1487 2904 1501 2927 ⁴
1516 2903 1763 2960 usurpata
1786 2895 2032 2953 conium:
2049 2900 2065 2925 ‘
2080 2897 2238 2946 dubia
2262 2896 2553 2955 bellorum,’

1487 2979 1502 3002 ‘
1517 2973 1720 3024 incerta
1738 2973 1982 3030 fortune,
1998 2972 2014 2996 ’
2037 2974 2179 3024 ‘lata
2200 2988 2521 3038 camporum,
2535 2972 2553 2996 ’

1485 3051 1503 3079 ⁴
1530 3058 1899 3114 tempestatum
1935 3049 2172 3112 incerta,'
2206 3052 2223 3079 ‘
2250 3064 2440 3113 aspera
2477 3053 2553 3100 la«

1487 3126 1708 3190 borum,'·
1729 3135 1783 3178 et
1805 3127 2012 3190 similia,
2045 3142 2163 3191 qnae
2189 3135 2297 3177 tum
2324 3127 2423 3176 lioc
2444 3126 2553 3177 Pa·

1485 3204 1755 3269 negyrico,
1770 3212 1880 3254 tum
1901 3204 2014 3254 aliis
2037 3204 2229 3269 passim
2252 3210 2551 3267 occurrent,

1487 3282 1658 3346 poetis
1684 3298 1837 3348 qnam
1860 3284 2152 3333 oratoribus
2174 3283 2407 3347 propria.
2462 3281 2554 3332 Sic

1487 3359 1621 3408 enim
1650 3361 1859 3410 Lucret.
1894 3360 1910 3389 ‘
1935 3367 2101 3410 strata
2127 3360 2327 3409 viarum
2347 3358 2384 3410 ε’
2419 3360 2550 3409 Pro-

1488 3438 1654 3500 pert.‘
1680 3437 1909 3488 levitatis
1931 3435 2063 3486 dura
2080 3437 2112 3486 ε’
2148 3437 2338 3486 Horat.
2372 3437 2389 3468 ⁴
2413 3448 2554 3486 ama·

1487 3526 1548 3564 ra
1569 3526 1810 3563 curarum
1842 3512 1876 3563 ε’
1909 3514 2000 3563 alii
2016 3513 2137 3564 alia.
2170 3512 2333 3563 Livim

1551 3588 1845 3654 Abruptum]
1881 3589 2146 3652 Abruptio
2175 3595 2230 3637 et
2251 3586 2553 3651 disjunctio.-

1487 3665 1915 3715 Dissociabantur
1954 3663 2113 3727 enim,
2159 3663 2245 3727 qui
2281 3663 2550 3713 civitatem

1483 3742 1774 3793 mutabant.
1808 3742 1947 3805 Lipo.
2459 3798 2472 3814 .

1550 3817 1662 3867 Hoc
1698 3814 2062 3866 necessitudinis
2095 3811 2369 3877 abnaptum]
2411 3810 2459 3864 1.
2499 3825 2552 3861 e.

1482 3894 1617 3945 Haec
1659 3893 1992 3944 necessitudo
2039 3885 2281 3955 abrupta.
2351 3888 2549 3952 Hujus·

1482 3972 1625 4021 modi
1671 3972 1913 4038 loquendi
1956 3968 2225 4025 formulas,
2260 3967 2314 4016 in
2360 3967 2548 4031 quibus

1484 4048 1803 4112 adjectivum
1823 4047 2057 4097 neutrius
2072 4045 2275 4109 generis
2292 4045 2404 4094 loco
2428 4042 2550 4093 sub-

1484 4127 1698 4177 stantivi
1739 4127 1967 4189 ponitur,
2001 4139 2064 4172 ex
2100 4123 2216 4173 aliis
2247 4118 2548 4172 auctoribus

1481 4201 1547 4252 ad
1573 4202 1709 4252 hunc
1730 4204 1898 4252 locum
1933 4203 2254 4249 annotarunt
2285 4196 2547 4247 Livineius

1483 4285 1541 4332 et
1560 4278 1891 4332 Arntzeniua.
1956 4275 2044 4328 Sic
2067 4276 2185 4340 ipse
2208 4274 2412 4325 Plinius
2432 4287 2549 4324 nos·
