3017 4942
707 445 776 495 c.
825 443 1071 494 rmntt
1121 443 1457 494 saeuum
1506 438 1782 494 mune.
1863 445 1915 494 ι.
1944 429 2054 495 64.

271 585 567 649 Puteanus,
592 584 686 647 ita,
709 593 768 637 ut
789 585 1076 638 exhibeant
1099 601 1185 637 nec
1205 588 1341 636 dum·

270 677 397 727 μσς
427 662 572 728 quod
596 663 805 713 auribus
827 662 1182 713 duriusculum
1206 662 1344 711 acci·

270 737 375 793 dit.
440 739 508 789 In
529 739 834 804 quibusdam
855 739 1128 790 Vaticanis
1145 739 1345 801 legitur

269 829 332 864 as
351 815 488 864 dan.
555 814 732 864 Ceteri
757 828 934 864 omnes
960 815 1076 865 libri
1115 814 1346 877 produnt

271 891 540 952 vulgatam
564 891 861 941 lectionem.
918 891 1094 957 Atque
1119 893 1208 941 illa
1230 891 1345 956 qui·

270 965 394 1018 dem
418 967 681 1032 particula
702 983 792 1031 qus
814 977 958 1019 recte
984 967 1166 1018 abesse
1193 980 1347 1030 posse

272 1044 507 1103 videtur.
523 1059 641 1094 cum
665 1046 744 1095 vis
762 1045 1040 1109 copulandi
1060 1045 1171 1109 jam
1186 1045 1346 1096 lateat

271 1124 328 1173 in
352 1123 473 1187 ipsa
507 1124 762 1187 particula
794 1138 896 1175 aec.
963 1125 1060 1174 Est
1094 1125 1227 1174 enim
1260 1139 1347 1175 nec

268 1200 406 1263 deas,
459 1204 516 1249 et
571 1214 719 1264 neque
758 1200 890 1258 dum,
935 1201 1148 1264 proprie
1188 1200 1346 1265 idem,

271 1235 413 1339 quod
440 1276 595 1338 vulgo
619 1275 811 1326 dicitur
840 1281 889 1326 et
911 1279 1136 1333 nondum,
1160 1277 1243 1325 vel
1263 1290 1346 1326 ns·

270 1366 364 1416 que
382 1353 550 1402 adhuc.
608 1352 696 1403 Sic
718 1353 859 1403 canit
880 1353 1134 1417 Virgilius
1158 1352 1276 1402 AEn.
1292 1365 1349 1401 v.

270 1428 443 1479 41⁵st
472 1429 608 1477 Dum
632 1429 812 1477 melior
853 1431 990 1478 vires
1024 1428 1233 1492 sanguis
1254 1428 1348 1478 da·

272 1502 387 1565 bnt,
408 1504 595 1555 aemula
612 1518 709 1554 nec
727 1504 846 1554 dum
869 1504 929 1569 (i.
945 1519 992 1554 e.
1009 1512 1066 1555 et
1088 1502 1349 1568 nondum)

268 1580 617 1644 Temporibus
651 1580 869 1642 geminis
904 1579 1133 1631 canebat
1168 1592 1350 1643 sparsa

274 1656 558 1708 senectus.⁸
608 1656 688 1707 Cf.
708 1658 822 1707 AEn.
837 1671 892 1707 v.
915 1662 1033 1708 606.
1056 1671 1167 1722 seq.
1186 1658 1349 1709 Juve-

273 1736 410 1794 nalis
428 1735 537 1785 Sat.
553 1739 728 1784 xt.65.
742 1735 758 1763 ⁴
775 1736 855 1785 De
871 1734 1155 1785 Tiburtino
1174 1734 1350 1785 veniet

277 1808 647 1876 pinguissimus
682 1825 807 1874 agro
845 1810 1124 1873 Hoedulus,
1154 1817 1209 1860 et
1240 1817 1350 1859 toto

277 1900 442 1951 grege
487 1886 707 1946 mollior,
749 1886 940 1937 inscius
985 1886 1188 1951 berbae,
1229 1886 1350 1936 Nec

276 1962 401 2014 dutu
445 1977 601 2013 ausus
646 1962 817 2027 virgas
857 1964 1062 2013 humilis
1108 1962 1352 2013 mordere

275 2040 485 2090 salicti!
547 2040 637 2090 Sic
681 2048 738 2090 et
783 2040 893 2089 Cic.
949 2038 1120 2090 Attic.
1164 2051 1221 2089 x.
1267 2043 1351 2090 1⁰.

273 2118 291 2147 ‘
314 2117 440 2180 Ille,
460 2117 586 2181 quid
609 2123 751 2181 agat,
786 2117 828 2166 si
864 2116 986 2174 scis,
1020 2130 1193 2180 neque
1225 2115 1350 2165 dum

273 2192 338 2258 (i.
361 2209 411 2243 e.
434 2200 489 2243 et
512 2192 765 2258 noudum)
785 2192 946 2242 Roma
965 2208 1023 2242 es
1049 2191 1351 2255 profectus;

275 2269 474 2320 scribas
498 2269 563 2318 ad
583 2283 695 2333 sne,
719 2268 910 2317 velim!
965 2269 1155 2333 Neque
1179 2274 1350 2317 tamen

273 2344 362 2394 hat
386 2345 656 2408 particulas
677 2358 886 2407 semper
899 2344 1163 2404 notionem
1188 2357 1349 2407 copu-

274 2421 878 2483 landi÷complectttntur,
905 2418 996 2469 sed
1034 2426 1092 2470 et
1115 2419 1351 2483 aliquan·

277 2496 350 2547 do
406 2497 716 2569 simpliciter
759 2502 964 2558 notant,
1008 2496 1025 2523 ‘
1061 2492 1349 2556 nondum,'

277 2576 295 2611 ⁶
322 2589 425 2624 non
446 2572 667 2634 adbuc-⁹
703 2588 753 2623 v.
776 2587 830 2636 g.
863 2571 1002 2636 apud
1025 2572 1211 2635 Virgil.
1234 2571 1349 2622 Ecl-

276 2664 362 2701 1x·
394 2655 480 2702 26.
515 2651 723 2700 ‘Immo
756 2649 886 2709 baec,
919 2663 1035 2712 quae
1073 2648 1216 2698 Varo
1249 2661 1349 2698 nec

275 2727 401 2776 dnm
423 2726 665 2791 pet-fecta
687 2723 950 2776 canebat?
1018 2724 1226 2789 Itaque
1242 2723 1350 2773 for-

276 2811 422 2855 tasse
439 2818 470 2852 a
493 2804 734 2853 Pliniano
751 2815 943 2866 genere
964 2799 1224 2850 scribendi
1245 2813 1349 2849 non

277 2878 414 2929 adeo
455 2880 679 2928 alienum
733 2883 896 2938 esset,
937 2872 1017 2925 bis
1073 2875 1349 2939 particulis

276 2955 440 3005 etiam
464 2953 742 3018 copulandi
777 2953 1081 3016 particulam
1117 2951 1350 3015 adjungi.

278 3030 405 3093 Ipse
429 3031 564 3081 enim
588 3031 730 3081 Plin.
756 3043 878 3080 xiv.
905 3033 954 3080 1.
977 3030 993 3059 ‘
1015 3030 1087 3079 Et
1107 3043 1205 3079 nec
1227 3028 1350 3078 dum

276 3106 589 3171 imperator,
615 3119 712 3155 nec
743 3106 867 3156 dum
903 3105 1010 3155 Dei
1042 3104 1180 3155 filius
1203 3105 1352 3155 erate

278 3184 352 3237 Et
384 3196 500 3233 ινι.
530 3187 580 3235 2.
614 3187 630 3213 ‘
656 3184 727 3232 Et
748 3196 848 3232 nec
880 3181 1001 3231 dum
1037 3181 1105 3231 de
1142 3181 1351 3231 biennio

277 3257 499 3323 loquor?
566 3260 867 3324 Quanquam
896 3258 948 3307 in
984 3257 1060 3307 liis
1093 3252 1353 3322 particula

277 3339 328 3387 st
350 3335 667 3397 singularem
692 3335 794 3384 vim
819 3332 1167 3396 exaggerandi
1195 3332 1350 3382 habe·

279 3418 350 3462 at·
417 3412 601 3463 Malim
658 3420 833 3461 autem
886 3410 1151 3473 sejunctis,
1196 3422 1350 3473 quam

280 3489 578 3552 conjunctis
636 3486 908 3552 particulis
966 3486 1216 3542 scribere,
1266 3499 1353 3535 nec

279 3566 414 3624 dam,
437 3566 478 3612 si
504 3564 740 3626 inprimis
773 3561 1121 3614 connectendi
1150 3561 1254 3613 vim
1275 3560 1350 3610 iu·

283 3642 517 3691 volvant.
553 3640 707 3706 Idept.

346 3716 593 3779 Necdum]
629 3716 935 3780 Nondumque
953 3715 1020 3765 V.
1043 3713 1210 3769 Lirin.
1232 3727 1352 3779 pro·

280 3794 366 3844 be.
406 3793 647 3844 Rittereh.

346 3870 455 3931 Me,
475 3883 541 3918 «nt
571 3868 832 3932 audierim]
869 3866 1125 3917 Mendose
1147 3880 1241 3931 pro
1262 3880 1353 3924 ute,

279 3946 537 4011 scriptum
571 3957 653 3997 est
683 3962 743 3997 ns
784 3947 837 3996 in
874 3945 1057 3995 codice
1096 3944 1353 3995 salisbur-

283 4024 431 4088 gensi
477 4030 534 4073 et
579 4037 733 4083 meo;
789 4024 914 4072 item
959 4022 1197 4084 intelligo,
1255 4036 1352 4085 pro

282 4102 525 4169 sequenti
562 4103 721 4153 verbo
756 4102 1021 4163 interrogo.
1087 4101 1206 4151 Nec
1241 4100 1353 4163 pla·

284 4191 371 4233 cet
397 4186 484 4233 nat
506 4180 727 4238 viderim,
759 4193 851 4242 pro
872 4194 938 4228 on
969 4177 1190 4240 videritis,
1215 4175 1350 4239 quod

283 4259 458 4310 inveni
484 4260 538 4307 in
560 4257 867 4316 Parmensi,
889 4257 1096 4306 Veneto
1117 4259 1168 4305 2.
1188 4255 1350 4307 Guel-³

286 4336 636 4399 pherbytano,
659 4340 714 4387 et
736 4332 870 4385 libro
895 4333 1167 4396 vossiano,
1190 4339 1350 4397 atque

2320 378 2495 493 'sea

1416 585 1471 636 in
1526 584 1760 637 editione
1812 585 2073 639 sichardi.
2140 583 2395 636 Ediderat
2434 590 2492 636 et

1418 662 1688 727 Gryphius
1714 677 1801 713 an.
1833 667 1980 712 1⁵⁸1.
2005 667 2127 721 auu
2162 668 2218 712 at
2241 676 2322 714 an.
2345 664 2494 712 1542.

1420 753 1516 805 pro
1540 754 1607 789 eo
1630 740 1866 804 reposuit
1886 754 1967 788 αιι.
2001 740 2263 790 Schwarz.

1427 852 1444 862 ff.
1484 815 1728 877 Pontifex
1759 815 2020 879 maximus]
2077 815 2199 866 Jam
2236 815 2487 867 Octavius

1419 892 1708 958 Augustus,
1741 907 1806 942 ne
1842 891 1963 956 quid
2005 892 2104 955 ipsi
2136 891 2202 941 ad
2238 905 2487 942 summam

1418 976 1739 1035 potestatem
1813 968 2047 1027 deesset,
2125 967 2488 1032 pontificatum

1418 1047 1720 1109 maximum,
1751 1060 1905 1111 quem
1935 1059 2197 1109 nunqnam
2233 1046 2353 1095 vivo
2387 1045 2491 1094 Le-

1418 1123 1544 1189 pido
1568 1121 1776 1173 auferre
1798 1123 2141 1185 sustinuerat,
2163 1121 2265 1172 hoc
2288 1127 2490 1172 mortno

1419 1199 1649 1264 demum,
1673 1198 1921 1263 suscepit.
1945 1212 2078 1248 anno
2100 1198 2309 1262 quidem
2333 1197 2487 1249 UA).

1420 1289 1646 1329 nccuv.
1675 1275 1847 1342 pridie
1877 1277 2053 1327 Nonas
2076 1276 2316 1325 Martias.
2358 1275 2491 1327 Sne·

1420 1361 1533 1406 ton.
1550 1352 1690 1418 Aug.
1711 1368 1759 1404 c.
1780 1358 1862 1403 sl.
1891 1353 1990 1402 Dio
2016 1354 2049 1402 l.
2073 1365 2183 1402 mv.
2216 1366 2270 1415 p.
2286 1355 2402 1402 540.
2436 1357 2491 1403 et

1418 1429 1583 1482 Ovid.
1621 1430 1768 1480 Fast.
1802 1443 1891 1479 111.
1929 1433 2049 1480 ⁴2⁰.
2113 1428 2234 1478 Hoc
2267 1428 2406 1477 enim
2436 1428 2489 1478 ei
2572 1456 2585 1467 ο

1418 1505 1606 1556 deerat
1640 1504 1706 1555 ad
1747 1518 1993 1554 summam
2034 1517 2203 1554 rerum
2243 1504 2383 1552 omni
2420 1512 2490 1552 ex

1420 1588 1575 1647 parte
1619 1581 1973 1645 explendam;
2027 1594 2145 1630 cum
2190 1578 2491 1643 respublica

1420 1659 1556 1710 bene
1579 1659 1833 1710 ordinata·
1856 1659 2205 1721 contineatur,
2228 1663 2284 1705 et
2314 1655 2490 1719 religi-

1419 1737 1534 1787 ouis
1555 1735 1888 1797 cerimoniis,
1911 1740 1969 1784 et
2004 1734 2205 1798 legibus
2241 1732 2492 1782 humanis.

1422 1812 1507 1863 Ab
1547 1826 1612 1862 eo
1653 1817 1889 1875 tempore
1924 1810 2084 1860 bonos
2117 1809 2162 1859 is
2203 1808 2489 1873 titulusque

1420 1889 1662 1954 proprius
1727 1888 2099 1952 imperatorum
2178 1885 2487 1949 permansit,

1422 1981 1587 2034 usquc
1620 1966 1686 2016 ad
1722 1967 2056 2028 Gratianum,
2092 1965 2178 2029 qui
2204 1964 2399 2028 primus
2423 1977 2491 2013 ex
2576 1970 2586 1981 ⁸

1423 2044 1825 2108 imperatoribus
1866 2042 2178 2093 Christianis
2208 2041 2347 2091 hunc
2379 2052 2490 2090 mo·

1423 2134 1534 2169 rem
1558 2127 1831 2169 aversatus
1865 2125 1964 2181 est,
1988 2125 2126 2168 teste
2149 2113 2490 2172 zoninum-lib.

1424 2209 1481 2246 v.
1550 2195 1685 2245 Vide
1717 2195 2079 2245 Casanbouum
2115 2193 2179 2242 ad
2215 2190 2492 2242 sueton-l.

1422 2284 1472 2320 c.
1495 2276 1551 2320 et
1570 2270 1658 2321 Jo.
1680 2270 1846 2320 Andr.
1877 2271 2092 2319 Bosinm
2124 2268 2193 2318 de
2228 2266 2491 2317 Pontifice

1423 2347 1662 2398 Maximo
1684 2347 1894 2396 Veteris
1921 2346 2115 2396 Roma».
2160 2345 2301 2394 Plin.
2325 2342 2494 2407 Epist·

1426 2436 1485 2474 x.
1519 2426 1603 2473 ¹13.
1640 2421 1705 2472 ad
1739 2422 2046 2485 Trajanum,
2070 2421 2137 2470 de
2174 2417 2491 2470 transferen-

1424 2500 1506 2549 dis
1533 2498 1856 2564 qnoruudam
1883 2506 2202 2548 mortuorum
2240 2496 2496 2560 reliquiis,

1424 2583 1441 2607 ⁸
1456 2574 1567 2637 Te,’
1588 2574 1774 2640 inquit,
1787 2574 1805 2602 ‘
1823 2574 2050 2634 domine,
2068 2572 2346 2621 maximum
2361 2584 2492 2634 pon·

1425 2650 1623 2702 tificem
1647 2648 2019 2701 consulendum
2044 2646 2263 2711 putavi.¹
2317 2646 2491 2695 Caesa·

1426 2742 1529 2792 res,
1566 2727 1654 2793 qui
1693 2726 1916 2777 nondum
1953 2723 2218 2785 fastigium
2266 2720 2494 2783 Augusti

1424 2802 1714 2855 conscende
1722 2811 1859 2866 rant,
1873 2797 2191 2851 solummodo
2205 2795 2498 2862 pontifices,

1425 2890 1480 2930 et
1499 2881 1801 2944 plerumque
1824 2892 1979 2943 snpra
2005 2887 2272 2925 nnmerum
2289 2873 2342 2922 in
2365 2887 2493 2936 pou·

1425 2956 1623 3007 tificum
1646 2955 1918 3017 collegium
1956 2950 2191 3014 cooptati
2215 2947 2400 3009 fuere3
2435 2948 2491 2998 id

1426 3034 1564 3099 quod
1589 3047 1654 3081 ex
1676 3032 1895 3081 nummis
1917 3026 2149 3093 antiquis
2179 3026 2304 3075 satis
2326 3029 2494 3088 patet.

1428 3111 1675 3161 Ceterum
1718 3107 1886 3158 codex
1924 3106 2027 3155 Ms-
2071 3104 2306 3153 Venetus
2346 3105 2395 3151 2.
2434 3105 2495 3149 et

1425 3200 1611 3251 paucae
1635 3183 1912 3244 editiones,
1928 3179 2233 3230 vocabulum
2251 3175 2496 3242 pontifex,

1428 3278 1546 3313 cum
1569 3258 2002 3311 antecedentibus
2026 3257 2191 3307 titulis
2216 3270 2312 3323 per
2331 3267 2495 3319 copu-

1426 3338 1530 3464 llam
1554 3342 1604 3388 et
1626 3337 1974 3401 conjungunt,
2007 3332 2165 3398 idque
2197 3331 2329 3383 satis
2350 3338 2494 3395 apte.

1457 3415 1586 3464 dein.

1489 3489 1731 3549 Pontifex
1759 3484 2022 3549 maximas]
2062 3484 2232 3534 Etiam
2271 3480 2495 3534 Pontifi-

1425 3566 1503 3617 cis
1547 3566 1626 3615 Μ.
1660 3565 1869 3614 nomine
1910 3562 2256 3626 imperatores
2301 3557 2495 3621 gaude-

1426 3641 1577 3703 bant,
1622 3648 1682 3691 ut
1731 3655 1797 3689 ex
1832 3638 2059 3688 nummis
2101 3636 2228 3685 satis
2269 3639 2496 3686 constat.

1427 3716 1587 3782 Apud
1634 3715 1935 3782 pontificem
1981 3713 2260 3762 maximum
2316 3716 2493 3760 autem

1424 3808 1625 3847 summa
1637 3799 1752 3843 erat
1767 3804 2029 3842 sacrorum
2048 3795 2299 3852 potestas.
2330 3787 2496 3838 Plura

1426 3869 1582 3919 Alex.
1604 3868 1669 3918 ab
1687 3869 1838 3917 Alex.
1864 3880 1929 3916 ιι.
1951 3869 2002 3915 8.
2031 3863 2249 3914 Putat-ol.
2490 3898 2499 3907 ‚

1491 3943 1731 4007 Pontifex
1767 3942 2032 4007 mimus]
2080 3942 2261 3998 Forte.
2284 3940 2357 3990 Et
2373 3952 2493 4003 pon·

1426 4021 1552 4082 tifex
1570 4020 1824 4071 maximus.
1851 4018 2016 4069 Livin-

1490 4097 1730 4159 Pontifeoe
1750 4092 2197 4158 maximasJLivin.
2211 4056 2393 4145 inserit
2413 4096 2495 4143 ete

1426 4177 1610 4243 probe.
1635 4176 1769 4225 Rite.

1491 4253 1560 4301 Et
1583 4252 1709 4302 sedit
1742 4244 2038 4309 inturbata]
2070 4244 2251 4297 Codex
2279 4245 2494 4296 Vatica-

1424 4342 1521 4381 nus
1540 4331 1689 4379 8461.
1712 4327 1837 4379 vitio
1861 4323 2081 4380 laborat,
2104 4320 2225 4371 dum
2247 4320 2425 4378 refert,
2442 4324 2495 4370 et
