3017 4942
765 382 833 429 e.
879 378 1127 429 amun
1175 377 1515 429 saeuum
1565 377 1843 428 Panno.
1924 379 1976 427 1.
2007 363 2118 429 50.
2406 363 2540 430 ’743

325 525 575 590 pellatur·
641 523 750 575 Pro
782 522 943 574 verbo
964 523 1316 585 circumfertur,
1344 522 1399 573 in

327 603 514 652 codice
549 601 808 653 Vaticano
840 605 991 652 3461.
1026 602 1283 666 scriptum
1316 606 1400 652 est

321 679 587 738 confertur.
610 680 780 732 Idem.

1473 523 1624 574 nius:
1671 523 1767 575 ‘ut
1800 530 2123 588 proponatur
2147 521 2383 574 omuibus
2415 538 2541 576 exe·

1473 601 1672 651 cranda
1702 602 1991 652 Domitiani
2017 601 2258 663 avaritia,
2291 601 2415 668 qui,'
2441 605 2540 653 &c-

1472 676 1630 728 Hanc
1652 677 1816 741 ipsam
1846 677 2126 728 lectionem
2151 679 2343 741 primns
2364 691 2394 728 e
2415 694 2538 730 con-

394 755 604 822 rabula]
628 757 883 807 villarum
904 754 1286 822 fundorumque
1309 771 1397 807 ve·
1463 750 1680 816 jectura
1702 754 1756 802 in
1795 754 2030 818 margine
2049 753 2294 804 editionis
2317 770 2424 805 sua
2447 770 2538 806 an·

323 833 544 890 nulium,
569 833 659 899 qui
684 833 938 897 principis
958 832 1203 883 fuissent.
1259 833 1397 883 Nam

326 909 511 959 Nerva
544 909 657 973 jam
682 917 806 960 ante
831 910 1145 960 vendiderat
1167 908 1248 973 (in
1271 909 1396 959 Dio-

323 986 419 1053 ne)
440 988 456 1015 ‘
478 989 715 1052 pecunia
731 1003 912 1053 egens,
934 997 1127 1046 vestes,
1148 1003 1285 1046 vasa,
1314 1003 1397 1038 su·

323 1065 742 1129 pellectilem,et
764 1066 1016 1132 quidquid
1037 1080 1137 1115 nou
1157 1079 1398 1115 necessa-

322 1143 457 1192 rium
483 1143 535 1192 in
559 1145 680 1193 aula
701 1141 874 1193 esset-³
910 1142 985 1193 At
1013 1142 1274 1207 Trajanus
1297 1142 1397 1206 igi·

320 1224 411 1269 tur
432 1232 500 1268 ex
526 1221 643 1284 ipso
675 1219 983 1284 patrimonio
1004 1219 1282 1283 principali
1303 1220 1397 1268 im·

320 1296 542 1347 minuit:
598 1295 739 1362 quod
784 1295 1089 1347 immensum
1138 1302 1398 1347 creverat.

322 1372 472 1436 Lips-

393 1448 601 1513 Tdnda]
641 1449 658 1478 ⁶
685 1448 983 1500 Antoninus
1028 1447 1394 1514 Philosophus,

319 1539 390 1574 ne
415 1525 471 1574 in
491 1524 629 1575 bello
650 1525 1095 1586 Marcomannico,
1117 1525 1255 1590 quod
1288 1540 1396 1575 om·

321 1615 390 1653 ne
425 1603 665 1652 aerarium
704 1602 1048 1658 exhausisset,
1077 1608 1224 1652 extra
1258 1601 1395 1652 ordi-

319 1693 442 1728 nem
462 1678 863 1742 provincialibus
877 1677 1075 1743 aliquid
1091 1678 1396 1743 imperaret,

318 1755 374 1805 in
398 1754 516 1805 foro
539 1755 661 1805 Divi
682 1755 896 1819 Trajani
925 1755 1215 1805 auctionem
1242 1770 1394 1805 orna·

317 1837 620 1887 mentorum
655 1832 1004 1896 imperialium
1040 1830 1205 1882 fecit.’
1237 1832 1395 1895 Capi·

319 1909 415 1958 tol.
436 1922 484 1959 c.
510 1911 590 1958 16.
654 1908 793 1960 Quid
815 1908 1017 1959 nostri?
1053 1915 1229 1959 nostra
1252 1906 1394 1972 ἄγαν

324 1982 406 2033 καὶ
426 1982 607 2048 φέρειν.
634 1984 790 2036 Beni.
1283 2025 1290 2028 ‚

390 2062 535 2119 Quod
554 2061 621 2112 sit
642 2060 947 2126 detestanda]
987 2058 1152 2113 'Forte
1177 2062 1283 2119 Quo
1303 2061 1390 2112 sit.

323 2137 498 2188 Lirin.

388 2216 532 2273 Quod
548 2215 641 2281 sit]
670 2217 777 2274 Quo
795 2216 879 2266 sie.
945 2215 1156 2268 Odoror
1190 2217 1386 2269 hiatum

317 2291 564 2356 aliquem,
589 2293 680 2342 sed
705 2295 893 2345 levem.
914 2293 1054 2358 Lips.

385 2370 530 2426 Quod
558 2371 651 2436 sit]
688 2371 855 2422 Valde
890 2371 1096 2435 dubito,
1136 2378 1209 2423 an'
1236 2374 1386 2438 hujus

315 2446 420 2498 loci
465 2447 828 2519 integritatem
877 2458 1135 2512 praestare
1176 2451 1386 2514 possim.

317 2525 543 2588 Lipsius,
589 2523 607 2552 ‘
631 2523 881 2588 Odoror,’
931 2526 1119 2592 inquit,
1155 2527 1385 2581 ‘hiatum

311 2603 569 2668 aliquem,
602 2601 696 2652 sed
730 2601 931 2652 levem!
993 2603 1241 2668 Bebrius,
1276 2606 1386 2657 Ge·

313 2679 582 2742 dunensis,
606 2678 744 2731 hunc
767 2678 962 2731 hiatum
981 2681 1285 2744 expleturus
1308 2696 1389 2731 re·

309 2755 652 2810 scribendum
677 2757 887 2821 putavit
919 2756 1081 2808 tabula
1112 2759 1282 2821 ingens
1314 2775 1390 2811 re·

310 2849 422 2884 man
447 2833 685 2884 nemim
701 2851 724 2893 ,·
755 2849 862 2897 qma
882 2834 1025 2885 testis
1042 2841 1135 2893 est,
1160 2852 1301 2899 quam
1321 2838 1391 2889 sit

310 2912 603 2961 detestanda
636 2910 866 2975 avaritia,
902 2913 987 2975 85⁶.
1067 2913 1172 2962 Sed
1213 2913 1387 2976 huJus·

311 2990 460 3039 modi
475 2987 923 3047 intercalationes,
939 2989 1268 3055 antiquitatis
1287 2998 1389 3041 tes·

301 3065 538 3118 simonio
561 3066 870 3128 destitutas,
896 3080 998 3116 non
1023 3064 1181 3116 facile
1204 3066 1391 3118 admit·

308 3144 382 3194 tit
404 3143 597 3194 critica
619 3141 974 3204 moderatior3
1008 3143 1242 3207 quamvis
1266 3145 1388 3195 alio-

311 3221 443 3286 quin
475 3234 655 3269 earum
692 3218 954 3271 sententia
990 3220 1117 3272 nihil
1147 3219 1391 3284 σόλοικον,

311 3298 441 3347 nihil
460 3296 761 3353 absurdum,
780 3297 1071 3347 contineat.
1140 3298 1391 3349 Animad-

309 3382 472 3425 verto
490 3382 665 3425 autem
689 3374 742 3424 in
768 3374 915 3424 libris
940 3384 1050 3424 tres
1082 3375 1249 3427 varias
1285 3377 1388 3426 lec·

310 3455 500 3504 tiones.
590 3452 935 3510 Boxhornius,
976 3452 1389 3511 Kirchmaierus,

301 3538 382 3580 et·
394 3531 676 3591 cellarius,
695 3530 785 3596 qui
817 3545 941 3581 vero
978 3532 1121 3580 nullo
1148 3533 1386 3583 codicum

293 3608 448 3658 ,Mam
470 3606 707 3657 subsidio
732 3607 809 3657 usi
846 3614 987 3663 sunt,
1009 3607 1223 3658 edidere
1250 3610 1389 3664 Quod

298 3685 393 3751 fit.
449 3684 554 3734 Ubi
578 3684 783 3747 opinor,
808 3689 1090 3748 sequentes
1115 3699 1284 3742 voces,
1304 3686 1384 3739 da·

311 3762 535 3811 testanda
547 3759 777 3822 avaritia,
790 3772 915 3809 casu
934 3765 1087 3808 sexto
1105 3761 1276 3823 accipi
1294 3762 1385 3811 de-

309 3837 475 3900 bere3
511 3843 669 3900 prout
709 3835 921 3892 dicitur,
942 3835 1015 3900 fit
1038 3836 1174 3898 fato,
1192 3837 1266 3903 fit
1302 3843 1386 3888 tua

307 3916 466 3979 culpa,
497 3917 580 3978 &c-
601 3914 748 3978 quasi
783 3913 962 3963 dicere
988 3914 1211 3963 voluerit
1246 3915 1386 3964 Pun.

316 3991 459 4047 Quod
495 3988 733 4054 (nempe,
773 3996 831 4038 ut
870 3988 1273 4039 circumferatur
1307 3999 1385 4045 ta·

311 4068 438 4118 bula
469 4064 584 4132 illa)
619 4065 692 4132 fit
714 4066 995 4117 detestanda
1014 4066 1245 4129 avaritia,
1275 4067 1311 4115 i.
1335 4082 1385 4117 e.

310 4151 531 4210 propter
554 4140 921 4193 detestandam
939 4141 1207 4191 avaritiam
1232 4143 1386 4195 iliius.

308 4220 418 4275 {Alii
474 4217 673 4269 babent
731 4218 839 4275 Quo
879 4217 965 4266 sit.
1030 4217 1199 4268 Quam
1239 4219 1386 4273 lecti·

313 4311 466 4348 onem
485 4298 622 4347 hunc
645 4295 698 4345 in
712 4293 921 4345 modum
938 4291 1230 4358 παραφράζει
1246 4295 1384 4345 Bau·

1471 839 1749 881 notaverat
1773 833 2059 896 Livineius,
2076 839 2233 897 atque
2251 834 2328 884 ita
2350 834 2538 899 proba·-

1472 909 1549 957 vit
1573 909 1688 959 aliis
1719 908 1840 959 viris
1869 909 2111 974 eruditis,
2134 918 2191 959 ut
2215 909 2435 960 eandem
2458 911 2539 961 in-

1471 985 1626 1034 terim
1666 987 1718 1034 in
1759 994 2063 1036 contextum
2090 986 2386 1048 receperint
2413 986 2538 1050 Lip-

1470 1060 1595 1123 sius,
1632 1060 1960 1127 Bernegger,
1994 1063 2252 1120 Graevius,
2286 1063 2536 1122 nannius.

1469 1136 1706 1196 Patarol,
1732 1139 1892 1196 (leva,
1915 1139 2202 1189 Gesnerus.
2265 1138 2340 1189 At
2356 1150 2538 1192 omnen

1469 1213 1682 1264 codices
1716 1214 1847 1264 Mss.
1880 1215 2138 1264 communi
2175 1228 2447 1276 consensu,
2480 1219 2540 1266 et

1469 1306 1650 1342 omnes
1672 1293 1833 1342 ceteri
1871 1292 1987 1341 libri
2026 1292 2282 1356 impressi,
2308 1292 2539 1356 produnt

1473 1370 1612 1427 Quod
1626 1370 1714 1422 sit.
1781 1370 1952 1422 Quam
1976 1372 2252 1422 lectionem
2272 1372 2384 1421 sine
2403 1370 2539 1423 diffie

1470 1448 1670 1498 cultate
1695 1453 1836 1498 recte
1856 1462 2008 1513 posse
2033 1449 2246 1511 exponi,
2270 1447 2537 1513 professus

1469 1523 1680 1588 quidem
1717 1532 1832 1585 est;
1865 1525 1976 1587 sed,
1998 1525 2135 1590 quod
2157 1540 2275 1575 cum
2301 1526 2537 1577 Gesnero

1469 1614 1608 1663 oegre
1631 1599 1765 1663 fero,
1787 1616 1887 1650 non
1911 1602 2023 1666 ipse
2053 1602 2293 1665 exposuit
2317 1601 2536 1654 Arutze·

1467 1677 1604 1730 nius.
1671 1679 1892 1729 Interim
1930 1680 2236 1744 particulam
2262 1681 2404 1743 quod,
2440 1694 2536 1744 per

1468 1754 1666 1821 ‘quia,'
1711 1758 1793 1807 vel
1834 1763 1930 1807 ‘eo
1965 1755 2139 1820 qitod,'
2171 1757 2535 1820 explicandam

1467 1840 1620 1897 puto,
1637 1834 1782 1898 qnasi
1800 1832 1947 1883 dicat
1965 1831 2535 1895 Plinius,‘Circumfer·

1467 1914 1558 1958 tur
1579 1910 1675 1960 sub
1695 1911 1897 1961 nomine
1912 1910 2134 1961 carsatis
2154 1909 2332 1960 tabula
2349 1910 2534 1975 ingens

1465 1999 1640 2036 rerum
1660 1987 1935 2046 venalium,
1952 2001 2015 2037 eo
2030 1985 2165 2052 quod
2183 1986 2251 2035 sit
2269 1987 2537 2037 detestan-

1464 2060 1534 2112 da
1548 2062 1804 2125 avaritia-,⁹
1817 2065 1919 2113 dte.
1976 2062 2132 2114 Quod
2146 2062 2193 2112 si
2216 2077 2336 2113 vero
2351 2068 2536 2114 contra

1375 2167 1382 2175 ·
1464 2139 1762 2188 communia
1799 2147 1882 2189 tot
1919 2139 2169 2190 librorum
2202 2140 2535 2203 antiquorum

1462 2213 1711 2279 suffragia
1726 2216 2041 2280 conjecturae
2057 2216 2229 2265 locum
2248 2215 2536 2267 concedere

1375 2322 1378 2331 -
1461 2292 1642 2354 liceat,
1677 2293 1789 2356 ipse
1812 2308 2015 2360 quoque
2052 2293 2372 2358 conjecturae
2397 2293 2536 2344 Livi-

1462 2369 1566 2419 neii
1590 2369 1756 2418 locum
1778 2368 2118 2434 indulgerem.
2140 2367 2381 2419 Schwarz·

1467 2482 1474 2487 ,
1532 2446 1696 2511 Illius]
1724 2446 2009 2497 Domitiani
2036 2448 2242 2510 palam3
2276 2448 2429 2503 male,
2444 2447 2533 2512 qui

1464 2522 1531 2573 ad
1562 2524 1822 2573 Neronem
1845 2523 2077 2574 trallunt.
2094 2521 2234 2587 Lips-

1529 2602 1648 2651 Tum
1668 2600 1907 2664 exitialis]
1933 2601 2109 2650 Tamen
2127 2599 2344 2650 exitialis
2366 2600 2535 2650 Livin-

1462 2678 1515 2727 in
1549 2686 1718 2742 textu,
1749 2678 1839 2728 sed
1875 2677 1927 2727 in
1963 2691 2131 2741 marg.
2166 2678 2290 2727 Tum
2318 2678 2534 2729 exitialia

1521 2834 1645 2882 Tum
1653 2831 1870 2883 exitialis
1881 2831 2013 2896 erat]
2032 2831 2251 2884 Codices
2269 2833 2399 2884 Mss.
2422 2833 2531 2883 Va·

1461 2910 1643 2967 ticani,
1660 2909 1994 2968 Parisiensis,
2009 2910 2220 2972 Veneti,
2236 2910 2532 2976 Guelpher-

1462 2986 1707 3052 bytanus,
1752 3002 1917 3049 meua,
1964 2995 2112 3038 recte
2156 2982 2354 3039 babent
2391 2995 2493 3040 tum
2513 3006 2533 3049 ς

1462 3079 1560 3128 pro
1582 3078 1682 3129 qua
1708 3065 1963 3127 particula
1990 3080 2095 3115 non
2117 3067 2274 3130 pauci
2297 3067 2530 3119 editores

1454 3141 1778 3205 evulgarunt
1791 3147 1969 3192 tamen.
2000 3142 2197 3193 Verum
2216 3145 2410 3195 rectius
2430 3146 2531 3196 sibi

1463 3217 1785 3281 respondent
1805 3224 1906 3268 tum
1939 3224 1997 3269 et
2029 3235 2175 3271 nunc.
2237 3221 2323 3272 Sic
2356 3231 2412 3272 et
2445 3223 2532 3273 ci-

1463 3308 1590 3344 cero
1609 3295 1703 3344 has
1729 3295 2014 3359 particulas
2036 3298 2174 3347 inter
2198 3312 2255 3347 se
2279 3297 2486 3350 confert
2509 3316 2526 3363 ς

1461 3387 1513 3422 v.
1535 3389 1585 3437 g.
1609 3373 1752 3423 Fam.
1780 3386 1863 3423 ix.
1894 3377 1972 3423 16.
2007 3380 2022 3404 ⁸
2045 3375 2178 3425 Tum
2217 3377 2373 3433 enim,
2409 3392 2528 3428 cum

1461 3462 1573 3498 rem
1594 3448 1841 3512 habebas,
1861 3450 2182 3515 quaesticulis
2199 3458 2250 3502 te
2272 3450 2530 3503 faciebam

1459 3526 1831 3577 attemiorem:
1890 3540 2047 3590 nunc,
2087 3542 2204 3578 cum
2239 3536 2341 3578 tam
2377 3544 2528 3595 aequo

1459 3605 1631 3653 animo
1655 3604 1789 3652 bona
1830 3603 2032 3669 perdas,
2055 3618 2158 3653 non
2182 3619 2246 3654 eo
2269 3605 2339 3655 sia
2362 3607 2528 3657 consi·

1461 3679 1566 3744 lio,'
1587 3684 1681 3731 ὅτε.
1715 3679 1863 3729 Idem
1886 3680 1949 3728 ad
1977 3680 2144 3731 Attic.
2163 3695 2244 3731 rx.
2261 3685 2340 3732 19.
2364 3690 2379 3714 *
2395 3684 2528 3734 Tum

1459 3771 1666 3806 eramus
1711 3757 1763 3806 in
1802 3755 2026 3805 maxima
2068 3770 2195 3820 spe3
2244 3772 2384 3808 nunc
2426 3771 2528 3823 ego

1460 3833 1670 3899 quidem
1710 3833 1762 3881 in
1798 3829 1976 3881 nulla.'
2043 3833 2299 3898 Equidem
2339 3837 2527 3889 eodem

1458 3922 1669 3973 prorsus
1693 3907 1847 3957 modo
1869 3907 2026 3956 etiam
2051 3908 2323 3972 particulis
2336 3917 2449 3962 tunc
2470 3920 2530 3965 et

1459 4000 1585 4035 nunc
1608 3992 1826 4033 utuntur
1855 3982 2042 4046 optimi
2070 3991 2308 4036 auctores
2333 3990 2524 4055 Latini,

1458 4077 1657 4126 easque
1680 4062 1837 4110 etiam
1862 4060 1914 4109 in
1940 4059 2037 4109 hoc
2061 4059 2222 4111 Plinii
2245 4063 2359 4114 loco
2381 4068 2525 4117 evul-

1457 4147 1651 4205 garunt
1668 4153 1766 4188 non
1787 4137 1945 4199 nulli3
1980 4138 2073 4186 sed
2096 4153 2199 4188 non
2223 4148 2322 4199 est,
2340 4157 2432 4192 cnr
2457 4144 2572 4195 alr--

1457 4217 1773 4272 anactoritate
1797 4213 2039 4269 codicum
2059 4215 2191 4267 Mss.
2204 4218 2524 4273 recedamus.

1460 4295 1752 4358 Praeterea,
1771 4293 1823 4342 in
1843 4292 2025 4342 codice
2045 4292 2444 4362 Salisburgensi,
2467 4307 2523 4349 et
