3017 4942
480 369 614 437 582

481 530 708 596 pretium
734 528 987 593 exemplis
1010 528 1373 593 comprobare.
1426 528 1552 591 Lip-

483 607 588 658 sius
624 607 916 669 suspicatus
949 606 1033 656 hic
1070 612 1151 656 est
1174 607 1240 655 de
1278 606 1424 655 biatu
1461 606 1553 656 ali-

480 698 622 749 quo:
679 691 756 743 et,
799 685 925 734 licet
964 683 1133 734 fassus
1177 683 1267 744 sit,
1311 684 1552 747 apposite

480 761 762 825 congiariis
808 776 1062 811 annonam
1106 761 1335 822 subtexi,
1376 768 1552 810 tamen

481 839 731 904 opinatus
771 846 872 897 est,
909 840 1092 889 abesse
1137 840 1328 903 aliqua,
1365 838 1551 902 quibus

483 918 672 969 decore
694 933 754 968 eo
778 918 1040 968 transierit
1065 917 1287 967 Plinius.
1337 918 1452 980 Ego
1474 916 1551 966 ni·

478 995 553 1046 bil
573 1009 781 1060 prorsus
801 994 985 1044 deesse
1005 1000 1134 1057 puto
1153 1009 1168 1055 ς
1192 1001 1441 1055 attamen,
1456 1008 1552 1057 pro

478 1086 611 1123 voce
634 1087 740 1135 ego,
767 1072 849 1121 vel
870 1085 1005 1132 ergo,
1037 1071 1221 1119 mirum
1256 1070 1308 1119 in
1341 1069 1550 1120 modurn

480 1149 636 1199 velim
683 1147 999 1199 substituere
1037 1162 1166 1204 vero,
1204 1153 1392 1211 utpote
1433 1161 1550 1210 quat

480 1226 740 1292 particula
784 1225 848 1277 ad
894 1225 1336 1275 enumerationem
1383 1225 1551 1274 varia-

480 1321 595 1357 rum
619 1306 867 1371 partium,
885 1312 941 1356 et
964 1305 1027 1354 ad
1065 1304 1445 1369 transitionem,
1466 1312 1550 1355 est

479 1384 988 1450 peraceommodata.
1051 1383 1268 1434 Scilicet
1327 1381 1552 1443 Plinius,

479 1461 781 1511 laudaturus
821 1460 1078 1524 insignem
1113 1458 1321 1523 Trajani
1358 1458 1548 1508 libera-

481 1538 700 1594 litatem,
769 1538 1036 1601 bucusque
1103 1535 1550 1594 commemoravit,

480 1614 910 1681 quemadmodum
965 1614 1048 1664 liic
1105 1615 1389 1678 imperator
1433 1613 1547 1676 jam

479 1692 678 1757 populo
700 1691 910 1742 dederit
933 1690 1269 1756 congiarium,
1292 1700 1346 1740 et
1371 1691 1548 1741 militi·

476 1769 574 1820 bus
599 1769 927 1830 donativum3
963 1768 1087 1817 item
1127 1773 1183 1817 et
1221 1767 1550 1832 prospexerit

478 1844 768 1895 infantibus
813 1845 880 1894 de
926 1844 1206 1894 alimentis.
1273 1845 1397 1895 Istae
1435 1846 1547 1910 qui*-

480 1921 601 1971 dem
645 1922 1008 1978 liberalitates,
1050 1922 1281 1990 quamvis
1326 1936 1551 1987 magnae,

476 1999 715 2062 quamvis
748 1998 941 2062 populo
971 1998 1300 2062 gratissime,
1325 2004 1549 2048 tantum·

479 2074 635 2126 modo
659 2082 833 2126 tamen
857 2083 1008 2126 erant
1036 2076 1468 2126 extraordinariae
1491 2083 1549 2125 et

476 2155 830 2219 temporat-im,
870 2161 1025 2219 atque
1069 2155 1131 2204 ad
1178 2162 1376 2218 partem
1418 2154 1548 2204 dun-

478 2235 630 2280 taxat
654 2231 829 2295 populi
856 2231 1205 2295 pertinebant.
1252 2230 1405 2280 Nunc
1425 2244 1549 2280 vero

481 2307 683 2357 Plinius
729 2309 794 2357 ad
837 2308 975 2358 aliud
1012 2324 1176 2373 genus
1218 2308 1549 2358 liberalitatis

480 2385 833 2448 progreditur,
863 2398 1051 2449 nempe
1086 2385 1149 2434 ad
1183 2399 1357 2434 curam
1392 2398 1548 2438 anno·

482 2475 583 2518 na»,
601 2476 715 2525 quae
739 2477 802 2511 eo
822 2462 1051 2526 valebat,
1073 2471 1133 2513 ut
1156 2463 1308 2527 copia
1328 2462 1547 2512 frumen·

478 2537 522 2587 ti
568 2551 827 2601 nunquam
874 2541 1079 2588 deesset
1125 2541 1338 2603 populo,
1375 2552 1549 2602 neque

480 2614 591 2678 ejus
637 2616 859 2679 pretium
914 2616 1066 2665 nimis
1092 2645 1097 2650 -
1123 2616 1549 2680 ingravesceret3

478 2692 623 2749 item,
649 2699 706 2741 ut
738 2693 915 2758 egenti
951 2692 1092 2757 plebi
1126 2694 1277 2743 statis
1302 2691 1550 2758 tempori-

478 2768 576 2819 bus
620 2784 842 2830 annona,
876 2771 957 2819 vel
994 2769 1190 2820 leviore
1233 2770 1428 2835 pretio,
1465 2772 1550 2820 vei

478 2860 687 2908 prorsus
711 2847 893 2910 gratis,
912 2846 1250 2898 divideretur.
1293 2848 1432 2911 Apte
1456 2847 1549 2912 igi·

474 2928 567 2971 tur
583 2923 921 2989 appositeque
946 2939 977 2972 a
998 2924 1151 2974 laude
1175 2923 1548 2988 congiarii,‹lo·

476 2999 660 3060 nativi,
706 3005 763 3048 et
810 3001 1190 3060 alimentorum,
1224 2999 1426 3049 Plinius
1473 3000 1549 3049 sic

480 3076 668 3124 transit
703 3074 768 3124 ad
799 3073 1006 3124 laudem
1029 3088 1173 3125 curas
1205 3088 1443 3137 annona,
1463 3075 1549 3124 Is-

476 3158 581 3202 atnr
604 3166 728 3202 vero
746 3154 963 3216 perpetui
978 3152 1217 3215 magian-ii
1232 3167 1341 3202 reor
1355 3153 1547 3218 φαει-

476 3228 852 3278 cummanum.
917 3228 1001 3278 Ita
1041 3242 1166 3277 vero
1216 3243 1314 3292 ego
1370 3230 1548 3291 credo,

481 3307 667 3355 saltem
691 3306 815 3355 nihil
844 3307 966 3371 Jure
999 3307 1189 3370 requiri
1215 3321 1385 3370 posse,
1409 3308 1546 3372 quod

480 3390 745 3446 praeterea
770 3383 1035 3446 pertineat
1070 3383 1135 3432 ad
1172 3384 1549 3434 transitionem.

481 3459 828 3510 Nihilominus
865 3465 1033 3509 tamen
1065 3461 1288 3511 noudum
1314 3475 1444 3525 opus
1467 3477 1548 3510 es·

481 3551 539 3587 se
567 3536 742 3597 video,
780 3543 837 3586 ut
862 3550 1037 3586 vocem
1076 3537 1296 3601 aliquam
1338 3539 1546 3589 aliunde

480 3628 762 3674 arcessam,
828 3614 977 3677 cujus
1033 3615 1305 3678 vestigium
1374 3615 1546 3664 nullus

480 3705 688 3755 prorsus
723 3692 854 3741 iiber
894 3690 1060 3740 adhuc
1092 3692 1338 3742 ostendit.
1408 3692 1549 3744 Satis

476 3775 579 3831 est,
605 3770 713 3832 jam
751 3769 950 3833 aliquot
978 3768 1212 3817 codicum
1237 3768 1441 3819 indiciis
1464 3783 1547 3819 re-

481 3845 642 3908 periri
693 3844 999 3907 particulam
1041 3859 1194 3906 ergo‚·
1240 3845 1352 3894 baee
1382 3850 1547 3894 -certe

482 3934 584 3970 non
610 3934 817 3984 semper
839 3930 919 3970 est
945 3921 1224 3982 caussalis3
1260 3920 1355 3971 sed
1388 3922 1547 3971 etiam

481 3996 759 4061 aliquando
780 3998 964 4047 saltem
988 3999 1324 4061 completiva,
1344 3998 1548 4049 eadem·

481 4089 581 4138 que
604 4074 820 4123 inservit
854 4076 1182 4137 transitioni;
1217 4076 1371 4126 immo
1394 4082 1449 4125 et
1474 4077 1549 4126 vi-

482 4164 596 4199 cem
622 4150 1002 4213 conjunctiouis
1016 4151 1402 4202 verointerdum
1430 4150 1547 4201 red·

482 4227 580 4276 dit.
647 4226 908 4276 Priscian.
945 4227 1036 4276 lib.
1060 4240 1226 4276 xvnr.
1257 4242 1378 4293 pag.
1403 4233 1551 4279 1170.

480 4311 498 4334 ⁴
519 4305 670 4369 Nam,
692 4303 837 4367 euim,
868 4300 1018 4366 ergo‚'
1051 4303 1240 4367 inquit,
1283 4306 1419 4354 ‘non
1463 4318 1547 4354 so-

1180 384 1400 434 1401·AE
1453 385 1864 437 valuerunt
1918 387 1998 437 ΙΝ

1627 529 1730 580 inm
1755 530 2038 590 caussales,
2063 534 2143 583 vel
2168 534 2463 598 rationales,
2480 536 2572 585 sed
2597 537 2700 587 eti·

1627 621 1708 657 am
1743 609 2093 671 completivae,
2130 619 2186 661 et
2219 612 2587 664 confirmativa
2621 616 2697 663 in-

1615 684 1940 735 .veniuntur.’
2006 687 2112 745 lta,
2134 688 2198 739 ad
2237 688 2442 739 modum
2472 692 2698 741 transiti-

1625 761 1760 819 onis,
1797 777 1916 812 usus
1953 772 2037 815 est
2077 766 2170 815 bac
2204 766 2458 830 particula
2480 769 2700 827 Cicero;

1626 852 1677 888 v.
1699 854 1750 904 g.
1808 837 1919 890 Off.
1946 855 2009 891 tr.
2034 845 2083 891 8.
2115 848 2132 871 ⁴
2150 841 2282 894 Qum
2305 855 2431 907 ergo
2451 842 2516 893 ad
2533 845 2696 894 vitam

1625 914 1888 965 hominum
1914 916 2158 967 tuendam
2194 919 2479 983 pertinent,
2501 921 2694 982 partim
2760 951 2772 962 ·

1617 998 1746 1041 sunt
1768 991 2030 1054 inanima,'
2052 996 2152 1044 &c.
2207 994 2442 1046 Eandem
2461 996 2696 1059 particu-

1626 1068 1728 1118 lam
1750 1084 1866 1132 ergo
1887 1084 1989 1120 non
2009 1086 2129 1122 raro
2151 1072 2403 1123 inservire
2430 1074 2698 1124 transitio-

1625 1144 1699 1204 ni,
1712 1144 1826 1209 jam
1847 1162 2054 1213 quoque
2078 1148 2325 1199 Bartbius
2349 1157 2410 1200 et
2435 1150 2696 1202 Burman·

1624 1234 1722 1272 nus
1778 1230 2100 1275 annotarunt
2148 1226 2214 1275 ad
2270 1226 2444 1277 Gratii
2488 1227 2693 1292 Cyneg.

1624 1313 1702 1348 vs.
1725 1303 1838 1351 105.
1860 1309 1914 1351 et
1937 1305 2052 1352 887.
2116 1302 2251 1352 Inde
2281 1303 2371 1354 illa
2403 1304 2562 1353 etiam
2597 1317 2696 1367 pra

1624 1375 1641 1404 ⁶
1658 1375 1849 1427 deinde
1864 1377 1881 1401 ’
1905 1379 2116 1442 ponitur
2131 1393 2163 1428 a
2178 1378 2327 1443 Virg.
2349 1379 2471 1429 AEn.
2483 1393 2560 1430 vt.
2575 1383 2696 1430 884.

1624 1451 1641 1479 ‘
1665 1453 1810 1517 Ergo
1831 1455 1933 1504 iter
1955 1455 2226 1519 inceptum
2250 1455 2551 1521 peragunt?
2606 1456 2692 1506 Ad

1624 1543 1778 1594 quem
1824 1532 1993 1582 locum
2045 1532 2218 1583 Cerda
2261 1531 2377 1583 1»ae0
2429 1546 2694 1583 commen·

1595 1609 1806 1659 'taturz
1852 1611 1869 1636 ‘
1896 1608 2087 1659 Placet
2135 1610 2418 1674 explicatio
2454 1611 2696 1666 canteri,

1622 1683 1762 1734 Nor.
1796 1685 1947 1735 Lect.
1989 1700 2068 1736 tv.
2107 1690 2194 1737 26.
2228 1694 2286 1736 ut
2328 1687 2414 1737 bic
2460 1702 2578 1756 ergo
2621 1687 2695 1738 sit

1620 1761 1826 1814 &index
1902 1765 2054 1816 Sicut
2090 1766 2144 1815 iu
2178 1766 2425 1831 Propert.
2445 1781 2529 1817 ru.
2552 1773 2603 1818 2.
2638 1776 2695 1818 et

1623 1838 1745 1904 quia
1787 1841 1965 1892 similis
2006 1857 2127 1905 vox,
2158 1844 2175 1872 ‘
2204 1841 2585 1909 igitur,'.saepe
2635 1846 2687 1895 ia

1623 1916 1816 1969 Plauto
1840 1921 2051 1984 ponitur
2074 1934 2169 1984 pro
2198 1919 2215 1948 ‘
2233 1919 2394 1978 inde.’
2425 1924 2443 1951 ‘
2461 1921 2695 1978 deinde?

1618 1994 1637 2024 ‘
1653 1995 1879 2058 postea.'
1914 1998 2155 2059 Demnm,
2177 1998 2300 2062 quia
2313 1997 2564 2049 Graecum
2586 1997 2693 2049 eh·

1623 2084 1766 2135 soepe
1808 2073 1999 2124 Cicero
2037 2075 2195 2125 vertit
2237 2077 2255 2105 ⁸
2273 2075 2438 2139 ergo!
2506 2077 2685 2142 Atque

1617 2146 1773 2214 adeo,
1796 2149 1986 2212 ‘ergo'
2020 2151 2176 2200 etiam
2209 2164 2305 2215 pro
2340 2154 2355 2182 ⁶
2379 2152 2539 2210 vero,’
2575 2155 2688 2204 sive

1621 2225 1639 2253 ⁸
1660 2230 1832 2275 autem
1848 2224 1863 2247 ⁹
1884 2227 2027 2290 poni,
2049 2228 2377 2279 Passeratius
2401 2232 2575 2280 multis
2601 2247 2692 2281 ex·

1622 2302 1808 2365 amplis
1861 2304 2188 2368 comprobat,
2225 2307 2275 2355 iu
2331 2308 2583 2357 Praelect.
2619 2309 2687 2357 ad

1622 2377 1810 2427 Tibull.
1831 2392 1915 2429 tv.
1936 2383 2049 2429 161.
2067 2395 2119 2444 p.
2142 2386 2256 2431 121.
2279 2390 2333 2432 et
2355 2381 2421 2432 ad
2442 2384 2688 2449 Propon.

1622 2468 1711 2505 nr.
1736 2460 1784 2505 3.
1803 2470 1859 2519 p.
1878 2459 1993 2507 418.
2018 2455 2332 2509 Adsciscaut
2348 2459 2509 2521 igitur
2528 2463 2687 2525 parti·

1619 2533 1793 2582 culam
1814 2547 1948 2595 ergo,
1972 2535 2056 2598 qui
2084 2535 2259 2584 volent
2276 2551 2292 2597 3
2312 2537 2436 2585 mibi
2456 2538 2685 2588 nondum

1625 2611 1973 2659 necessarium
2012 2611 2173 2659 visum
2207 2617 2290 2661 est
2322 2614 2541 2677 rejicere
2568 2629 2687 2679 pro·

1622 2698 1809 2734 nornen
1832 2700 1935 2747 ego.
1969 2687 2232 2737 schwarz-

1687 2762 2000 2829 Affluestinni
2028 2764 2253 2828 omna]
2288 2766 2520 2818 Annonoe
2550 2783 2688 2819 com·-

1624 2840 1890 2904 parandae,
1904 2849 1961 2890 et
1983 2855 2012 2891 e
2031 2840 2384 2893 frumentariis
2405 2848 2689 2909 provinciis

1625 2917 1677 2967 in
1699 2917 1877 2967 urbem
1901 2918 2269 2978 convehendae,
2294 2921 2401 2984 jam
2425 2925 2477 2971 in
2499 2925 2688 2987 repub-

1623 2995 1726 3046 lica
1760 2996 1924 3045 libera
1957 2996 2179 3060 diligens
2212 2997 2500 3049 habebatur
2536 3003 2687 3060 ratio',

1623 3074 1698 3123 ita
1734 3071 1964 3138 quidem,
1997 3081 2060 3122 ut
2088 3087 2198 3123 non
2236 3076 2403 3124 solnm
2450 3078 2689 3129 universo

1624 3151 1820 3213 populo
1841 3149 1991 3212 eopia
2021 3148 2266 3200 frumenti
2291 3151 2353 3200 ad
2380 3154 2574 3203 victum
2598 3170 2687 3203 ne·-

1624 3227 1834 3276 cessarii
1859 3241 1959 3276 non
1978 3225 2137 3276 facile
2150 3226 2392 3291 deesset3
2413 3230 2507 3279 sed
2525 3233 2684 3282 etiam

1625 3309 1681 3353 ut
1703 3305 1880 3367 egenti
1905 3304 2062 3367 plebi,
2086 3304 2236 3353 statis
2259 3307 2593 3372 temporibus,
2617 3311 2688 3358 le-

1625 3380 1768 3429 viore
1793 3381 1981 3444 pretio.
2004 3387 2111 3437 aut,
2139 3380 2193 3430 in
2223 3395 2437 3433 anuonae
2465 3382 2689 3434 difficul-

1623 3466 1755 3521 tate,
1791 3461 2070 3525 aliquando
2112 3473 2321 3523 prorsus
2360 3461 2540 3524 gratis,
2580 3462 2686 3510 dis-

1621 3536 1960 3588 tribueretur.
2025 3536 2146 3586 Huc
2187 3537 2487 3601 cumprimis
2525 3540 2690 3601 perti-

1621 3623 1749 3666 nent
1783 3616 1927 3679 leges
1959 3616 2060 3666 illoe
2088 3618 2404 3678 annonaria’,
2437 3617 2546 3667 sive
2578 3615 2685 3667 fru-

1623 3692 1909 3749 mentariae,
1931 3693 2108 3756 quales
2129 3691 2344 3742 fuerunt.
2359 3694 2687 3758 Sempronia·

1623 3782 1709 3831 na,
1753 3767 1821 3818 A.
1845 3770 1911 3818 U.
1936 3769 1995 3819 C.
2018 3773 2135 3819 630.
2169 3769 2447 3833 Appuleia,
2485 3787 2534 3821 a.
2565 3775 2683 3821 658.

1624 3843 1789 3901 Livia,
1825 3858 1869 3893 a.
1886 3848 2003 3895 062.
2036 3846 2310 3908 Terentia,
2332 3861 2378 3896 a·
2398 3852 2515 3897 680.
2564 3849 2683 3899 Clo·

1622 3920 1727 3977 dia,
1750 3935 1796 3969 a.
1816 3924 1932 3971 606.
1959 3921 2096 3971 latae.
2139 3922 2341 3973 Clodiae
2377 3925 2505 3988 legis
2527 3939 2682 3974 auno·

1624 3996 1785 4046 uariae
1822 3996 2344 4049 meminit-Asconius
2383 4000 2448 4049 ad
2483 4002 2592 4051 Cic.
2632 4005 2685 4052 in

1624 4072 1807 4122 Pison.
1843 4075 1959 4123 c-4.
2006 4075 2023 4103 ‘
2051 4074 2115 4123 Ρ.
2138 4074 2328 4138 Clodii,
2352 4076 2548 4127 tribuni
2574 4079 2683 4141 ple-

1623 4149 1726 4216 bis,
1751 4152 1829 4200 lex
1854 4151 2153 4207 annonaria,
2175 4150 2274 4200 fuit
2298 4166 2494 4202 summe
2518 4151 2684 4218 popu·

1622 4227 1764 4284 laris,
1786 4233 1844 4277 ut
1868 4224 2183 4276 frumentum
2208 4228 2419 4291 populo,
2437 4229 2572 4295 quod
2597 4245 2687 4281 an·
2711 4278 2716 4284 .

1622 4311 1714 4354 tea
1734 4305 1949 4355 semisse
1971 4308 2026 4355 et
2053 4305 2344 4370 trientibus,
2371 4306 2449 4370 (b.
2472 4321 2530 4357 e..
2558 4306 2687 4359 dea·
