3017 4942
713 383 780 431 c.
825 382 1069 432 smmi
1119 380 1457 432 sacuam
1505 382 1787 434 Panno.
1866 384 1918 433 ι.
1946 368 2057 436 26.

273 526 616 593 permitteret
633 525 732 578 sibi
753 532 954 593 vetare,
978 527 1116 594 quod
1133 534 1347 580 senatus

263 603 528 670 juberet!
562 603 716 655 Iden.

339 680 858 746 Occursarefortuaoe]
880 682 1115 734 verbnm
1131 683 1149 713 ‘
1164 694 1345 734 occur-

190 751 197 760 ‘
270 759 426 821 rere‚’
462 767 548 821 et,
578 759 713 825 quod
747 761 864 810 binc
886 766 1067 810 natum
1091 765 1190 816 est,
1222 760 1344 809 ‘oc-

269 835 530 894 cursare,’
566 850 632 885 ex
665 837 857 899 vulgari
880 852 976 886 usu
1009 844 1176 898 notat,
1200 835 1343 886 obvi·

269 927 349 962 am
374 915 489 976 ire3
528 910 609 963 uti
635 914 768 977 apud
794 914 1011 964 Sueten.
1037 912 1204 977 Calig.
1228 928 1274 963 c.
1293 916 1344 963 4.

265 994 283 1020 ‘
302 1005 411 1054 proe
440 990 601 1040 turbu
622 991 1002 1041 occurrentium
1029 1001 1344 1054 prosequen-

267 1065 507 1131 tiumque
524 1066 562 1127 ;'
598 1074 656 1116 et
675 1066 815 1130 apud
841 1067 1066 1117 Plinium
1092 1073 1344 1130 nostrum,

267 1158 446 1207 supra,
470 1155 522 1194 c.
550 1147 633 1194 13‘.
652 1144 669 1172 ‘
690 1145 908 1209 populus
925 1141 1346 1194 occursantium!

264 1217 339 1269 At
369 1215 569 1270 deind'e
600 1220 740 1270 idem
774 1220 987 1270 verbum
1020 1223 1346 1284 μεταφορικὸς

266 1297 458 1347 dicitur
503 1303 614 1348 tam
661 1297 730 1347 de
784 1305 802 1330 ⁴
831 1293 1237 1362 resistentibus,’
1280 1311 1343 1349 ac

261 1377 488 1426 ‘contra
533 1376 871 1442 nitentibus,’
912 1390 1070 1444 quam
1105 1379 1172 1429 de
1220 1377 1343 1443 ‘ju-

263 1454 552 1507 vantibus.'
618 1455 735 1506 Nec
756 1455 810 1505 id
840 1455 1027 1505 mirum
1054 1462 1171 1517 ρης
1208 1456 1342 1506 sole·

186 1547 199 1558 ·
262 1541 376 1582 mus
399 1534 547 1582 enim
573 1540 631 1582 et
655 1533 718 1582 iis
748 1533 766 1561 ⁴
785 1532 1081 1583 occurrere'
1115 1547 1179 1584 ac
1216 1547 1341 1584 con·

263 1608 442 1668 traire,
471 1624 505 1659 a
534 1609 719 1675 quibus
740 1609 843 1660 vim
862 1609 1212 1676 damnumque
1235 1625 1343 1662 me·

260 1687 477 1749 mimus,
497 1693 563 1736 ut
584 1701 762 1738 eorum
785 1687 1001 1737 consilia
1018 1689 1342 1751 ‹st-impetum

262 1757 633 1827 retardemus3
673 1770 728 1813 et
759 1765 984 1815 solemus
1015 1766 1194 1816 amicis
1217 1780 1341 1832 quo-

263 1851 380 1905 qne,
424 1855 657 1905 peregre
692 1842 1094 1899 revertentibus,
1128 1849 1184 1892 et
1215 1842 1342 1907 ipsis

262 1917 601 1982 principibus
614 1917 1018 1969 adventantibus
1031 1919 1234 1969 obviam
1246 1920 1340 1979 ire,

265 2001 320 2043 ut
341 1996 402 2043 iis
424 1996 850 2045 benevolentiam
871 1991 1122 2060 nostram,
1154 2004 1209 2047 et
1232 2006 1341 2047 stu·

266 2070 425 2128 dium,
464 2069 819 2136 officiumque,
854 2087 916 2122 ac
949 2072 1148 2123 cultum
1185 2079 1344 2126 teste·

265 2155 394 2198 mur.
437 2150 605 2200 Unde
641 2164 738 2200 usu
772 2150 931 2207 venit,
967 2157 1027 2201 ut
1059 2165 1125 2200 ex
1163 2150 1340 2215 priore

263 2241 408 2288 casu,
451 2230 470 2255 ⁴
487 2225 802 2276 occurrere'
850 2242 944 2291 pro
988 2228 1254 2291 resistere,
1285 2236 1341 2280 et

265 2303 455 2364 obniti,
479 2302 713 2353 dicatur.
777 2302 861 2354 Sic
885 2302 995 2353 Cic.
1015 2317 1109 2367 pro
1132 2304 1273 2353 Mur.
1293 2319 1344 2354 c.

263 2381 342 2430 37.
385 2378 405 2408 ⁴
427 2378 638 2429 Horum
677 2378 810 2442 ego,'
844 2379 1035 2444 inquit,
1066 2387 1081 2410 ⁴
1102 2380 1339 2445 qnotidie

261 2457 499 2507 consiliis
521 2470 774 2518 occurro;
796 2456 1065 2507 audaciam
1090 2457 1339 2521 debilit03

261 2536 442 2584 sceleri
471 2532 696 2584 resisto?
722 2535 790 2583 Et
811 2534 966 2585 Catil.
985 2547 1073 2585 m.
1089 2537 1138 2585 7¹.
1156 2534 1338 2588 ‘Quod

262 2605 305 2663 ‘si
327 2611 566 2662 Catilina
600 2611 655 2661 in
683 2611 809 2660 urbe
842 2611 907 2660 ad
929 2611 1066 2661 hanc
1089 2612 1225 2661 diem
1261 2627 1338 2662 re-

262 2690 581 2750 mansisset;
626 2702 955 2753 quamquam,
1003 2688 1175 2753 quoad
1218 2685 1339 2752 fuit,

261 2766 508 2817 omnibus
531 2766 645 2830 ejus
667 2764 895 2814 consiliis
919 2766 1142 2828 occurri,
1179 2774 1338 2832 atque

261 2843 474 2905 obstiti3
517 2849 714 2903 tamen,
752 2847 810 2891 ut
849 2842 1111 2892 levissime
1150 2841 1338 2900 dicam,

261 2918 622 2970 dimicandum
655 2917 808 2968 nobis
838 2933 955 2970 cum
990 2919 1080 2969 illo
1112 2916 1339 2971 fuisset!

263 2995 341 3046 Ex
376 2995 673 3061 posteriore
706 3008 830 3044 casn
863 2995 1104 3059 contigit,
1133 3003 1192 3047 nt
1225 3011 1339 3046 ver·

263 3073 383 3125 bum
405 3077 422 3104 ⁸
442 3085 725 3125 occurrere
738 3073 756 3097 '
776 3075 933 3124 etiam
954 3073 1236 3138 significet,
1252 3075 1339 3140 ju·

266 3165 405 3208 vare,
430 3157 490 3201 et
520 3151 797 3215 suppetias
820 3147 989 3213 ἔθυες
1021 3152 1145 3202 item
1177 3153 1339 3202 studi·

264 3241 348 3278 um
373 3242 527 3278 suum
548 3229 611 3277 et'
622 3228 816 3277 cultum
836 3227 1040 3278 testari.
1105 3229 1218 3279 Cic.
1245 3242 1338 3293 pro

264 3303 444 3354 Deiot.
469 3317 520 3354 c.
536 3307 617 3354 14.
643 3306 657 3332 ⁴
679 3302 975 3353 Occurrere
1000 3304 1115 3368 ipsa
1138 3307 1338 3357 miseri·

267 3381 448 3431 cordia
486 3388 580 3431 tua
612 3381 745 3430 solet
774 3380 1098 3446 supplicibus
1121 3388 1181 3431 et
1202 3383 1337 3432 cala·

267 3458 488 3520 mitosis,
512 3455 703 3506 nullius
720 3456 956 3505 oratione
975 3455 1228 3508 evocata!
1264 3458 1335 3508 U·

268 3531 321 3584 bi
343 3533 610 3585 Abramus
633 3534 768 3583 bene
780 3533 1099 3598 observavit,
1122 3536 1138 3563 ⁸
1153 3548 1336 3584 occur-

267 3623 382 3660 rere
439 3607 805 3674 supplicibus‚'
853 3623 990 3673 esse,
1047 3610 1337 3674 praevenire

267 3686 672 3752 supplicantium
697 3693 839 3749 vota,
869 3685 1112 3749 precibus
1130 3686 1335 3737 obviam

269 3762 361 3820 ire,
380 3778 484 3814 nec
506 3769 818 3828 expectare,
838 3763 962 3812 dum
987 3771 1220 3827 rogetur.
1252 3763 1337 3814 Ita

271 3846 324 3888 et
346 3839 553 3890 Hirtius
586 3839 653 3888 de
684 3838 751 3888 B.
773 3836 943 3887 Afric.
962 3852 1080 3903 cap.
1104 3843 1185 3890 18.
1225 3843 1242 3870 ‘
1258 3841 1335 3890 Μ.

270 3914 536 3982 Petreius,
559 3925 616 3966 et
637 3916 736 3966 Cn.
759 3915 907 3980 Piso,
933 3950 946 3965 .
966 3951 980 3967 .
996 3950 1010 3965 .
1034 3918 1161 3966 satis
1184 3929 1334 3982 gran-

272 3986 324 4044 di
344 4008 410 4043 ex
442 3995 636 4045 itinere
671 4001 818 4043 recta
850 3992 1082 4044 subsidio
1111 3995 1216 4044 suis
1250 4009 1335 4045 oc·

273 4069 521 4121 currunt.'
572 4070 661 4120 Sic
679 4075 735 4120 et
753 4070 956 4119 Plinius
974 4067 1109 4120 infra
1130 4083 1337 4125 mxxix.

275 4149 321 4198 6.
354 4148 371 4175 ‘
390 4148 667 4208 Videmus,
693 4152 754 4195 ut
783 4147 1165 4210 provinciarum
1202 4148 1338 4198 desi-

277 4222 531 4298 deriis‚,ut
549 4224 863 4287 singularum
880 4223 1038 4275 etiam
1064 4223 1334 4276 civitatum

277 4303 533 4364 precibus,
567 4301 847 4364 occurrat,’
880 4302 915 4351 i.
946 4316 993 4355 c.
1029 4304 1339 4369 pruvenist,

400 4383 579 4449 Delpli.
601 4387 649 4433 et
677 4381 793 4432 Var.
818 4384 950 4434 Clas.

1227 4385 1430 4447 Panurgi
1445 4384 1552 4435 Vct.

2360 366 2491 438 561

1420 532 1513 577 ant
1535 526 1828 580 subveniat.
1884 527 2037 579 Idem
2062 541 2262 584 cxxxi.
2286 534 2335 580 1.
2359 540 2375 563 ⁶
2393 532 2494 586 Pia

1419 609 1600 654 ments
1634 604 1780 655 adire
1813 605 1979 670 lucos,
2013 612 2069 656 et
2101 620 2376 659 occursare
2399 624 2496 661 nu-

1417 679 1677 742 minibus,’
1718 682 1753 730 i.
1797 695 1848 731 e.
1892 682 2187 733 numinibus
2222 685 2492 748 placandis

1418 756 1835 822 venerandisque
1857 773 2068 823 operam
2091 760 2235 811 dare.
2264 762 2419 814 Unde
2437 772 2494 814 ct

1419 836 1536 888 Cic.
1569 850 1666 899 pro
1699 838 1882 887 Plane.
1918 852 1967 887 c.
1999 840 2084 888 29.
2118 838 2186 889 de
2211 840 2385 890 studio
2408 849 2494 892 oc‘·

1419 913 1683 971 currendi,
1724 920 1783 964 et
1819 915 2099 978 prensandi
2134 930 2242 980 eos,
2273 925 2491 982 quorum

1417 990 1650 1040 favorem
1686 995 1742 1040 et
1774 989 2076 1057 suffragium
2108 995 2378 1061 ambimus,
2414 997 2490 1046 di·

1418 1068 1512 1128 cit,
1550 1067 1773 1117 ‘Facilis
1812 1074 1896 1119 est
1942 1069 2032 1119 illa
2074 1070 2391 1133 occursatio,
2434 1078 2493 1124 ct

1419 1142 1677 1194 blanditia
1720 1144 2024 1209 popularis!
2064 1146 2128 1196 In
2171 1146 2270 1197 boc
2315 1157 2489 1198 autem

1417 1218 1583 1269 Plinii
1620 1220 1755 1283 loco,
1788 1222 2259 1284 “annosorum
2283 1223 2494 1275 videtur

1416 1296 1556 1347 idem
1580 1311 1716 1359 csse,
1740 1310 1803 1348 ac
1828 1299 2093 1354 resistere,
2116 1306 2172 1349 et
2194 1299 2362 1350 obniti
2384 1300 2491 1352 for·

1417 1382 1558 1425 tune
1594 1374 1849 1439 adversae,
1887 1390 1952 1425 ne
1989 1377 2073 1425 cui
2112 1376 2267 1427 obsit.
2320 1381 2490 1429 Tacit.

1415 1449 1608 1503 Annal.
1628 1461 1724 1502 xv.
1745 1456 1824 1502 11.
1840 1452 1995 1511 dixit,
2013 1455 2029 1481 ⁸
2046 1452 2210 1503 obniti
2223 1454 2494 1505 adversis-⁶

1417 1528 1499 1579 Cl.
1537 1529 1817 1592 interpres,
1850 1531 1902 1578 in
1942 1531 2243 1593 vernacula,
2278 1532 2490 1596 elegan-

1418 1612 1500 1656 ter
1522 1606 1655 1654 hanc
1669 1603 1954 1655 'formulam
1975 1607 2168 1660 vertite
2203 1609 2291 1657 der
2306 1611 2493 1669 gemaer

1415 1684 1500 1733 des
1516 1682 1692 1745 gliicks
1711 1682 1992 1746 nor-beugen.
2029 1682 2197 1735 Idem.

1481 1762 1740 1812 Hminem
1775 1762 1847 1825 se]
1894 1762 2192 1813 Pronomen
2228 1777 2280 1813 se
2317 1763 2368 1813 in
2408 1761 2487 1814 liis

1417 1839 1591 1887 verbis
1616 1840 1769 1903 plane
1802 1840 2045 1889 omissum
2078 1848 2160 1889 est
2192 1842 2246 1890 in
2270 1841 2487 1905 impres·

1416 1917 1484 1964 sls
1519 1917 1664 1966 libris
1699 1918 1996 1976 Puteolani,
2020 1918 2278 1983 Rhenani,
2303 1920 2486 1984 Lipsii,

1415 1994 1762 2059 Berneggcri‚
1797 1996 1997 2047 aliisve.
2062 1996 2128 2046 In
2166 1998 2360 2046 ceteris
2397 2011 2487 2046 ex·

1416 2072 1573 2128 cusis,
1621 2074 1835 2136 ponitur
1880 2073 1979 2122 boc
2026 2083 2310 2136 pronomen
2363 2082 2487 2139 post

1415 2148 1632 2198 verbum
1659 2149 1949 2201 ‘sentirem'
2014 2151 2094 2199 Eo
2113 2152 2364 2214 loco,quo
2387 2163 2485 2214 ego

1416 2224 1779 2275 collocandum
1815 2224 2013 2287 curavi,
2042 2227 2094 2275 in
2130 2227 2366 2277 omnibus
2398 2242 2486 2278 co·

1415 2301 1624 2351 dicibus
1658 2303 1790 2351 Μαι.
1827 2303 2079 2366 scriptum
2116 2304 2308 2353 inveni.
2380 2306 2485 2354 Per

1413 2378 1428 2406 ⁶
1448 2376 1745 2441 hominem,'
1771 2384 2025 2443 quatenus
2050 2378 2094 2427 is
2107 2379 2390 2443 opponitur
2412 2381 2485 2430 ci·

1415 2454 1486 2516 vi,
1512 2454 1714 2504 Plinius
1749 2454 1948 2504 indicat
1979 2454 2239 2506 bominem
2263 2455 2409 2507 velut‘
2431 2459 2483 2509 in

1416 2537 1561 2582 statu
1592 2532 1820 2582 naturali
1859 2535 2223 2592 constitutum,
2252 2541 2306 2585 et
2342 2550 2485 2586 com·

1416 2610 1581 2660 modis
1615 2611 1847 2661 civitatis
1882 2611 2227 2674 destitutum3
2262 2613 2486 2678 singula·

1417 2686 1508 2736 tim
1540 2687 1679 2751 apud
1706 2687 1981 2743 Romanos,
2006 2690 2345 2738 manumissos
2370 2690 2486 2753 qui·

1415 2762 1554 2820 dem,
1576 2763 1667 2813 sed
1694 2762 1919 2812 nondum
1951 2763 2149 2813 civibus
2172 2765 2483 2830 adscriptos,

1413 2840 1541 2891 item
1577 2846 1633 2890 et
1671 2838 1914 2897 infantes,
1949 2853 2242 2903 parvosque
2274 2855 2482 2905 pueros,

1414 2920 1506 2982 qui
1541 2918 1772 2967 homines
1810 2918 2039 2981 quidem,
2073 2918 2166 2968 sed
2203 2930 2329 2969 ante
2356 2922 2485 2970 Tra·

1404 2998 1522 3062 jani
1567 3003 1803 3063 tempora
1848 3012 1950 3047 non
1993 2995 2153 3048 facile
2199 3000 2483 3064 participes

1414 3084 1568 3128 erant
1589 3075 2000 3139 congiariorum3
2034 3076 2169 3126 sicut
2196 3091 2366 3140 neque
2391 3092 2483 3127 au·

1414 3152 1578 3202 tehac·
1613 3152 1919 3218 absentium,
1962 3159 2052 3203 aut
2095 3155 2482 3216 aegrotantium,

1413 3228 1468 3278 in
1502 3229 1876 3280 distribuendis
1906 3229 2158 3294 ejusmodi
2194 3229 2482 3288 beneflciis,

1414 3308 1551 3357 ratio
1606 3307 1783 3357 habita
1834 3307 1997 3357 fuisse
2044 3308 2270 3358 videtur.
2342 3310 2484 3359 Cives

1414 3385 1542 3435 'vero
1563 3384 1648 3434 bic
1670 3384 1915 3434 dicuntur
1937 3385 2129 3443 Plinio,
2153 3386 2241 3449 qui
2272 3386 2483 3436 civitatl

1412 3473 1596 3511 revera
1621 3461 1823 3523 inserti,
1847 3460 2112 3511 beneflciis
2129 3471 2192 3511 ‘et
2224 3462 2483 3526 praesidiis

1414 3549 1519 3587 non
1542 3538 1708 3587 solum
1732 3538 1946 3588 aliorum
1980 3538 2168 3588 civium
2199 3545 2255 3587 et
2293 3540 2483 3602 magis·

1415 3620 1663 3674 tremum,
1704 3615 1798 3665 sed
1836 3622 1895 3665 et
1939 3616 2161 3663 maxime
2210 3614 2481 3680 principis,

1412 3691 1817 3756 adjuvabantur,
1842 3699 1897 3742 et
1921 3693 2257 3742 ornabantur.
2311 3692 2474 3741 Idem.

1480 3767 1616 3819 Car.
1650 3781 1813 3818 xxvi.
1850 3769 2106 3830 Egressum
2137 3769 2192 3817 in
2216 3767 2480 3833 publicum]

1413 3845 1638 3895 Codices
1676 3845 1934 3903 Vaticani,
1973 3846 2098 3895 item
2144 3845 2482 3908 Guelphicun,

1413 3928 1469 3972 et
1506 3922 1642 3972 liber
1679 3923 1874 3986 primus
1910 3922 2199 3985 Gudianus,
2230 3923 2481 3974 omittunt

1413 3997 1837 4062 praepositionem
1856 3998 1926 4054 in,
1945 4012 2047 4061 qua
2072 3992 2276 4058 omissa,
2301 4006 2479 4061 posset

1413 4076 1582 4125 locum
1630 4073 1826 4123 habere
1869 4074 2115 4123 observare
2160 4074 2395 4139 principis
2431 4090 2482 4126 e-

1407 4141 1627 4215 gressum
1657 4151 1903 4214 publicum.
1972 4151 2188 4214 Verum,
2216 4161 2333 4201 cum
2372 4168 2481 4203 om·

1412 4243 1506 4278 nes
1546 4229 1710 4279 ceteri
1743 4228 1862 4278 libri
1901 4241 2026 4279 eam·
2057 4228 2479 4290 praepositionem

1414 4303 1730 4367 exhibeaut3
1754 4302 1951 4368 nescio,
1973 4317 2067 4354 cur
2089 4302 2229 4354 illam
2254 4305 2481 4368 ejiciam,

2224 4388 2258 4433 2
2293 4385 2344 4435 N
