3017 4942
472 364 608 435 523

480 537 585 581 tam
612 525 710 578 sibi
733 524 956 591 optavit,
975 526 1061 579 vel
1090 523 1360 578 divinavit·
1413 527 1546 579 Luc.

481 618 546 655 ιι.
568 608 650 654 29.
685 602 835 653 [dem.

548 680 694 730 Nunc
736 679 892 743 magis
927 694 1027 730 em
1066 679 1339 744 uiuendum]
1388 679 1546 730 Aliud

485 764 660 806 votum
684 771 884 818 eorum,
905 758 1174 823 qui,-post
1208 758 1410 808 tristem
1443 759 1544 820 pri-

482 846 631 883 orum
669 838 963 897 temporum
1002 834 1320 896 memoriam,
1362 834 1549 884 laetitia

485 910 740 961 adventus
774 910 1103 975 imperatoris
1136 911 1318 975 optimi
1344 924 1550 960 recrea-

482 989 545 1054 ti,
582 995 782 1052 optant,
818 992 879 1038 ut
915 987 1108 1038 diutius
1149 988 1342 1045 vivant,
1371 987 1548 1038 fruan-

487 1073 676 1131 turque
709 1064 808 1113 ista
835 1063 1106 1115 felicitate.
1173 1064 1262 1115 Sic
1296 1064 1549 1115 Pbaedro-

486 1157 601 1192 mus
641 1141 780 1206 apud
820 1142 1000 1193 Plaut.
1035 1144 1245 1194 Cure-1.
1269 1147 1424 1194 3.16.
1461 1143 1549 1193 ubi

489 1220 598 1270 voti
639 1220 718 1269 sui
760 1233 971 1284 compos
1012 1219 1182 1271 factus
1218 1227 1353 1282 erat,
1386 1222 1402 1249 ‘
1427 1221 1549 1271 Hoc

487 1297 642 1348 etiam
698 1296 821 1354 est,’
863 1297 1154 1361 inquiebat,
1187 1299 1549 1363 ‘quamobrem

487 1372 692 1436 cupiam
741 1370 957 1422 vivere!
1044 1373 1115 1422 Et
1155 1372 1292 1437 apud
1333 1373 1551 1424 Terent.

488 1447 715 1513 Adelph.
742 1462 829 1499 ιιι.
850 1453 897 1498 3.
919 1452 1003 1500 90.
1069 1449 1287 1512 Demea,
1309 1450 1419 1499 viso
1441 1449 1554 1500 He-

487 1524 660 1590 gione,
714 1525 917 1576 homine
974 1525 1191 1591 antiqua
1246 1526 1443 1576 virtute
1489 1540 1553 1576 ac

488 1601 613 1665 fide,
659 1603 860 1654 ‘Quam
904 1601 1144 1669 gaudeo,'
1196 1603 1386 1669 inquit,
1423 1604 1439 1632 ‘
1464 1602 1554 1654 ubi

488 1680 649 1730 etiam
671 1681 821 1744 hujus
852 1681 1058 1744 generis
1081 1680 1330 1746 reliquias
1356 1684 1555 1730 restare

491 1758 672 1808 video!
745 1758 872 1813 Vah,
909 1757 1086 1808 vivere
1121 1758 1279 1807 etiam
1318 1770 1458 1808 nuno
1494 1757 1556 1807 li-

491 1833 646 1886 beti’
680 1834 835 1884 Idem·

558 1912 895 1962 Fecunditas&
908 1910 1033 1975 σω]
1055 1910 1290 1961 ‘Tollere
1310 1909 1444 1960 filios
1465 1925 1556 1961 cu·

491 1988 666 2053 piunt,
688 1994 744 2037 et
780 1988 1002 2051 publicis
1033 1987 1182 2037 malis
1204 1987 1456 2038 sterilitas
1480 1987 1557 2037 in·

491 2063 639 2114 dicta
681 2062 985 2113 recluditur.
1064 2063 1213 2112 Bene
1249 2077 1307 2111 se
1343 2065 1555 2113 meritu-

492 2154 605 2192 rum
630 2140 698 2190 de
721 2140 894 2190 liberis
918 2140 1026 2190 suis
1042 2140 1257 2206 quisque
1281 2155 1384 2191 non
1407 2139 1557 2190 dubi·

491 2223 594 2280 tat,
620 2216 806 2281 quibus
832 2217 936 2267 tale
967 2218 1198 2267 seculum
1229 2215 1560 2268 ostenderit.’

378 2348 385 2351 ,
492 2294 616 2345 Seu.
641 2293 806 2344 Clem.
829 2307 870 2343 1.
894 2298 976 2343 15.
1009 2293 1165 2344 Bern.

548 2370 751 2431 Rqsma
772 2370 920 2434 tectu]
941 2369 1207 2435 Suprema
1231 2369 1419 2420 redium
1440 2384 1559 2434 par-

494 2455 596 2511 tes,
615 2449 796 2499 vicina!
819 2448 990 2499 tectis.
1057 2446 1142 2498 An
1177 2452 1234 2498 et
1270 2447 1384 2512 ipsa
1416 2455 1562 2497 tecta

497 2526 703 2591 proprie
722 2527 887 2590 capis,
918 2540 1036 2591 quas
1073 2526 1226 2590 plana
1247 2532 1305 2575 et
1326 2531 1563 2575 constra-

497 2610 552 2652 ta
581 2615 724 2667 saepe
762 2603 905 2665 olim,
942 2601 1162 2668 ideoque
1204 2610 1329 2667 apta
1364 2600 1563 2652 insisti?

496 2681 808 2733 Claudianus
824 2681 1090 2732 Stilicouis
1107 2681 1368 2746 ingressu:
1383 2684 1399 2709 ‘
1416 2680 1562 2730 Nou·

493 2772 562 2809 ne
587 2759 816 2821 vides‚et
834 2758 983 2822 plebe
1007 2758 1135 2815 vias.
1157 2765 1214 2809 et
1237 2757 1561 2809 tectalatere

495 2835 761 2885 Matribus
776 2834 816 2884 ?’
844 2835 1048 2885 Iterum
1063 2834 1114 2884 in
1138 2834 1342 2885 Houor.
1365 2840 1381 2865 ‘
1399 2847 1560 2898 quan-

496 2916 608 2961 tum
653 2911 801 2961 licuit
864 2922 1181 2975 consurgere
1238 2911 1396 2962 tectis
1442 2912 1563 2962 Una

498 2989 673 3053 replet
707 2988 873 3039 turbae
910 2987 1092 3045 facies,
1126 2987 1323 3038 nudare
1356 2987 1560 3038 videres

497 3064 612 3114 Ima
653 3063 798 3128 viris,
840 3063 973 3113 altas
1012 3061 1265 3127 effulgere
1310 3064 1563 3117 matribus

501 3139 679 3189 mdes?
743 3140 933 3204 Itaque
974 3140 1160 3190 altiora
1192 3139 1381 3190 aedium
1410 3138 1563 3190 femi-

498 3216 602 3273 nis,
626 3216 677 3265 iu
710 3214 788 3265 his
816 3215 1153 3279 spectaculis,
1180 3216 1380 3282 dicata,
1415 3222 1474 3266 ut
1506 3222 1566 3268 et

497 3291 551 3341 in
576 3290 814 3342 theatris.
842 3292 979 3356 Lips.

563 3368 881 3435 Laborantia]
915 3370 1005 3422 Sic
1040 3372 1283 3422 dicuutur
1311 3372 1412 3422 hoc
1445 3371 1565 3421 loco

498 3452 659 3505 tecta,
679 3462 794 3513 quae
818 3447 975 3498 nimio
999 3462 1159 3500 onere
1195 3463 1372 3515 pressa
1409 3449 1565 3499 vacil-

498 3524 630 3589 lant,
650 3539 711 3574 ac
743 3525 1049 3575 minitantur
1083 3524 1303 3589 ruinam,
1335 3525 1431 3575 nisi
1466 3525 1568 3576 ful·

499 3607 722 3657 cientur.
771 3607 922 3659 Quod
951 3607 1112 3658 Ovid.
1128 3606 1194 3656 de
1215 3606 1367 3657 Nuce
1390 3621 1467 3656 vs.
1483 3609 1567 3656 14.

500 3683 628 3735 dicit
651 3683 719 3733 de
741 3698 885 3734 ramo
907 3682 1128 3749 arboris,
1162 3682 1394 3748 pondere
1426 3681 1567 3733 fruc·

502 3767 648 3811 tuum
686 3774 885 3824 presso,
906 3760 996 3825 qui
1021 3760 1189 3824 impar
1209 3767 1294 3811 est
1319 3760 1466 3810 oneri
1490 3758 1567 3809 fe·

501 3838 693 3887 rendot
724 3838 740 3864 ‘
759 3836 1025 3902 Pomaque
1047 3837 1303 3887 laesissent
1326 3845 1568 3900 matrem,

498 3912 785 3978 [arborem]
807 3915 859 3963 ui
882 3914 1091 3965 subdita
1109 3927 1269 3971 ramo,
1291 3914 1471 3978 Longa
1491 3914 1567 3963 la·

500 3989 706 4040 boranti
728 3989 880 4040 furca
903 3992 1107 4043 tulisset
1137 3989 1328 4057 opem.’
1393 3990 1484 4041 Ita
1509 3997 1568 4040 et

501 4079 568 4116 ea
603 4066 777 4115 omnia
816 4067 1064 4119 dicuntur
1100 4068 1412 4133 ‘laborare,’
1448 4083 1567 4135 quoe

502 4141 737 4206 periculo
766 4151 1060 4206 versantur,
1091 4158 1156 4193 ue
1188 4146 1569 4209 opprimantur.

501 4217 710 4269 Sallust.
747 4218 902 4269 Catil.
939 4233 985 4268 c.
1014 4223 1098 4268 60.
1131 4220 1278 4277 dicit,
1317 4221 1334 4249 ‘
1359 4235 1567 4271 succur-

505 4309 622 4348 rere
654 4295 1051 4354 laborantibus,'
1073 4311 1262 4363 nempe
1290 4298 1564 4362 militibus,

1182 378 1399 431 NOTAE
1449 378 1859 432 vammum
1906 379 1992 430 nt

1620 526 1707 593 qui
1747 527 1800 577 in
1839 526 2023 591 praelio
2063 524 2132 576 ab
2164 525 2315 575 hoste
2359 529 2684 589 premuntur,

1622 606 2013 670 periculumque
2061 603 2305 668 subeunt,
2340 615 2407 653 ne
2450 600 2687 666 oppressi

1621 690 1860 746 pereant.
1894 680 2135 752 &hipan-

1688 758 1976 822 Suspensum
1996 756 2274 821 vestigium]
2303 756 2560 820 Loquitur
2575 754 2688 805 Pli-

1622 835 1737 884 nius
1763 836 1829 885 de
1853 835 2105 899 ejusmodi
2130 836 2260 891 loco,
2279 834 2369 884 ubi
2404 834 2488 882 vix
2513 833 2688 883 tantil-

1621 912 1729 964 lum
1765 913 1919 976 spatii
1960 918 2219 977 superest,
2242 919 2301 961 ut
2332 911 2446 975 quis
2475 910 2523 960 ei
2562 909 2688 960 totis

1624 988 1816 1053 pedum
1853 989 2045 1054 plantis
2084 989 2319 1039 insistere
2361 988 2556 1053 possit3
2590 985 2686 1037 sed

1624 1066 1880 1117 duntaxat
1915 1067 1996 1116 vel
2023 1081 2122 1116 uno
2148 1065 2299 1129 pede,
2320 1066 2401 1115 vel
2426 1073 2573 1115 certe
2610 1062 2689 1114 di·

1625 1143 1746 1208 gitis
1786 1145 2120 1209 primoribus,
2161 1143 2312 1194 inuiti
2346 1156 2561 1193 necesse
2595 1141 2687 1191 ha·

1626 1220 1767 1270 beat.
1823 1219 1982 1285 Alias,
2012 1222 2028 1250 ⁴
2054 1220 2243 1284 gradus
2264 1217 2571 1282 suspensus'
2593 1218 2690 1267 eti·

1625 1310 1708 1345 am
1731 1296 1924 1347 dicitur
1948 1297 2141 1362 gradus
2156 1303 2262 1346 tam
2285 1295 2414 1345 lenis
2429 1301 2485 1344 et
2501 1293 2690 1354 mollis,

1628 1382 1686 1423 ut
1708 1379 1910 1431 euntes,
1928 1373 2145 1438 pedibus
2168 1371 2311 1439 quasi
2333 1371 2573 1431 sublatis,
2587 1383 2691 1421 nou

1623 1448 1785 1501 facile
1809 1450 2116 1500 sentiantur.
2177 1450 2388 1499 Terent.
2408 1448 2617 1498 Phorm.
2638 1460 2693 1496 v.

1628 1531 1678 1577 6.
1692 1532 1785 1579 28.
1818 1527 1836 1556 ‘
1852 1525 1938 1577 Ad
1961 1526 2098 1578 fores
2122 1539 2371 1588 suspenso
2390 1524 2554 1590 gradu
2580 1526 2691 1589 pla-

1630 1604 1747 1655 cide
1782 1604 1859 1655 ire
1901 1601 2142 1669 perrexi.’
2209 1603 2420 1654 Pbaedr.
2447 1617 2513 1652 ιι.
2546 1607 2598 1652 4.
2624 1600 2693 1651 dc

1629 1681 1765 1734 felet
1803 1681 1820 1709 ‘
1845 1682 1979 1733 Inde
2002 1688 2225 1745 evagata
2247 1688 2424 1743 noctu,
2443 1694 2696 1744 suspenso

1630 1756 1812 1824 pede!
1875 1758 2035 1810 ovid.
2062 1760 2207 1808 Fast.
2241 1771 2282 1808 ι.
2322 1761 2440 1808 425.
2475 1759 2491 1788 ‘
2517 1756 2697 1819 Surgit

1632 1850 1826 1892 amaus,
1862 1836 2189 1900 animamque
2225 1842 2429 1890 tenens,
2470 1833 2698 1897 vestigia

1630 1912 1809 1964 furtim
1830 1913 2096 1978 Suspenso
2114 1911 2290 1976 digitis
2309 1910 2416 1961 fert
2438 1914 2700 1962 taciturna

1632 1983 1834 2058 gradu-³
1869 1989 2023 2041 Idem.

1696 2069 1987 2145 Quspensum
2020 2072 2067 2117 et
2102 2064 2349 2129 instabile]
2382 2065 2457 2116 Ut
2487 2065 2539 2114 in
2576 2079 2696 2128 sug·

1632 2145 1880 2210 grundiis,
1925 2148 2016 2196 airt
2060 2143 2373 2208 projecturis
2421 2142 2700 2207 parietum.

1632 2225 1769 2288 Lips.
2679 2251 2684 2256 -

1703 2302 1820 2351 Tum
1839 2298 2058 2365 aqualis]
2097 2295 2336 2354 Plurimi,
2352 2303 2407 2347 et
2430 2296 2481 2346 in
2505 2295 2585 2347 bis
2606 2310 2698 2362 po-

1634 2377 1885 2428 tissimum
1920 2375 2256 2439 antiquiores,
2288 2373 2408 2423 libri
2444 2373 2585 2439 typis
2609 2386 2701 2424 ex·

1635 2454 1766 2511 cusi,
1802 2454 1994 2505 babent
2026 2454 2143 2504 Tum
2170 2453 2433 2518 equaliter.
2500 2452 2701 2502 Verum

1634 2546 1834 2590 omues,
1881 2530 2066 2596 quibus
2120 2530 2196 2581 usi
2249 2543 2441 2587 sumus,
2494 2529 2704 2580 codices

1635 2609 1769 2659 Mss.
1811 2615 1867 2658 et
1909 2608 1963 2657 iu
2006 2608 2295 2671 impressis,
2329 2605 2705 2671 cuspinianus,

1636 2684 1924 2750 Gryphius‚
1977 2684 2275 2746 Plautinus,
2317 2683 2703 2746 Berneggerus,

1631 2762 1751 2814 Jao.
1777 2764 1862 2812 De
1885 2763 1936 2812 la
1956 2762 2160 2819 Bau'ne,
2182 2768 2238 2811 et
2260 2760 2415 2826 pauci
2445 2759 2553 2818 alii,
2582 2774 2701 2825 pro·

1636 2842 1768 2892 dunt
1793 2841 1913 2891 Tum
1932 2839 2144 2904 aqualis.
2198 2839 2366 2891 Quam
2389 2837 2705 2901 scripturam

1635 2917 1793 2968 etiam
1822 2916 2030 2967 Antoni
2055 2916 2375 2967 Sconhovius
2412 2915 2704 2966 annotavit.

1637 2994 1849 3051 Fateor,
1884 3008 1987 3057 me,
2026 2993 2172 3056 quasi
2210 2991 2498 3055 aequalibus
2533 2993 2707 3042 calcu·

1636 3072 1718 3128 lis,
1741 3071 1829 3121 diu
1869 3084 2145 3135 suspensas
2169 3068 2419 3119 habuisse
2457 3068 2707 3132 rationes,

1638 3153 1809 3197 utram
1849 3145 2127 3196 lectionem
2172 3144 2538 3206 admitterem3
2584 3157 2706 3194 eum

1636 3229 1856 3288 utraque
1878 3221 2046 3272 locum
2069 3219 2264 3270 habere
2279 3234 2429 3284 posse
2448 3220 2709 3270 videatur.

1638 3299 1849 3350 Etenim
1905 3305 1963 3349 et
2009 3297 2315 3348 adverbium
2346 3297 2362 3325 ‘
2396 3296 2706 3361 aequaliter-,⁸

1639 3377 1675 3426 i.
1710 3391 1759 3428 e.
1797 3376 2015 3441 pariter,
2037 3382 2092 3426 et
2113 3375 2224 3424 sine
2258 3374 2577 3432 discrimine,
2599 3387 2708 3425 uon

1640 3452 1807 3502 solum
1861 3451 2067 3502 Plinius
2121 3450 2302 3500 u’oster
2355 3449 2477 3500 alibi
2543 3449 2707 3506 etiam

1641 3527 1943 3592 usurpavit3
1975 3542 2027 3577 v.
2049 3541 2098 3591 g.
2123 3527 2323 3590 Paneg.
2348 3538 2442 3576 xc.
2459 3529 2508 3577 4.
2534 3524 2713 3591 Epist.
2787 3534 2792 3537 ’

1640 3619 1706 3656 ιι.
1728 3609 1777 3656 9.
1800 3611 1849 3656 6.
1881 3604 2050 3668 Epist.
2072 3616 2197 3654 vm.
2217 3607 2267 3653 2.
2286 3606 2339 3653 2.
2374 3602 2467 3652 sed
2491 3607 2547 3651 et
2569 3601 2709 3667 opti-

1641 3685 1712 3733 mi
1736 3682 1925 3748 quique
1949 3679 2183 3746 probatae
2199 3678 2501 3728 Latinitatis
2526 3684 2709 3728 aucto·

1642 3775 1725 3811 res
1744 3759 1880 3811 idem
1902 3756 2201 3808 adverbium
2225 3754 2528 3808 adhibuere.
2568 3754 2710 3805 Satis

1640 3844 1741 3894 est,
1758 3850 1893 3886 nunc
1914 3834 2145 3885 excitare
2162 3833 2488 3890 Ciceronem,
2506 3831 2594 3897 qui
2613 3845 2710 3896 pro

1642 3914 1863 3978 Milone,
1899 3927 1947 3963 c.
1980 3915 2065 3962 28.
2108 3911 2124 3940 ‘
2149 3909 2365 3961 Clodius
2403 3906 2714 3974 aequaliter:

1643 3989 1831 4056 inquit,
1861 3990 1877 4018 ‘
1900 3988 1951 4039 iu
1971 3986 2366 4051 rempublicam,
2386 3987 2440 4036 in
2458 3985 2713 4050 privatos,

1641 4068 1694 4118 in
1717 4066 2045 4132 longinquos,
2068 4065 2121 4114 in
2151 4063 2484 4129 propinquos,
2506 4063 2558 4112 in
2583 4062 2711 4114 alie·

1641 4157 1756 4199 nos,
1776 4143 1830 4192 in
1852 4156 1991 4199 suos,
2015 4138 2284 4191 irruebat-³
2345 4141 2414 4190 Et
2444 4139 2497 4188 iu
2530 4139 2711 4203 Leno,

1642 4234 1692 4270 c.
1719 4224 1801 4270 16.
1831 4222 1846 4249 ⁸
1869 4220 1944 4270 Ut
1969 4226 2150 4270 nostra
2182 4219 2236 4268 in
2264 4216 2458 4267 amicos
2485 4216 2713 4269 benevo-

1642 4297 1807 4348 lentia
1828 4296 2035 4348 illorum
2057 4309 2185 4362 erga
2212 4308 2307 4347 uos
2330 4293 2740 4348 benevolentia*
