<?xml version="1.0" encoding="UTF-8"?>
<!DOCTYPE html PUBLIC "-//W3C//DTD XHTML 1.0 Transitional//EN"
    "http://www.w3.org/TR/xhtml1/DTD/xhtml1-transitional.dtd">
<html xmlns="http://www.w3.org/1999/xhtml" xml:lang="en" lang="en">
 <head>
  <title>
</title>
<meta http-equiv="Content-Type" content="text/html;charset=utf-8" />
  <meta name='ocr-system' content='tesseract 3.04.00' />
  <meta name='ocr-capabilities' content='ocr_page ocr_carea ocr_par ocr_line ocrx_word'/>
</head>
<body>
  <div class='ocr_page' id='page_1' title='image "./panegyriciveter01unkngoog_0710.png"; bbox 0 0 3017 4942; ppageno 0'>
   <div class='ocr_carea' id='block_1_1' title="bbox 460 472 637 540">
    <p class='ocr_par' dir='ltr' id='par_1_1' title="bbox 460 472 637 540">
     <span class='ocr_line' id='line_1_1' title="bbox 460 472 637 540; baseline 0.006 -1"><span class='ocrx_word' id='word_1_1' title='bbox 460 472 637 540; x_wconf 88' lang='grc'>1090</span> 
     </span>
    </p>
   </div>
   <div class='ocr_carea' id='block_1_2' title="bbox 459 628 1535 1842">
    <p class='ocr_par' dir='ltr' id='par_1_2' title="bbox 460 628 1535 1299">
     <span class='ocr_line' id='line_1_2' title="bbox 463 628 1535 698; baseline -0.005 -14"><span class='ocrx_word' id='word_1_2' title='bbox 463 633 612 684; x_wconf 87' lang='lat' dir='ltr'>Idem</span> <span class='ocrx_word' id='word_1_3' title='bbox 638 632 877 698; x_wconf 84' lang='lat' dir='ltr'>Philipp.</span> <span class='ocrx_word' id='word_1_4' title='bbox 900 645 967 682; x_wconf 91' lang='grc' dir='ltr'><strong>ιι.</strong></span> <span class='ocrx_word' id='word_1_5' title='bbox 989 636 1041 683; x_wconf 88' lang='grc'>8.</span> <span class='ocrx_word' id='word_1_6' title='bbox 1065 631 1083 662; x_wconf 77' lang='lat'><strong><em>⁴</em></strong></span> <span class='ocrx_word' id='word_1_7' title='bbox 1109 628 1230 682; x_wconf 82' lang='lat' dir='ltr'>Non</span> <span class='ocrx_word' id='word_1_8' title='bbox 1254 629 1409 680; x_wconf 89' lang='lat' dir='ltr'>modo</span> <span class='ocrx_word' id='word_1_9' title='bbox 1430 643 1535 680; x_wconf 91' lang='lat' dir='ltr'>non</span> 
     </span>
     <span class='ocr_line' id='line_1_3' title="bbox 463 705 1535 771; baseline -0.004 -11"><span class='ocrx_word' id='word_1_10' title='bbox 463 710 784 761; x_wconf 58' lang='lat' dir='ltr'>cohaerentia</span> <span class='ocrx_word' id='word_1_11' title='bbox 805 710 946 759; x_wconf 85' lang='lat' dir='ltr'>inter</span> <span class='ocrx_word' id='word_1_12' title='bbox 960 723 1017 758; x_wconf 90' lang='lat' dir='ltr'>se</span> <span class='ocrx_word' id='word_1_13' title='bbox 1033 706 1184 771; x_wconf 84' lang='lat' dir='ltr'>dicis,</span> <span class='ocrx_word' id='word_1_14' title='bbox 1199 706 1287 756; x_wconf 88' lang='lat' dir='ltr'>sed</span> <span class='ocrx_word' id='word_1_15' title='bbox 1312 705 1535 756; x_wconf 82' lang='lat' dir='ltr'>maxime</span> 
     </span>
     <span class='ocr_line' id='line_1_4' title="bbox 465 781 1535 853; baseline -0.007 -15"><span class='ocrx_word' id='word_1_16' title='bbox 465 788 731 853; x_wconf 56' lang='lat' dir='ltr'>disiuncta</span> <span class='ocrx_word' id='word_1_17' title='bbox 751 793 943 851; x_wconf 71' lang='lat' dir='ltr'>‘atque</span> <span class='ocrx_word' id='word_1_18' title='bbox 997 781 1298 835; x_wconf 78' lang='lat' dir='ltr'>contraria.&#39;</span> <span class='ocrx_word' id='word_1_19' title='bbox 1374 784 1535 834; x_wconf 87' lang='lat' dir='ltr'>Cete-</span> 
     </span>
     <span class='ocr_line' id='line_1_5' title="bbox 461 856 1535 935; baseline -0.005 -22"><span class='ocrx_word' id='word_1_20' title='bbox 461 877 599 935; x_wconf 75' lang='lat' dir='ltr'>rum,</span> <span class='ocrx_word' id='word_1_21' title='bbox 635 878 729 928; x_wconf 88' lang='lat' dir='ltr'>pro</span> <span class='ocrx_word' id='word_1_22' title='bbox 761 856 1000 919; x_wconf 67' lang='lat' dir='ltr'>dimissos,</span> <span class='ocrx_word' id='word_1_23' title='bbox 1040 861 1386 922; x_wconf 79' lang='lat' dir='ltr'>Puteolanus,</span> <span class='ocrx_word' id='word_1_24' title='bbox 1430 860 1535 909; x_wconf 85' lang='lat' dir='ltr'>Be·</span> 
     </span>
     <span class='ocr_line' id='line_1_6' title="bbox 464 936 1535 1001; baseline -0.004 -11"><span class='ocrx_word' id='word_1_25' title='bbox 464 939 691 1001; x_wconf 84' lang='lat' dir='ltr'>roaldus,</span> <span class='ocrx_word' id='word_1_26' title='bbox 719 937 898 1000; x_wconf 79' lang='lat' dir='ltr'>Aldus,</span> <span class='ocrx_word' id='word_1_27' title='bbox 931 936 1296 1001; x_wconf 81' lang='lat' dir='ltr'>Cuspinianus,</span> <span class='ocrx_word' id='word_1_28' title='bbox 1333 936 1535 986; x_wconf 82' lang='lat' dir='ltr'>Rhena-</span> 
     </span>
     <span class='ocr_line' id='line_1_7' title="bbox 462 1013 1535 1078; baseline -0.004 -12"><span class='ocrx_word' id='word_1_29' title='bbox 462 1031 578 1073; x_wconf 86' lang='lat' dir='ltr'>nus,</span> <span class='ocrx_word' id='word_1_30' title='bbox 601 1030 708 1066; x_wconf 89' lang='lat' dir='ltr'>uon</span> <span class='ocrx_word' id='word_1_31' title='bbox 740 1015 869 1065; x_wconf 85' lang='lat' dir='ltr'>satis</span> <span class='ocrx_word' id='word_1_32' title='bbox 891 1020 1015 1078; x_wconf 89' lang='lat' dir='ltr'>apte</span> <span class='ocrx_word' id='word_1_33' title='bbox 1050 1013 1331 1063; x_wconf 88' lang='lat' dir='ltr'>ediderunt</span> <span class='ocrx_word' id='word_1_34' title='bbox 1360 1013 1535 1062; x_wconf 76' lang='lat' dir='ltr'>demis-</span> 
     </span>
     <span class='ocr_line' id='line_1_8' title="bbox 460 1090 1533 1159; baseline -0.004 -16"><span class='ocrx_word' id='word_1_35' title='bbox 460 1108 561 1159; x_wconf 82' lang='lat' dir='ltr'>sos,</span> <span class='ocrx_word' id='word_1_36' title='bbox 592 1108 711 1144; x_wconf 89' lang='lat' dir='ltr'>cnm</span> <span class='ocrx_word' id='word_1_37' title='bbox 737 1092 903 1143; x_wconf 88' lang='lat' dir='ltr'>ceteri</span> <span class='ocrx_word' id='word_1_38' title='bbox 926 1090 1045 1142; x_wconf 88' lang='lat' dir='ltr'>libri</span> <span class='ocrx_word' id='word_1_39' title='bbox 1070 1104 1273 1153; x_wconf 86' lang='lat' dir='ltr'>omnes,</span> <span class='ocrx_word' id='word_1_40' title='bbox 1297 1097 1350 1140; x_wconf 85' lang='lat' dir='ltr'>et</span> <span class='ocrx_word' id='word_1_41' title='bbox 1370 1090 1533 1155; x_wconf 87' lang='lat' dir='ltr'>scrip·</span> 
     </span>
     <span class='ocr_line' id='line_1_9' title="bbox 463 1165 1533 1234; baseline -0.002 -14"><span class='ocrx_word' id='word_1_42' title='bbox 463 1170 528 1230; x_wconf 89' lang='lat' dir='ltr'>ti,</span> <span class='ocrx_word' id='word_1_43' title='bbox 584 1175 641 1219; x_wconf 86' lang='lat' dir='ltr'>et</span> <span class='ocrx_word' id='word_1_44' title='bbox 696 1167 963 1234; x_wconf 85' lang='lat' dir='ltr'>impressi,</span> <span class='ocrx_word' id='word_1_45' title='bbox 1012 1165 1243 1218; x_wconf 78' lang='lat' dir='ltr'>babeant</span> <span class='ocrx_word' id='word_1_46' title='bbox 1295 1167 1533 1218; x_wconf 68' lang='lat' dir='ltr'>dimissos.</span> 
     </span>
     <span class='ocr_line' id='line_1_10' title="bbox 462 1247 726 1299; baseline -0.011 0"><span class='ocrx_word' id='word_1_47' title='bbox 462 1247 726 1299; x_wconf 60' lang='grc' dir='ltr'><strong>δοῦναι-ι.</strong></span> 
     </span>
    </p>

    <p class='ocr_par' dir='ltr' id='par_1_3' title="bbox 461 1318 1534 1610">
     <span class='ocr_line' id='line_1_11' title="bbox 533 1318 1534 1385; baseline -0.001 -13"><span class='ocrx_word' id='word_1_48' title='bbox 533 1320 795 1385; x_wconf 72' lang='lat' dir='ltr'>Dimissus]</span> <span class='ocrx_word' id='word_1_49' title='bbox 817 1320 982 1372; x_wconf 82' lang='lat' dir='ltr'>Quasi</span> <span class='ocrx_word' id='word_1_50' title='bbox 996 1320 1106 1384; x_wconf 87' lang='lat' dir='ltr'>jam</span> <span class='ocrx_word' id='word_1_51' title='bbox 1131 1318 1269 1369; x_wconf 81' lang='lat' dir='ltr'>ultra</span> <span class='ocrx_word' id='word_1_52' title='bbox 1282 1332 1384 1368; x_wconf 90' lang='lat' dir='ltr'>non</span> <span class='ocrx_word' id='word_1_53' title='bbox 1402 1332 1534 1384; x_wconf 89' lang='lat' dir='ltr'>opus</span> 
     </span>
     <span class='ocr_line' id='line_1_12' title="bbox 461 1393 1534 1461; baseline -0.003 -14"><span class='ocrx_word' id='word_1_54' title='bbox 461 1411 655 1448; x_wconf 76' lang='lat' dir='ltr'>vacare</span> <span class='ocrx_word' id='word_1_55' title='bbox 687 1397 892 1461; x_wconf 85' lang='lat' dir='ltr'>reipub.</span> <span class='ocrx_word' id='word_1_56' title='bbox 927 1403 986 1445; x_wconf 89' lang='lat' dir='ltr'>nt</span> <span class='ocrx_word' id='word_1_57' title='bbox 1018 1393 1280 1451; x_wconf 86' lang='lat' dir='ltr'>emeritos,</span> <span class='ocrx_word' id='word_1_58' title='bbox 1318 1403 1373 1444; x_wconf 90' lang='lat' dir='ltr'>et</span> <span class='ocrx_word' id='word_1_59' title='bbox 1400 1395 1534 1445; x_wconf 86' lang='lat' dir='ltr'>rude</span> 
     </span>
     <span class='ocr_line' id='line_1_13' title="bbox 462 1471 1534 1539; baseline -0.004 -15"><span class='ocrx_word' id='word_1_60' title='bbox 462 1474 702 1531; x_wconf 85' lang='lat' dir='ltr'>donatos,</span> <span class='ocrx_word' id='word_1_61' title='bbox 738 1473 862 1539; x_wconf 86' lang='lat' dir='ltr'>quia</span> <span class='ocrx_word' id='word_1_62' title='bbox 894 1472 1098 1522; x_wconf 87' lang='lat' dir='ltr'>scilicet</span> <span class='ocrx_word' id='word_1_63' title='bbox 1127 1471 1338 1522; x_wconf 86' lang='lat' dir='ltr'>eulmen</span> <span class='ocrx_word' id='word_1_64' title='bbox 1372 1471 1534 1521; x_wconf 86' lang='lat' dir='ltr'>hono·</span> 
     </span>
     <span class='ocr_line' id='line_1_14' title="bbox 463 1546 1090 1610; baseline -0.005 -12"><span class='ocrx_word' id='word_1_65' title='bbox 463 1564 578 1600; x_wconf 87' lang='lat' dir='ltr'>rum</span> <span class='ocrx_word' id='word_1_66' title='bbox 600 1550 913 1599; x_wconf 86' lang='lat' dir='ltr'>scandimus.</span> <span class='ocrx_word' id='word_1_67' title='bbox 949 1546 1090 1610; x_wconf 82' lang='lat' dir='ltr'>Lips.</span> 
     </span>
    </p>

    <p class='ocr_par' dir='ltr' id='par_1_4' title="bbox 459 1623 1533 1842">
     <span class='ocr_line' id='line_1_15' title="bbox 526 1623 1533 1691; baseline -0.004 -16"><span class='ocrx_word' id='word_1_68' title='bbox 526 1628 836 1691; x_wconf 74' lang='lat' dir='ltr'>Eundem11ue</span> <span class='ocrx_word' id='word_1_69' title='bbox 854 1623 1031 1687; x_wconf 68' lang='lat' dir='ltr'>lom]</span> <span class='ocrx_word' id='word_1_70' title='bbox 1057 1623 1290 1674; x_wconf 85' lang='lat' dir='ltr'>Primum</span> <span class='ocrx_word' id='word_1_71' title='bbox 1310 1623 1533 1679; x_wconf 86' lang='lat' dir='ltr'>scilieet.</span> 
     </span>
     <span class='ocr_line' id='line_1_16' title="bbox 459 1700 1532 1764; baseline -0.003 -12"><span class='ocrx_word' id='word_1_72' title='bbox 459 1702 611 1753; x_wconf 87' lang='lat' dir='ltr'>Sicut</span> <span class='ocrx_word' id='word_1_73' title='bbox 627 1704 679 1752; x_wconf 89' lang='lat' dir='ltr'>in</span> <span class='ocrx_word' id='word_1_74' title='bbox 703 1701 1001 1752; x_wconf 84' lang='lat' dir='ltr'>reverentia</span> <span class='ocrx_word' id='word_1_75' title='bbox 1024 1707 1079 1750; x_wconf 89' lang='lat' dir='ltr'>et</span> <span class='ocrx_word' id='word_1_76' title='bbox 1096 1700 1351 1764; x_wconf 83' lang='lat' dir='ltr'>dignitate</span> <span class='ocrx_word' id='word_1_77' title='bbox 1377 1700 1532 1762; x_wconf 90' lang='lat' dir='ltr'>primi</span> 
     </span>
     <span class='ocr_line' id='line_1_17' title="bbox 461 1776 1531 1842; baseline -0.002 -14"><span class='ocrx_word' id='word_1_78' title='bbox 461 1792 655 1842; x_wconf 85' lang='lat' dir='ltr'>sumus,</span> <span class='ocrx_word' id='word_1_79' title='bbox 673 1779 785 1842; x_wconf 81' lang='lat' dir='ltr'>jam</span> <span class='ocrx_word' id='word_1_80' title='bbox 810 1777 1149 1837; x_wconf 86' lang='lat' dir='ltr'>consulares;</span> <span class='ocrx_word' id='word_1_81' title='bbox 1186 1776 1263 1825; x_wconf 89' lang='lat' dir='ltr'>ita</span> <span class='ocrx_word' id='word_1_82' title='bbox 1296 1783 1351 1825; x_wconf 89' lang='lat' dir='ltr'>et</span> <span class='ocrx_word' id='word_1_83' title='bbox 1383 1777 1434 1826; x_wconf 88' lang='lat' dir='ltr'>in</span> <span class='ocrx_word' id='word_1_84' title='bbox 1457 1778 1531 1826; x_wconf 86' lang='lat' dir='ltr'>la·</span> 
     </span>
    </p>
   </div>
   <div class='ocr_carea' id='block_1_3' title="bbox 359 1852 1234 1918">
    <p class='ocr_par' dir='ltr' id='par_1_5' title="bbox 359 1852 1234 1918">
     <span class='ocr_line' id='line_1_18' title="bbox 359 1852 1234 1918; baseline -0.009 -11"><span class='ocrx_word' id='word_1_85' title='bbox 359 1902 374 1907; x_wconf 83' lang='lat'>-</span> <span class='ocrx_word' id='word_1_86' title='bbox 461 1853 591 1904; x_wconf 85' lang='lat' dir='ltr'>bore</span> <span class='ocrx_word' id='word_1_87' title='bbox 613 1867 843 1918; x_wconf 83' lang='lat' dir='ltr'>curaque</span> <span class='ocrx_word' id='word_1_88' title='bbox 868 1852 1044 1902; x_wconf 89' lang='lat' dir='ltr'>simus.</span> <span class='ocrx_word' id='word_1_89' title='bbox 1078 1853 1234 1902; x_wconf 73' lang='lat' dir='ltr'>Ideni.</span> 
     </span>
    </p>
   </div>
   <div class='ocr_carea' id='block_1_4' title="bbox 459 1926 1534 2374">
    <p class='ocr_par' dir='ltr' id='par_1_6' title="bbox 459 1926 1534 2374">
     <span class='ocr_line' id='line_1_19' title="bbox 527 1926 1531 1993; baseline -0.002 -14"><span class='ocrx_word' id='word_1_90' title='bbox 527 1930 838 1993; x_wconf 72' lang='lat' dir='ltr'>Eandemque</span> <span class='ocrx_word' id='word_1_91' title='bbox 853 1927 1028 1989; x_wconf 79' lang='lat' dir='ltr'>locum]</span> <span class='ocrx_word' id='word_1_92' title='bbox 1052 1926 1205 1976; x_wconf 89' lang='lat' dir='ltr'>Solus</span> <span class='ocrx_word' id='word_1_93' title='bbox 1232 1926 1399 1977; x_wconf 81' lang='lat' dir='ltr'>codex</span> <span class='ocrx_word' id='word_1_94' title='bbox 1426 1940 1531 1977; x_wconf 85' lang='lat' dir='ltr'>me·</span> 
     </span>
     <span class='ocr_line' id='line_1_20' title="bbox 461 2004 1530 2068; baseline -0.001 -13"><span class='ocrx_word' id='word_1_95' title='bbox 461 2019 523 2055; x_wconf 87' lang='lat' dir='ltr'>ns</span> <span class='ocrx_word' id='word_1_96' title='bbox 571 2005 727 2055; x_wconf 85' lang='lat' dir='ltr'>babet</span> <span class='ocrx_word' id='word_1_97' title='bbox 770 2020 876 2055; x_wconf 74' lang='lat' dir='ltr'>eum</span> <span class='ocrx_word' id='word_1_98' title='bbox 925 2004 1125 2067; x_wconf 72' lang='lat' dir='ltr'>denique</span> <span class='ocrx_word' id='word_1_99' title='bbox 1177 2005 1358 2062; x_wconf 64' lang='grc' dir='ltr'>τοι-ωας</span> <span class='ocrx_word' id='word_1_100' title='bbox 1412 2018 1530 2068; x_wconf 72' lang='lat' dir='ltr'>quae</span> 
     </span>
     <span class='ocr_line' id='line_1_21' title="bbox 462 2081 1534 2145; baseline -0.003 -13"><span class='ocrx_word' id='word_1_101' title='bbox 462 2081 669 2145; x_wconf 82' lang='lat' dir='ltr'>quidem</span> <span class='ocrx_word' id='word_1_102' title='bbox 717 2081 876 2132; x_wconf 87' lang='lat' dir='ltr'>lectio</span> <span class='ocrx_word' id='word_1_103' title='bbox 912 2094 1017 2130; x_wconf 91' lang='lat' dir='ltr'>non</span> <span class='ocrx_word' id='word_1_104' title='bbox 1053 2085 1135 2130; x_wconf 89' lang='lat' dir='ltr'>est</span> <span class='ocrx_word' id='word_1_105' title='bbox 1171 2081 1534 2144; x_wconf 66' lang='lat' dir='ltr'>incongruens,</span> 
     </span>
     <span class='ocr_line' id='line_1_22' title="bbox 459 2155 1533 2207; baseline -0.001 0"><span class='ocrx_word' id='word_1_106' title='bbox 459 2159 652 2207; x_wconf 88' lang='lat' dir='ltr'>nullam</span> <span class='ocrx_word' id='word_1_107' title='bbox 678 2163 851 2207; x_wconf 79' lang='lat' dir='ltr'>tamen</span> <span class='ocrx_word' id='word_1_108' title='bbox 879 2155 1032 2206; x_wconf 80' lang='lat' dir='ltr'>affert</span> <span class='ocrx_word' id='word_1_109' title='bbox 1050 2156 1417 2206; x_wconf 86' lang='lat' dir='ltr'>necessitatem</span> <span class='ocrx_word' id='word_1_110' title='bbox 1440 2158 1533 2207; x_wconf 79' lang='lat' dir='ltr'>ali·</span> 
     </span>
     <span class='ocr_line' id='line_1_23' title="bbox 461 2226 1532 2297; baseline -0.001 -13"><span class='ocrx_word' id='word_1_111' title='bbox 461 2226 614 2297; x_wconf 79' lang='lat' dir='ltr'>cujus</span> <span class='ocrx_word' id='word_1_112' title='bbox 636 2231 1035 2283; x_wconf 79' lang='lat' dir='ltr'>emendationis.</span> <span class='ocrx_word' id='word_1_113' title='bbox 1105 2232 1238 2284; x_wconf 82' lang='lat' dir='ltr'>Quis</span> <span class='ocrx_word' id='word_1_114' title='bbox 1273 2247 1396 2283; x_wconf 79' lang='lat' dir='ltr'>vero</span> <span class='ocrx_word' id='word_1_115' title='bbox 1430 2247 1532 2283; x_wconf 89' lang='lat' dir='ltr'>non</span> 
     </span>
     <span class='ocr_line' id='line_1_24' title="bbox 461 2309 1532 2374; baseline -0.001 -13"><span class='ocrx_word' id='word_1_116' title='bbox 461 2311 628 2371; x_wconf 77' lang='lat' dir='ltr'>videt,</span> <span class='ocrx_word' id='word_1_117' title='bbox 663 2325 818 2374; x_wconf 85' lang='lat' dir='ltr'>quam</span> <span class='ocrx_word' id='word_1_118' title='bbox 856 2309 1013 2360; x_wconf 86' lang='lat' dir='ltr'>facile</span> <span class='ocrx_word' id='word_1_119' title='bbox 1049 2322 1115 2358; x_wconf 80' lang='lat' dir='ltr'>ex</span> <span class='ocrx_word' id='word_1_120' title='bbox 1156 2311 1532 2371; x_wconf 69' lang='lat' dir='ltr'>posterioribus</span> 
     </span>
    </p>
   </div>
   <div class='ocr_carea' id='block_1_5' title="bbox 462 2385 1543 2457">
    <p class='ocr_par' dir='ltr' id='par_1_7' title="bbox 462 2385 1543 2457">
     <span class='ocr_line' id='line_1_25' title="bbox 462 2385 1543 2457; baseline -0.001 -19"><span class='ocrx_word' id='word_1_121' title='bbox 462 2386 675 2450; x_wconf 72' lang='lat' dir='ltr'>syllabis</span> <span class='ocrx_word' id='word_1_122' title='bbox 717 2387 808 2436; x_wconf 77' lang='grc' dir='ltr'>τυῦ</span> <span class='ocrx_word' id='word_1_123' title='bbox 844 2387 1148 2450; x_wconf 74' lang='lat' dir='ltr'>eundemque,</span> <span class='ocrx_word' id='word_1_124' title='bbox 1195 2385 1307 2436; x_wconf 79' lang='lat' dir='ltr'>fieri</span> <span class='ocrx_word' id='word_1_125' title='bbox 1348 2396 1543 2457; x_wconf 12' lang='lat' dir='ltr'>potue·-</span> 
     </span>
    </p>
   </div>
   <div class='ocr_carea' id='block_1_6' title="bbox 367 2464 1534 4441">
    <p class='ocr_par' dir='ltr' id='par_1_8' title="bbox 459 2464 1534 2607">
     <span class='ocr_line' id='line_1_26' title="bbox 459 2464 1534 2528; baseline 0.002 -16"><span class='ocrx_word' id='word_1_126' title='bbox 459 2464 550 2520; x_wconf 86' lang='lat' dir='ltr'>rit,</span> <span class='ocrx_word' id='word_1_127' title='bbox 572 2464 805 2528; x_wconf 75' lang='lat' dir='ltr'>denique3</span> <span class='ocrx_word' id='word_1_128' title='bbox 840 2476 902 2512; x_wconf 85' lang='lat' dir='ltr'>ac</span> <span class='ocrx_word' id='word_1_129' title='bbox 923 2464 1036 2512; x_wconf 85' lang='lat' dir='ltr'>vice</span> <span class='ocrx_word' id='word_1_130' title='bbox 1062 2474 1226 2526; x_wconf 82' lang='lat' dir='ltr'>versa,</span> <span class='ocrx_word' id='word_1_131' title='bbox 1242 2475 1307 2511; x_wconf 84' lang='lat' dir='ltr'>ex</span> <span class='ocrx_word' id='word_1_132' title='bbox 1326 2478 1431 2513; x_wconf 79' lang='lat' dir='ltr'>eum</span> <span class='ocrx_word' id='word_1_133' title='bbox 1451 2466 1534 2514; x_wconf 84' lang='lat' dir='ltr'>de·</span> 
     </span>
     <span class='ocr_line' id='line_1_27' title="bbox 459 2543 1240 2607; baseline 0.003 -17"><span class='ocrx_word' id='word_1_134' title='bbox 459 2543 620 2606; x_wconf 81' lang='lat' dir='ltr'>nique,</span> <span class='ocrx_word' id='word_1_135' title='bbox 642 2545 945 2607; x_wconf 77' lang='lat' dir='ltr'>eundemque.</span> <span class='ocrx_word' id='word_1_136' title='bbox 980 2543 1240 2593; x_wconf 79' lang='lat' dir='ltr'>Scliwarz.</span> 
     </span>
    </p>

    <p class='ocr_par' dir='ltr' id='par_1_9' title="bbox 459 2619 1531 3281">
     <span class='ocr_line' id='line_1_28' title="bbox 526 2619 1531 2687; baseline 0.001 -16"><span class='ocrx_word' id='word_1_137' title='bbox 526 2620 666 2671; x_wconf 73' lang='lat' dir='ltr'>CAP.</span> <span class='ocrx_word' id='word_1_138' title='bbox 693 2634 849 2672; x_wconf 79' lang='lat' dir='ltr'>xciv.</span> <span class='ocrx_word' id='word_1_139' title='bbox 920 2621 1099 2687; x_wconf 70' lang='lat' dir='ltr'>Iustus</span> <span class='ocrx_word' id='word_1_140' title='bbox 1131 2619 1388 2685; x_wconf 75' lang='lat' dir='ltr'>orationis]</span> <span class='ocrx_word' id='word_1_141' title='bbox 1421 2623 1531 2672; x_wconf 90' lang='lat' dir='ltr'>Un-</span> 
     </span>
     <span class='ocr_line' id='line_1_29' title="bbox 460 2688 1531 2765; baseline 0.004 -17"><span class='ocrx_word' id='word_1_142' title='bbox 460 2698 530 2750; x_wconf 90' lang='lat' dir='ltr'>de</span> <span class='ocrx_word' id='word_1_143' title='bbox 551 2708 635 2751; x_wconf 86' lang='lat' dir='ltr'>est</span> <span class='ocrx_word' id='word_1_144' title='bbox 665 2715 800 2762; x_wconf 88' lang='lat' dir='ltr'>orsa,</span> <span class='ocrx_word' id='word_1_145' title='bbox 824 2714 1014 2765; x_wconf 82' lang='lat' dir='ltr'>nempe</span> <span class='ocrx_word' id='word_1_146' title='bbox 1037 2715 1067 2750; x_wconf 88' lang='lat' dir='ltr'>a</span> <span class='ocrx_word' id='word_1_147' title='bbox 1093 2700 1340 2764; x_wconf 86' lang='lat' dir='ltr'>precibus</span> <span class='ocrx_word' id='word_1_148' title='bbox 1362 2708 1418 2751; x_wconf 86' lang='lat' dir='ltr'>et</span> <span class='ocrx_word' id='word_1_149' title='bbox 1442 2688 1531 2752; x_wconf 81' lang='lat' dir='ltr'>vo·</span> 
     </span>
     <span class='ocr_line' id='line_1_30' title="bbox 460 2774 1530 2837; baseline 0.004 -13"><span class='ocrx_word' id='word_1_150' title='bbox 460 2774 548 2837; x_wconf 84' lang='lat' dir='ltr'>tis,</span> <span class='ocrx_word' id='word_1_151' title='bbox 591 2775 773 2837; x_wconf 82' lang='lat' dir='ltr'>iisdem</span> <span class='ocrx_word' id='word_1_152' title='bbox 820 2777 1147 2833; x_wconf 85' lang='lat' dir='ltr'>terminatur,</span> <span class='ocrx_word' id='word_1_153' title='bbox 1187 2778 1372 2826; x_wconf 84' lang='lat' dir='ltr'>oratio.</span> <span class='ocrx_word' id='word_1_154' title='bbox 1438 2777 1530 2828; x_wconf 90' lang='lat' dir='ltr'>Sic</span> 
     </span>
     <span class='ocr_line' id='line_1_31' title="bbox 460 2853 1530 2918; baseline 0.003 -18"><span class='ocrx_word' id='word_1_155' title='bbox 460 2853 620 2902; x_wconf 86' lang='lat' dir='ltr'>etiam</span> <span class='ocrx_word' id='word_1_156' title='bbox 645 2853 834 2904; x_wconf 89' lang='lat' dir='ltr'>Cicero</span> <span class='ocrx_word' id='word_1_157' title='bbox 857 2855 1053 2918; x_wconf 90' lang='lat' dir='ltr'>aliquot</span> <span class='ocrx_word' id='word_1_158' title='bbox 1087 2854 1350 2904; x_wconf 79' lang='lat' dir='ltr'>orationes</span> <span class='ocrx_word' id='word_1_159' title='bbox 1386 2855 1530 2903; x_wconf 88' lang='lat' dir='ltr'>clau·</span> 
     </span>
     <span class='ocr_line' id='line_1_32' title="bbox 461 2928 1531 2985; baseline 0.002 -8"><span class='ocrx_word' id='word_1_160' title='bbox 461 2928 541 2977; x_wconf 82' lang='lat' dir='ltr'>dit</span> <span class='ocrx_word' id='word_1_161' title='bbox 559 2929 716 2985; x_wconf 81' lang='lat' dir='ltr'>votis,</span> <span class='ocrx_word' id='word_1_162' title='bbox 734 2938 789 2979; x_wconf 87' lang='lat' dir='ltr'>et</span> <span class='ocrx_word' id='word_1_163' title='bbox 811 2930 1041 2979; x_wconf 77' lang='lat' dir='ltr'>Deorum</span> <span class='ocrx_word' id='word_1_164' title='bbox 1063 2929 1363 2979; x_wconf 85' lang='lat' dir='ltr'>tutelarium</span> <span class='ocrx_word' id='word_1_165' title='bbox 1384 2929 1531 2979; x_wconf 84' lang='lat' dir='ltr'>invo-</span> 
     </span>
     <span class='ocr_line' id='line_1_33' title="bbox 459 3004 1529 3070; baseline 0.004 -18"><span class='ocrx_word' id='word_1_166' title='bbox 459 3004 702 3066; x_wconf 85' lang='lat' dir='ltr'>catione;</span> <span class='ocrx_word' id='word_1_167' title='bbox 740 3018 787 3053; x_wconf 78' lang='lat' dir='ltr'>v,</span> <span class='ocrx_word' id='word_1_168' title='bbox 812 3019 861 3068; x_wconf 85' lang='lat' dir='ltr'>g.</span> <span class='ocrx_word' id='word_1_169' title='bbox 887 3005 1043 3053; x_wconf 89' lang='lat' dir='ltr'>Verr.</span> <span class='ocrx_word' id='word_1_170' title='bbox 1066 3019 1122 3055; x_wconf 75' lang='lat' dir='ltr'>v·</span> <span class='ocrx_word' id='word_1_171' title='bbox 1145 3009 1227 3055; x_wconf 77' lang='grc'><strong>72.</strong></span> <span class='ocrx_word' id='word_1_172' title='bbox 1250 3018 1393 3070; x_wconf 78' lang='lat' dir='ltr'>seqq.</span> <span class='ocrx_word' id='word_1_173' title='bbox 1429 3006 1529 3056; x_wconf 85' lang='lat' dir='ltr'>Ca-</span> 
     </span>
     <span class='ocr_line' id='line_1_34' title="bbox 459 3081 1529 3149; baseline 0.003 -20"><span class='ocrx_word' id='word_1_174' title='bbox 459 3081 595 3131; x_wconf 88' lang='lat' dir='ltr'>tilin.</span> <span class='ocrx_word' id='word_1_175' title='bbox 632 3095 672 3130; x_wconf 86' lang='grc' dir='ltr'><strong>ι.</strong></span> <span class='ocrx_word' id='word_1_176' title='bbox 699 3081 852 3130; x_wconf 82' lang='lat' dir='ltr'>Orat.</span> <span class='ocrx_word' id='word_1_177' title='bbox 883 3095 980 3143; x_wconf 86' lang='lat' dir='ltr'>pro</span> <span class='ocrx_word' id='word_1_178' title='bbox 996 3081 1140 3131; x_wconf 88' lang='lat' dir='ltr'>Sulla</span> <span class='ocrx_word' id='word_1_179' title='bbox 1172 3096 1291 3145; x_wconf 88' lang='lat' dir='ltr'>cap.</span> <span class='ocrx_word' id='word_1_180' title='bbox 1317 3086 1398 3134; x_wconf 83' lang='grc'><strong>31.</strong></span> <span class='ocrx_word' id='word_1_181' title='bbox 1430 3097 1529 3149; x_wconf 91' lang='lat' dir='ltr'>pro</span> 
     </span>
     <span class='ocr_line' id='line_1_35' title="bbox 462 3155 1528 3221; baseline 0.004 -15"><span class='ocrx_word' id='word_1_182' title='bbox 462 3157 630 3206; x_wconf 85' lang='lat' dir='ltr'>Domo</span> <span class='ocrx_word' id='word_1_183' title='bbox 654 3170 748 3206; x_wconf 86' lang='lat' dir='ltr'>sna</span> <span class='ocrx_word' id='word_1_184' title='bbox 771 3155 836 3205; x_wconf 84' lang='lat' dir='ltr'>ad</span> <span class='ocrx_word' id='word_1_185' title='bbox 859 3155 1152 3208; x_wconf 80' lang='lat' dir='ltr'>Pontifices</span> <span class='ocrx_word' id='word_1_186' title='bbox 1176 3172 1293 3221; x_wconf 82' lang='lat' dir='ltr'>cap.</span> <span class='ocrx_word' id='word_1_187' title='bbox 1320 3162 1403 3208; x_wconf 80' lang='lat'>51.</span> <span class='ocrx_word' id='word_1_188' title='bbox 1424 3161 1528 3210; x_wconf 82' lang='lat' dir='ltr'>&amp;c.</span> 
     </span>
     <span class='ocr_line' id='line_1_36' title="bbox 463 3231 1523 3281; baseline 0.004 -1"><span class='ocrx_word' id='word_1_189' title='bbox 463 3231 617 3281; x_wconf 79' lang='lat' dir='ltr'>Idem.</span> <span class='ocrx_word' id='word_1_190' title='bbox 1516 3240 1523 3247; x_wconf 84' lang='lat'><em>&#39;</em></span> 
     </span>
    </p>

    <p class='ocr_par' dir='ltr' id='par_1_10' title="bbox 367 3308 1529 4441">
     <span class='ocr_line' id='line_1_37' title="bbox 524 3308 1528 3374; baseline 0.007 -19"><span class='ocrx_word' id='word_1_191' title='bbox 524 3308 770 3358; x_wconf 81' lang='lat' dir='ltr'>Proesides</span> <span class='ocrx_word' id='word_1_192' title='bbox 800 3310 1106 3372; x_wconf 71' lang='lat' dir='ltr'>custodesque</span> <span class='ocrx_word' id='word_1_193' title='bbox 1141 3309 1358 3374; x_wconf 76' lang='lat' dir='ltr'>imperii]</span> <span class='ocrx_word' id='word_1_194' title='bbox 1415 3312 1528 3362; x_wconf 85' lang='lat' dir='ltr'>Ho-</span> 
     </span>
     <span class='ocr_line' id='line_1_38' title="bbox 458 3382 1526 3452; baseline 0.006 -21"><span class='ocrx_word' id='word_1_195' title='bbox 458 3382 626 3432; x_wconf 88' lang='lat' dir='ltr'>mines</span> <span class='ocrx_word' id='word_1_196' title='bbox 650 3398 789 3433; x_wconf 77' lang='lat' dir='ltr'>verae</span> <span class='ocrx_word' id='word_1_197' title='bbox 814 3385 1077 3447; x_wconf 69' lang='lat' dir='ltr'>religionis</span> <span class='ocrx_word' id='word_1_198' title='bbox 1096 3393 1340 3448; x_wconf 83' lang='lat' dir='ltr'>expertes</span> <span class='ocrx_word' id='word_1_199' title='bbox 1363 3386 1526 3452; x_wconf 82' lang='lat' dir='ltr'>finge·</span> 
     </span>
     <span class='ocr_line' id='line_1_39' title="bbox 458 3458 1526 3526; baseline 0.005 -18"><span class='ocrx_word' id='word_1_200' title='bbox 458 3458 589 3509; x_wconf 86' lang='lat' dir='ltr'>bant</span> <span class='ocrx_word' id='word_1_201' title='bbox 631 3460 977 3525; x_wconf 72' lang='lat' dir='ltr'>colebantque</span> <span class='ocrx_word' id='word_1_202' title='bbox 1018 3462 1190 3510; x_wconf 81' lang='lat' dir='ltr'>varios</span> <span class='ocrx_word' id='word_1_203' title='bbox 1236 3463 1526 3526; x_wconf 80' lang='lat' dir='ltr'>provincia-</span> 
     </span>
     <span class='ocr_line' id='line_1_40' title="bbox 367 3536 1528 3608; baseline 0.004 -24"><span class='ocrx_word' id='word_1_204' title='bbox 367 3596 375 3608; x_wconf 43' lang='grc' dir='ltr'><em>Ι</em></span> <span class='ocrx_word' id='word_1_205' title='bbox 461 3550 573 3585; x_wconf 89' lang='lat' dir='ltr'>rum</span> <span class='ocrx_word' id='word_1_206' title='bbox 594 3542 649 3586; x_wconf 88' lang='lat' dir='ltr'>et</span> <span class='ocrx_word' id='word_1_207' title='bbox 671 3537 870 3587; x_wconf 86' lang='lat' dir='ltr'>urbium</span> <span class='ocrx_word' id='word_1_208' title='bbox 890 3538 1033 3587; x_wconf 85' lang='lat' dir='ltr'>Deos</span> <span class='ocrx_word' id='word_1_209' title='bbox 1054 3536 1297 3587; x_wconf 75' lang='lat' dir='ltr'>custodes</span> <span class='ocrx_word' id='word_1_210' title='bbox 1316 3546 1370 3587; x_wconf 91' lang='lat' dir='ltr'>et</span> <span class='ocrx_word' id='word_1_211' title='bbox 1388 3544 1528 3589; x_wconf 87' lang='lat' dir='ltr'>tute-</span> 
     </span>
     <span class='ocr_line' id='line_1_41' title="bbox 457 3613 1527 3677; baseline 0.003 -14"><span class='ocrx_word' id='word_1_212' title='bbox 457 3613 615 3675; x_wconf 87' lang='lat' dir='ltr'>lares,</span> <span class='ocrx_word' id='word_1_213' title='bbox 637 3616 819 3677; x_wconf 84' lang='lat' dir='ltr'>quales</span> <span class='ocrx_word' id='word_1_214' title='bbox 844 3621 995 3665; x_wconf 82' lang='lat' dir='ltr'>vocat</span> <span class='ocrx_word' id='word_1_215' title='bbox 1029 3614 1220 3665; x_wconf 85' lang='lat' dir='ltr'>Horat.</span> <span class='ocrx_word' id='word_1_216' title='bbox 1255 3614 1359 3664; x_wconf 87' lang='lat' dir='ltr'>Od.</span> <span class='ocrx_word' id='word_1_217' title='bbox 1384 3629 1424 3664; x_wconf 87' lang='grc' dir='ltr'><strong>ι.</strong></span> <span class='ocrx_word' id='word_1_218' title='bbox 1445 3619 1527 3666; x_wconf 83' lang='grc'><strong>36.</strong></span> 
     </span>
     <span class='ocr_line' id='line_1_42' title="bbox 460 3687 1527 3755; baseline 0.003 -17"><span class='ocrx_word' id='word_1_219' title='bbox 460 3691 476 3716; x_wconf 81' lang='lat'><strong><em>⁴</em></strong></span> <span class='ocrx_word' id='word_1_220' title='bbox 502 3688 760 3739; x_wconf 81' lang='lat' dir='ltr'>Custodes</span> <span class='ocrx_word' id='word_1_221' title='bbox 798 3688 1041 3739; x_wconf 77' lang='lat' dir='ltr'>Numidae</span> <span class='ocrx_word' id='word_1_222' title='bbox 1078 3690 1227 3740; x_wconf 87' lang='lat' dir='ltr'>Deos</span> <span class='ocrx_word' id='word_1_223' title='bbox 1244 3687 1280 3751; x_wconf 67' lang='grc' dir='ltr'>ς’</span> <span class='ocrx_word' id='word_1_224' title='bbox 1313 3690 1426 3741; x_wconf 87' lang='lat' dir='ltr'>Cic.</span> <span class='ocrx_word' id='word_1_225' title='bbox 1459 3692 1527 3755; x_wconf 85' lang='lat' dir='ltr'>de</span> 
     </span>
     <span class='ocr_line' id='line_1_43' title="bbox 459 3764 1527 3829; baseline 0.002 -13"><span class='ocrx_word' id='word_1_226' title='bbox 459 3764 589 3816; x_wconf 87' lang='lat' dir='ltr'>Nat.</span> <span class='ocrx_word' id='word_1_227' title='bbox 614 3767 774 3816; x_wconf 85' lang='lat' dir='ltr'>Deor.</span> <span class='ocrx_word' id='word_1_228' title='bbox 805 3779 893 3816; x_wconf 90' lang='grc' dir='ltr'><strong>ιιι.</strong></span> <span class='ocrx_word' id='word_1_229' title='bbox 916 3771 1001 3816; x_wconf 79' lang='grc'><strong>23.</strong></span> <span class='ocrx_word' id='word_1_230' title='bbox 1036 3767 1053 3795; x_wconf 78' lang='lat'><em>⁶</em></span> <span class='ocrx_word' id='word_1_231' title='bbox 1079 3765 1376 3829; x_wconf 79' lang='lat' dir='ltr'>Apollinem</span> <span class='ocrx_word' id='word_1_232' title='bbox 1412 3783 1527 3818; x_wconf 80' lang='lat' dir='ltr'>cns·</span> 
     </span>
     <span class='ocr_line' id='line_1_44' title="bbox 457 3840 1526 3906; baseline 0.003 -17"><span class='ocrx_word' id='word_1_233' title='bbox 457 3840 636 3890; x_wconf 88' lang='lat' dir='ltr'>todem</span> <span class='ocrx_word' id='word_1_234' title='bbox 658 3840 1024 3897; x_wconf 62' lang='lat' dir='ltr'>Athenarum?</span> <span class='ocrx_word' id='word_1_235' title='bbox 1043 3844 1143 3891; x_wconf 70' lang='grc' dir='ltr'><strong>διο.</strong></span> <span class='ocrx_word' id='word_1_236' title='bbox 1169 3842 1395 3906; x_wconf 86' lang='lat' dir='ltr'>itemque</span> <span class='ocrx_word' id='word_1_237' title='bbox 1427 3843 1526 3892; x_wconf 84' lang='lat' dir='ltr'>snb</span> 
     </span>
     <span class='ocr_line' id='line_1_45' title="bbox 381 3914 1527 3985; baseline 0.004 -24"><span class='ocrx_word' id='word_1_238' title='bbox 381 3974 388 3979; x_wconf 32' lang='grc' dir='ltr'><strong><em>Ι</em></strong></span> <span class='ocrx_word' id='word_1_239' title='bbox 458 3914 617 3963; x_wconf 77' lang='lat' dir='ltr'>variis</span> <span class='ocrx_word' id='word_1_240' title='bbox 642 3915 949 3973; x_wconf 88' lang='lat' dir='ltr'>nominibus,</span> <span class='ocrx_word' id='word_1_241' title='bbox 972 3916 1129 3981; x_wconf 68' lang='lat' dir='ltr'>inodo</span> <span class='ocrx_word' id='word_1_242' title='bbox 1150 3914 1397 3979; x_wconf 70' lang='grc' dir='ltr'>πατρόων,</span> <span class='ocrx_word' id='word_1_243' title='bbox 1420 3931 1527 3985; x_wconf 79' lang='lat' dir='ltr'>mo·</span> 
     </span>
     <span class='ocr_line' id='line_1_46' title="bbox 459 3990 1529 4058; baseline 0.006 -18"><span class='ocrx_word' id='word_1_244' title='bbox 459 3990 529 4040; x_wconf 87' lang='lat' dir='ltr'>do</span> <span class='ocrx_word' id='word_1_245' title='bbox 568 3993 791 4053; x_wconf 75' lang='grc' dir='ltr'><strong><em>ἐγγενῶν,</em></strong></span> <span class='ocrx_word' id='word_1_246' title='bbox 835 4007 930 4043; x_wconf 89' lang='lat' dir='ltr'>seu</span> <span class='ocrx_word' id='word_1_247' title='bbox 966 3993 1226 4058; x_wconf 69' lang='grc' dir='ltr'><strong><em>ἐγχωρίων,</em></strong></span> <span class='ocrx_word' id='word_1_248' title='bbox 1274 3995 1430 4045; x_wconf 89' lang='lat' dir='ltr'>modo</span> <span class='ocrx_word' id='word_1_249' title='bbox 1471 3996 1529 4046; x_wconf 81' lang='grc' dir='ltr'>ἅ-</span> 
     </span>
     <span class='ocr_line' id='line_1_47' title="bbox 456 4067 1529 4135; baseline 0.006 -18"><span class='ocrx_word' id='word_1_250' title='bbox 456 4067 641 4131; x_wconf 61' lang='lat' dir='ltr'>«palm,</span> <span class='ocrx_word' id='word_1_251' title='bbox 675 4068 828 4119; x_wconf 83' lang='lat' dir='ltr'>modo</span> <span class='ocrx_word' id='word_1_252' title='bbox 861 4070 1154 4135; x_wconf 71' lang='grc' dir='ltr'>πολιούχων,</span> <span class='ocrx_word' id='word_1_253' title='bbox 1185 4071 1337 4122; x_wconf 87' lang='lat' dir='ltr'>modo</span> <span class='ocrx_word' id='word_1_254' title='bbox 1371 4071 1529 4130; x_wconf 75' lang='grc' dir='ltr'><strong><em>σωτή-</em></strong></span> 
     </span>
     <span class='ocr_line' id='line_1_48' title="bbox 455 4146 1528 4212; baseline 0.007 -20"><span class='ocrx_word' id='word_1_255' title='bbox 455 4161 566 4207; x_wconf 84' lang='grc' dir='ltr'><strong><em>ρων,</em></strong></span> <span class='ocrx_word' id='word_1_256' title='bbox 589 4151 679 4196; x_wconf 83' lang='lat' dir='ltr'>sut</span> <span class='ocrx_word' id='word_1_257' title='bbox 703 4146 839 4208; x_wconf 82' lang='lat' dir='ltr'>apud</span> <span class='ocrx_word' id='word_1_258' title='bbox 864 4147 1121 4203; x_wconf 84' lang='lat' dir='ltr'>Romanos</span> <span class='ocrx_word' id='word_1_259' title='bbox 1142 4148 1381 4198; x_wconf 86' lang='lat' dir='ltr'>similiter</span> <span class='ocrx_word' id='word_1_260' title='bbox 1402 4152 1419 4179; x_wconf 86' lang='lat'>‘</span> <span class='ocrx_word' id='word_1_261' title='bbox 1438 4163 1528 4212; x_wconf 87' lang='lat' dir='ltr'>pa·</span> 
     </span>
     <span class='ocr_line' id='line_1_49' title="bbox 459 4219 1528 4285; baseline 0.006 -17"><span class='ocrx_word' id='word_1_262' title='bbox 459 4221 696 4285; x_wconf 79' lang='lat' dir='ltr'>triorum,</span> <span class='ocrx_word' id='word_1_263' title='bbox 711 4219 726 4244; x_wconf 86' lang='lat'>&#39;</span> <span class='ocrx_word' id='word_1_264' title='bbox 759 4222 776 4250; x_wconf 90' lang='lat'>‘</span> <span class='ocrx_word' id='word_1_265' title='bbox 795 4223 1090 4283; x_wconf 81' lang='lat' dir='ltr'>custodum,</span> <span class='ocrx_word' id='word_1_266' title='bbox 1109 4221 1125 4244; x_wconf 90' lang='lat'><em>&#39;</em></span> <span class='ocrx_word' id='word_1_267' title='bbox 1154 4223 1171 4250; x_wconf 86' lang='lat'>‘</span> <span class='ocrx_word' id='word_1_268' title='bbox 1190 4228 1494 4279; x_wconf 86' lang='lat' dir='ltr'>tutatorum,</span> <span class='ocrx_word' id='word_1_269' title='bbox 1511 4224 1528 4246; x_wconf 84' lang='lat'><em>&#39;</em></span> 
     </span>
     <span class='ocr_line' id='line_1_50' title="bbox 454 4298 1528 4370; baseline 0.009 -28"><span class='ocrx_word' id='word_1_270' title='bbox 454 4298 987 4370; x_wconf 46' lang='lat' dir='ltr'>(propugnatorum)</span> <span class='ocrx_word' id='word_1_271' title='bbox 1020 4300 1257 4363; x_wconf 86' lang='lat' dir='ltr'>aliisque,</span> <span class='ocrx_word' id='word_1_272' title='bbox 1288 4300 1442 4350; x_wconf 88' lang='lat' dir='ltr'>obvia</span> <span class='ocrx_word' id='word_1_273' title='bbox 1471 4301 1528 4352; x_wconf 87' lang='lat' dir='ltr'>in</span> 
     </span>
     <span class='ocr_line' id='line_1_51' title="bbox 459 4374 1529 4441; baseline 0.009 -21"><span class='ocrx_word' id='word_1_274' title='bbox 459 4374 682 4423; x_wconf 85' lang='lat' dir='ltr'>nummis</span> <span class='ocrx_word' id='word_1_275' title='bbox 700 4387 762 4425; x_wconf 86' lang='lat' dir='ltr'>ac</span> <span class='ocrx_word' id='word_1_276' title='bbox 782 4375 1039 4439; x_wconf 80' lang='lat' dir='ltr'>lapidibus</span> <span class='ocrx_word' id='word_1_277' title='bbox 1053 4377 1277 4441; x_wconf 83' lang='lat' dir='ltr'>antiquis</span> <span class='ocrx_word' id='word_1_278' title='bbox 1289 4386 1371 4429; x_wconf 87' lang='lat' dir='ltr'>est</span> <span class='ocrx_word' id='word_1_279' title='bbox 1386 4393 1529 4430; x_wconf 70' lang='lat' dir='ltr'>men»</span> 
     </span>
    </p>
   </div>
   <div class='ocr_carea' id='block_1_7' title="bbox 1152 483 1975 537">
    <p class='ocr_par' dir='ltr' id='par_1_11' title="bbox 1152 483 1975 537">
     <span class='ocr_line' id='line_1_52' title="bbox 1152 483 1975 537; baseline -0.006 0"><span class='ocrx_word' id='word_1_280' title='bbox 1152 485 1375 537; x_wconf 72' lang='lat' dir='ltr'>NOTAE</span> <span class='ocrx_word' id='word_1_281' title='bbox 1423 483 1839 535; x_wconf 73' lang='lat' dir='ltr'>VAnloRtJu</span> <span class='ocrx_word' id='word_1_282' title='bbox 1889 484 1975 533; x_wconf 72' lang='lat' dir='ltr'>m</span> 
     </span>
    </p>
   </div>
   <div class='ocr_carea' id='block_1_8' title="bbox 1610 623 2684 994">
    <p class='ocr_par' dir='ltr' id='par_1_12' title="bbox 1610 623 2684 994">
     <span class='ocr_line' id='line_1_53' title="bbox 1611 623 2684 693; baseline -0.007 -13"><span class='ocrx_word' id='word_1_283' title='bbox 1611 630 1706 680; x_wconf 88' lang='lat' dir='ltr'>tio.</span> <span class='ocrx_word' id='word_1_284' title='bbox 1771 629 1909 679; x_wconf 83' lang='lat' dir='ltr'>Vide</span> <span class='ocrx_word' id='word_1_285' title='bbox 1953 627 2235 693; x_wconf 71' lang='lat' dir='ltr'>Spsnllem.</span> <span class='ocrx_word' id='word_1_286' title='bbox 2277 625 2409 677; x_wconf 85' lang='lat' dir='ltr'>Obs.</span> <span class='ocrx_word' id='word_1_287' title='bbox 2454 623 2522 675; x_wconf 88' lang='lat' dir='ltr'>ad</span> <span class='ocrx_word' id='word_1_288' title='bbox 2560 623 2684 676; x_wconf 79' lang='lat' dir='ltr'>Cal·</span> 
     </span>
     <span class='ocr_line' id='line_1_54' title="bbox 1610 702 2682 772; baseline -0.007 -15"><span class='ocrx_word' id='word_1_289' title='bbox 1610 707 1818 758; x_wconf 78' lang='lat' dir='ltr'>limacli.</span> <span class='ocrx_word' id='word_1_290' title='bbox 1874 720 1991 772; x_wconf 82' lang='lat' dir='ltr'>pag.</span> <span class='ocrx_word' id='word_1_291' title='bbox 2032 709 2150 756; x_wconf 83' lang='grc'><strong>308.</strong></span> <span class='ocrx_word' id='word_1_292' title='bbox 2236 704 2393 756; x_wconf 85' lang='lat' dir='ltr'>Nunc</span> <span class='ocrx_word' id='word_1_293' title='bbox 2447 717 2514 753; x_wconf 82' lang='lat' dir='ltr'>ex</span> <span class='ocrx_word' id='word_1_294' title='bbox 2565 702 2682 752; x_wconf 85' lang='lat' dir='ltr'>sola</span> 
     </span>
     <span class='ocr_line' id='line_1_55' title="bbox 1611 780 2683 844; baseline -0.008 -10"><span class='ocrx_word' id='word_1_295' title='bbox 1611 783 2178 834; x_wconf 73' lang='lat' dir='ltr'>Ciceronis‘Oratione</span> <span class='ocrx_word' id='word_1_296' title='bbox 2229 794 2324 844; x_wconf 90' lang='lat' dir='ltr'>pro</span> <span class='ocrx_word' id='word_1_297' title='bbox 2368 780 2539 828; x_wconf 87' lang='lat' dir='ltr'>Domo</span> <span class='ocrx_word' id='word_1_298' title='bbox 2583 791 2683 826; x_wconf 79' lang='lat' dir='ltr'>sna</span> 
     </span>
     <span class='ocr_line' id='line_1_56' title="bbox 1612 856 2682 921; baseline -0.007 -11"><span class='ocrx_word' id='word_1_299' title='bbox 1612 860 1678 910; x_wconf 88' lang='lat' dir='ltr'>ad</span> <span class='ocrx_word' id='word_1_300' title='bbox 1730 858 1929 910; x_wconf 76' lang='lat' dir='ltr'>Pontis.</span> <span class='ocrx_word' id='word_1_301' title='bbox 1966 858 2101 921; x_wconf 48' lang='lat' dir='ltr'>‚fere</span> <span class='ocrx_word' id='word_1_302' title='bbox 2149 856 2371 906; x_wconf 87' lang='lat' dir='ltr'>similem</span> <span class='ocrx_word' id='word_1_303' title='bbox 2438 858 2682 918; x_wconf 81' lang='lat' dir='ltr'>repetam</span> 
     </span>
     <span class='ocr_line' id='line_1_57' title="bbox 1610 929 2682 994; baseline -0.008 -7"><span class='ocrx_word' id='word_1_304' title='bbox 1610 937 1892 987; x_wconf 74' lang='lat' dir='ltr'>clausulam</span> <span class='ocrx_word' id='word_1_305' title='bbox 1913 953 1930 985; x_wconf 74' lang='grc' dir='ltr'><strong>ι</strong></span> <span class='ocrx_word' id='word_1_306' title='bbox 1961 933 1978 962; x_wconf 76' lang='lat'><em>⁴</em></span> <span class='ocrx_word' id='word_1_307' title='bbox 1997 932 2261 987; x_wconf 76' lang='lat' dir='ltr'>Quocirca</span> <span class='ocrx_word' id='word_1_308' title='bbox 2283 939 2357 994; x_wconf 88' lang='lat' dir='ltr'>te,</span> <span class='ocrx_word' id='word_1_309' title='bbox 2381 929 2682 992; x_wconf 78' lang='lat' dir='ltr'>Capitoline</span> 
     </span>
    </p>
   </div>
   <div class='ocr_carea' id='block_1_9' title="bbox 1585 1008 2681 1079">
    <p class='ocr_par' dir='ltr' id='par_1_13' title="bbox 1585 1008 2681 1079">
     <span class='ocr_line' id='line_1_58' title="bbox 1585 1008 2681 1079; baseline -0.008 -13"><span class='ocrx_word' id='word_1_310' title='bbox 1585 1015 1844 1079; x_wconf 81' lang='lat' dir='ltr'>‘Jupiter‚</span> <span class='ocrx_word' id='word_1_311' title='bbox 1876 1028 2028 1079; x_wconf 86' lang='lat' dir='ltr'>quem</span> <span class='ocrx_word' id='word_1_312' title='bbox 2058 1019 2276 1077; x_wconf 84' lang='lat' dir='ltr'>propter</span> <span class='ocrx_word' id='word_1_313' title='bbox 2304 1008 2561 1059; x_wconf 84' lang='lat' dir='ltr'>beneficia</span> <span class='ocrx_word' id='word_1_314' title='bbox 2583 1021 2681 1071; x_wconf 87' lang='lat' dir='ltr'>po-</span> 
     </span>
    </p>
   </div>
   <div class='ocr_carea' id='block_1_10' title="bbox 1605 1089 2684 2526">
    <p class='ocr_par' dir='ltr' id='par_1_14' title="bbox 1605 1089 2684 2526">
     <span class='ocr_line' id='line_1_59' title="bbox 1609 1089 2683 1157; baseline -0.009 -16"><span class='ocrx_word' id='word_1_315' title='bbox 1609 1089 1764 1157; x_wconf 78' lang='lat' dir='ltr'>&#39;pulus</span> <span class='ocrx_word' id='word_1_316' title='bbox 1810 1091 2070 1141; x_wconf 84' lang='lat' dir='ltr'>Romanus</span> <span class='ocrx_word' id='word_1_317' title='bbox 2111 1089 2407 1152; x_wconf 86' lang='lat' dir='ltr'>Optimum,</span> <span class='ocrx_word' id='word_1_318' title='bbox 2457 1091 2683 1149; x_wconf 85' lang='lat' dir='ltr'>propter</span> 
     </span>
     <span class='ocr_line' id='line_1_60' title="bbox 1610 1159 2678 1225; baseline -0.007 -7"><span class='ocrx_word' id='word_1_319' title='bbox 1610 1167 1713 1218; x_wconf 79' lang='lat' dir='ltr'>vim</span> <span class='ocrx_word' id='word_1_320' title='bbox 1738 1169 2043 1223; x_wconf 85' lang='lat' dir='ltr'>Maximum,</span> <span class='ocrx_word' id='word_1_321' title='bbox 2063 1165 2289 1225; x_wconf 79' lang='lat' dir='ltr'>vocavit,</span> <span class='ocrx_word' id='word_1_322' title='bbox 2322 1169 2501 1224; x_wconf 85' lang='lat' dir='ltr'>teque,</span> <span class='ocrx_word' id='word_1_323' title='bbox 2520 1159 2678 1210; x_wconf 77' lang='lat' dir='ltr'>&#39;Jnno</span> 
     </span>
     <span class='ocr_line' id='line_1_61' title="bbox 1608 1236 2679 1309; baseline -0.008 -16"><span class='ocrx_word' id='word_1_324' title='bbox 1608 1244 1808 1309; x_wconf 71' lang='lat' dir='ltr'>regins.</span> <span class='ocrx_word' id='word_1_325' title='bbox 1830 1251 1886 1295; x_wconf 86' lang='lat' dir='ltr'>et</span> <span class='ocrx_word' id='word_1_326' title='bbox 1909 1252 1982 1301; x_wconf 88' lang='lat' dir='ltr'>te,</span> <span class='ocrx_word' id='word_1_327' title='bbox 2017 1249 2194 1294; x_wconf 86' lang='lat' dir='ltr'>custos</span> <span class='ocrx_word' id='word_1_328' title='bbox 2229 1239 2390 1302; x_wconf 87' lang='lat' dir='ltr'>urbis,</span> <span class='ocrx_word' id='word_1_329' title='bbox 2411 1236 2679 1297; x_wconf 78' lang='lat' dir='ltr'>Minerva,</span> 
     </span>
     <span class='ocr_line' id='line_1_62' title="bbox 1609 1313 2677 1384; baseline -0.007 -16"><span class='ocrx_word' id='word_1_330' title='bbox 1609 1351 1626 1368; x_wconf 85' lang='lat'><strong><em>.</em></strong></span> <span class='ocrx_word' id='word_1_331' title='bbox 1648 1354 1663 1372; x_wconf 84' lang='lat'><strong>.</strong></span> <span class='ocrx_word' id='word_1_332' title='bbox 1689 1352 1704 1368; x_wconf 87' lang='lat'><strong>.</strong></span> <span class='ocrx_word' id='word_1_333' title='bbox 1748 1334 1937 1384; x_wconf 78' lang='lat' dir='ltr'>precor</span> <span class='ocrx_word' id='word_1_334' title='bbox 1969 1333 2034 1369; x_wconf 82' lang='lat' dir='ltr'>sc</span> <span class='ocrx_word' id='word_1_335' title='bbox 2072 1331 2282 1383; x_wconf 77' lang='lat' dir='ltr'>quaes03</span> <span class='ocrx_word' id='word_1_336' title='bbox 2333 1327 2548 1379; x_wconf 74' lang='lat' dir='ltr'>vosque,</span> <span class='ocrx_word' id='word_1_337' title='bbox 2584 1313 2677 1376; x_wconf 81' lang='lat' dir='ltr'>qui</span> 
     </span>
     <span class='ocr_line' id='line_1_63' title="bbox 1607 1394 2680 1458; baseline -0.008 -11"><span class='ocrx_word' id='word_1_338' title='bbox 1607 1397 1833 1447; x_wconf 84' lang='lat' dir='ltr'>maxime</span> <span class='ocrx_word' id='word_1_339' title='bbox 1859 1408 1939 1446; x_wconf 88' lang='lat' dir='ltr'>me</span> <span class='ocrx_word' id='word_1_340' title='bbox 1965 1394 2232 1458; x_wconf 79' lang='lat' dir='ltr'>repetistis</span> <span class='ocrx_word' id='word_1_341' title='bbox 2256 1399 2414 1455; x_wconf 86' lang='lat' dir='ltr'>atque</span> <span class='ocrx_word' id='word_1_342' title='bbox 2438 1402 2680 1439; x_wconf 79' lang='lat' dir='ltr'>revocas·</span> 
     </span>
     <span class='ocr_line' id='line_1_64' title="bbox 1608 1464 2678 1536; baseline -0.008 -14"><span class='ocrx_word' id='word_1_343' title='bbox 1608 1473 1697 1535; x_wconf 91' lang='lat' dir='ltr'>tis,</span> <span class='ocrx_word' id='word_1_344' title='bbox 1718 1473 1871 1536; x_wconf 81' lang='lat' dir='ltr'>patrii</span> <span class='ocrx_word' id='word_1_345' title='bbox 1892 1472 2143 1530; x_wconf 80' lang='lat' dir='ltr'>Penates,</span> <span class='ocrx_word' id='word_1_346' title='bbox 2166 1467 2566 1530; x_wconf 77' lang='lat' dir='ltr'>familiaresque,</span> <span class='ocrx_word' id='word_1_347' title='bbox 2585 1464 2678 1529; x_wconf 87' lang='lat' dir='ltr'>qni</span> 
     </span>
     <span class='ocr_line' id='line_1_65' title="bbox 1606 1542 2681 1611; baseline -0.007 -12"><span class='ocrx_word' id='word_1_348' title='bbox 1606 1550 1729 1600; x_wconf 84' lang='lat' dir='ltr'>huic</span> <span class='ocrx_word' id='word_1_349' title='bbox 1764 1549 1882 1599; x_wconf 88' lang='lat' dir='ltr'>urbi</span> <span class='ocrx_word' id='word_1_350' title='bbox 1916 1557 1973 1600; x_wconf 90' lang='lat' dir='ltr'>et</span> <span class='ocrx_word' id='word_1_351' title='bbox 2009 1546 2312 1611; x_wconf 69' lang='lat' dir='ltr'>reipublicae</span> <span class='ocrx_word' id='word_1_352' title='bbox 2346 1542 2681 1608; x_wconf 81' lang='lat' dir='ltr'>praesidetis,’</span> 
     </span>
     <span class='ocr_line' id='line_1_66' title="bbox 1607 1618 2676 1677; baseline -0.007 -1"><span class='ocrx_word' id='word_1_353' title='bbox 1607 1631 1708 1676; x_wconf 68' lang='lat' dir='ltr'>dcc.</span> <span class='ocrx_word' id='word_1_354' title='bbox 1777 1627 1846 1677; x_wconf 86' lang='lat' dir='ltr'>Et</span> <span class='ocrx_word' id='word_1_355' title='bbox 1881 1639 1946 1674; x_wconf 80' lang='lat' dir='ltr'>ex</span> <span class='ocrx_word' id='word_1_356' title='bbox 1968 1625 2110 1675; x_wconf 84' lang='lat' dir='ltr'>Veli.</span> <span class='ocrx_word' id='word_1_357' title='bbox 2136 1637 2199 1674; x_wconf 86' lang='grc' dir='ltr'><strong>ιι.</strong></span> <span class='ocrx_word' id='word_1_358' title='bbox 2234 1626 2319 1671; x_wconf 88' lang='grc'><strong>31.</strong></span> <span class='ocrx_word' id='word_1_359' title='bbox 2348 1622 2365 1649; x_wconf 90' lang='lat'>‘</span> <span class='ocrx_word' id='word_1_360' title='bbox 2391 1622 2534 1670; x_wconf 89' lang='lat' dir='ltr'>Voto</span> <span class='ocrx_word' id='word_1_361' title='bbox 2560 1618 2676 1669; x_wconf 77' lang='lat' dir='ltr'>fini·</span> 
     </span>
     <span class='ocr_line' id='line_1_67' title="bbox 1608 1696 2677 1762; baseline -0.008 -9"><span class='ocrx_word' id='word_1_362' title='bbox 1608 1704 1798 1754; x_wconf 87' lang='lat' dir='ltr'>endum</span> <span class='ocrx_word' id='word_1_363' title='bbox 1823 1704 2061 1753; x_wconf 88' lang='lat' dir='ltr'>volumen</span> <span class='ocrx_word' id='word_1_364' title='bbox 2085 1701 2185 1751; x_wconf 79' lang='lat' dir='ltr'>sit:</span> <span class='ocrx_word' id='word_1_365' title='bbox 2216 1699 2431 1762; x_wconf 82' lang='lat' dir='ltr'>Jupiter</span> <span class='ocrx_word' id='word_1_366' title='bbox 2461 1696 2677 1759; x_wconf 78' lang='lat' dir='ltr'>Capito·</span> 
     </span>
     <span class='ocr_line' id='line_1_68' title="bbox 1605 1766 2681 1842; baseline -0.007 -13"><span class='ocrx_word' id='word_1_367' title='bbox 1605 1780 1735 1842; x_wconf 90' lang='lat' dir='ltr'>line,</span> <span class='ocrx_word' id='word_1_368' title='bbox 1770 1786 1824 1829; x_wconf 89' lang='lat' dir='ltr'>et</span> <span class='ocrx_word' id='word_1_369' title='bbox 1854 1785 2040 1829; x_wconf 80' lang='lat' dir='ltr'>auctor</span> <span class='ocrx_word' id='word_1_370' title='bbox 2061 1792 2124 1827; x_wconf 82' lang='lat' dir='ltr'>sc</span> <span class='ocrx_word' id='word_1_371' title='bbox 2148 1782 2313 1826; x_wconf 80' lang='lat' dir='ltr'>stator</span> <span class='ocrx_word' id='word_1_372' title='bbox 2343 1766 2563 1823; x_wconf 74' lang='lat' dir='ltr'>Romani</span> <span class='ocrx_word' id='word_1_373' title='bbox 2588 1786 2681 1822; x_wconf 86' lang='lat' dir='ltr'>no·</span> 
     </span>
     <span class='ocr_line' id='line_1_69' title="bbox 1607 1850 2682 1917; baseline -0.007 -13"><span class='ocrx_word' id='word_1_374' title='bbox 1607 1855 1781 1917; x_wconf 90' lang='lat' dir='ltr'>minis,</span> <span class='ocrx_word' id='word_1_375' title='bbox 1806 1853 2039 1904; x_wconf 85' lang='lat' dir='ltr'>Gradive</span> <span class='ocrx_word' id='word_1_376' title='bbox 2058 1851 2356 1907; x_wconf 80' lang='lat' dir='ltr'>Mars,’&amp;c.</span> <span class='ocrx_word' id='word_1_377' title='bbox 2394 1850 2682 1911; x_wconf 74' lang='lat' dir='ltr'>Praecipne</span> 
     </span>
     <span class='ocr_line' id='line_1_70' title="bbox 1607 1928 2683 1997; baseline -0.008 -15"><span class='ocrx_word' id='word_1_378' title='bbox 1607 1931 1869 1997; x_wconf 84' lang='lat' dir='ltr'>Rycquins</span> <span class='ocrx_word' id='word_1_379' title='bbox 1892 1930 1959 1980; x_wconf 88' lang='lat' dir='ltr'>de</span> <span class='ocrx_word' id='word_1_380' title='bbox 1983 1929 2248 1993; x_wconf 85' lang='lat' dir='ltr'>Capitolio</span> <span class='ocrx_word' id='word_1_381' title='bbox 2277 1928 2528 1989; x_wconf 79' lang='lat' dir='ltr'>Romano,</span> <span class='ocrx_word' id='word_1_382' title='bbox 2561 1938 2683 1988; x_wconf 84' lang='lat' dir='ltr'>cap.</span> 
     </span>
     <span class='ocr_line' id='line_1_71' title="bbox 1607 2003 2681 2070; baseline -0.007 -14"><span class='ocrx_word' id='word_1_383' title='bbox 1607 2012 1658 2057; x_wconf 82' lang='lat'>6.</span> <span class='ocrx_word' id='word_1_384' title='bbox 1681 2008 1937 2070; x_wconf 85' lang='lat' dir='ltr'>ostendit,</span> <span class='ocrx_word' id='word_1_385' title='bbox 1971 2005 2109 2070; x_wconf 85' lang='lat' dir='ltr'>apud</span> <span class='ocrx_word' id='word_1_386' title='bbox 2148 2005 2407 2053; x_wconf 85' lang='lat' dir='ltr'>Romanos</span> <span class='ocrx_word' id='word_1_387' title='bbox 2441 2003 2681 2052; x_wconf 84' lang='lat' dir='ltr'>Deorum</span> 
     </span>
     <span class='ocr_line' id='line_1_72' title="bbox 1609 2077 2681 2146; baseline -0.007 -12"><span class='ocrx_word' id='word_1_388' title='bbox 1609 2084 1910 2134; x_wconf 87' lang='lat' dir='ltr'>tutelarium</span> <span class='ocrx_word' id='word_1_389' title='bbox 1929 2084 2124 2146; x_wconf 86' lang='lat' dir='ltr'>templa</span> <span class='ocrx_word' id='word_1_390' title='bbox 2141 2080 2463 2145; x_wconf 86' lang='lat' dir='ltr'>potissimum</span> <span class='ocrx_word' id='word_1_391' title='bbox 2483 2077 2536 2126; x_wconf 90' lang='lat' dir='ltr'>in</span> <span class='ocrx_word' id='word_1_392' title='bbox 2551 2090 2681 2126; x_wconf 86' lang='lat' dir='ltr'>arce</span> 
     </span>
     <span class='ocr_line' id='line_1_73' title="bbox 1609 2156 2682 2224; baseline -0.007 -14"><span class='ocrx_word' id='word_1_393' title='bbox 1609 2161 1798 2210; x_wconf 88' lang='lat' dir='ltr'>montis</span> <span class='ocrx_word' id='word_1_394' title='bbox 1820 2159 2104 2224; x_wconf 82' lang='lat' dir='ltr'>Capitolini</span> <span class='ocrx_word' id='word_1_395' title='bbox 2129 2156 2322 2206; x_wconf 68' lang='lat' dir='ltr'>fuisset</span> <span class='ocrx_word' id='word_1_396' title='bbox 2358 2169 2420 2205; x_wconf 86' lang='lat' dir='ltr'>ac</span> <span class='ocrx_word' id='word_1_397' title='bbox 2454 2169 2572 2217; x_wconf 86' lang='lat' dir='ltr'>cap.</span> <span class='ocrx_word' id='word_1_398' title='bbox 2597 2156 2682 2202; x_wconf 78' lang='lat'>19.</span> 
     </span>
     <span class='ocr_line' id='line_1_74' title="bbox 1607 2230 2684 2304; baseline -0.01 -16"><span class='ocrx_word' id='word_1_399' title='bbox 1607 2245 1663 2288; x_wconf 91' lang='lat' dir='ltr'>et</span> <span class='ocrx_word' id='word_1_400' title='bbox 1684 2243 1765 2288; x_wconf 77' lang='lat'>2⁰.</span> <span class='ocrx_word' id='word_1_401' title='bbox 1786 2238 2046 2301; x_wconf 75' lang='lat' dir='ltr'>sigillatim</span> <span class='ocrx_word' id='word_1_402' title='bbox 2074 2233 2325 2304; x_wconf 80' lang='lat' dir='ltr'>describit</span> <span class='ocrx_word' id='word_1_403' title='bbox 2346 2230 2497 2282; x_wconf 82' lang='lat' dir='ltr'>Jovis</span> <span class='ocrx_word' id='word_1_404' title='bbox 2521 2230 2684 2293; x_wconf 84' lang='lat' dir='ltr'>Capi-</span> 
     </span>
     <span class='ocr_line' id='line_1_75' title="bbox 1609 2304 2680 2375; baseline -0.009 -12"><span class='ocrx_word' id='word_1_405' title='bbox 1609 2313 1758 2363; x_wconf 87' lang='lat' dir='ltr'>tolini</span> <span class='ocrx_word' id='word_1_406' title='bbox 1787 2312 2026 2375; x_wconf 83' lang='lat' dir='ltr'>insignia,</span> <span class='ocrx_word' id='word_1_407' title='bbox 2061 2308 2258 2359; x_wconf 81' lang='lat' dir='ltr'>fulmen</span> <span class='ocrx_word' id='word_1_408' title='bbox 2291 2319 2525 2367; x_wconf 78' lang='lat' dir='ltr'>aureum,</span> <span class='ocrx_word' id='word_1_409' title='bbox 2558 2304 2680 2354; x_wconf 88' lang='lat' dir='ltr'>bar-</span> 
     </span>
     <span class='ocr_line' id='line_1_76' title="bbox 1607 2382 2680 2451; baseline -0.012 -10"><span class='ocrx_word' id='word_1_410' title='bbox 1607 2389 1724 2441; x_wconf 85' lang='lat' dir='ltr'>bam</span> <span class='ocrx_word' id='word_1_411' title='bbox 1751 2402 1977 2450; x_wconf 81' lang='lat' dir='ltr'>auream,</span> <span class='ocrx_word' id='word_1_412' title='bbox 1999 2398 2282 2451; x_wconf 80' lang='lat' dir='ltr'>sceptrum,</span> <span class='ocrx_word' id='word_1_413' title='bbox 2317 2383 2426 2434; x_wconf 84' lang='lat' dir='ltr'>sive</span> <span class='ocrx_word' id='word_1_414' title='bbox 2453 2382 2680 2443; x_wconf 79' lang='lat' dir='ltr'>hastam,</span> 
     </span>
     <span class='ocr_line' id='line_1_77' title="bbox 1607 2458 2681 2526; baseline -0.01 -10"><span class='ocrx_word' id='word_1_415' title='bbox 1607 2466 1786 2517; x_wconf 80' lang='lat' dir='ltr'>sellam</span> <span class='ocrx_word' id='word_1_416' title='bbox 1832 2465 2135 2526; x_wconf 84' lang='lat' dir='ltr'>eburneam,</span> <span class='ocrx_word' id='word_1_417' title='bbox 2192 2467 2390 2511; x_wconf 84' lang='lat' dir='ltr'>vestem</span> <span class='ocrx_word' id='word_1_418' title='bbox 2444 2458 2641 2522; x_wconf 80' lang='lat' dir='ltr'>pictam</span> <span class='ocrx_word' id='word_1_419' title='bbox 2664 2472 2681 2519; x_wconf 89' lang='lat'>;</span> 
     </span>
    </p>
   </div>
   <div class='ocr_carea' id='block_1_11' title="bbox 1578 2536 2678 2611">
    <p class='ocr_par' dir='ltr' id='par_1_15' title="bbox 1578 2536 2678 2611">
     <span class='ocr_line' id='line_1_78' title="bbox 1578 2536 2678 2611; baseline -0.011 -17"><span class='ocrx_word' id='word_1_420' title='bbox 1578 2602 1587 2611; x_wconf 46' lang='grc'>,</span> <span class='ocrx_word' id='word_1_421' title='bbox 1606 2543 1896 2607; x_wconf 71' lang='lat' dir='ltr'>,lovemque</span> <span class='ocrx_word' id='word_1_422' title='bbox 1911 2543 2048 2591; x_wconf 86' lang='lat' dir='ltr'>hunc</span> <span class='ocrx_word' id='word_1_423' title='bbox 2065 2540 2146 2589; x_wconf 89' lang='lat' dir='ltr'>his</span> <span class='ocrx_word' id='word_1_424' title='bbox 2172 2536 2568 2603; x_wconf 75' lang='lat' dir='ltr'>cognominibus</span> <span class='ocrx_word' id='word_1_425' title='bbox 2586 2549 2678 2597; x_wconf 83' lang='lat' dir='ltr'>sp·</span> 
     </span>
    </p>
   </div>
   <div class='ocr_carea' id='block_1_12' title="bbox 1596 2613 2709 4443">
    <p class='ocr_par' dir='ltr' id='par_1_16' title="bbox 1596 2613 2709 4443">
     <span class='ocr_line' id='line_1_79' title="bbox 1607 2613 2678 2683; baseline -0.008 -14"><span class='ocrx_word' id='word_1_426' title='bbox 1607 2620 1879 2683; x_wconf 80' lang='lat' dir='ltr'>pellatum,</span> <span class='ocrx_word' id='word_1_427' title='bbox 1946 2616 2321 2681; x_wconf 86' lang='lat' dir='ltr'>Capitolinum,</span> <span class='ocrx_word' id='word_1_428' title='bbox 2372 2613 2678 2676; x_wconf 69' lang='lat' dir='ltr'>Tarpei-m,</span> 
     </span>
     <span class='ocr_line' id='line_1_80' title="bbox 1607 2690 2676 2761; baseline -0.008 -13"><span class='ocrx_word' id='word_1_429' title='bbox 1607 2699 1882 2761; x_wconf 88' lang='lat' dir='ltr'>Optimum</span> <span class='ocrx_word' id='word_1_430' title='bbox 1898 2697 2207 2752; x_wconf 86' lang='lat' dir='ltr'>Maximum,</span> <span class='ocrx_word' id='word_1_431' title='bbox 2221 2692 2526 2751; x_wconf 85' lang='lat' dir='ltr'>Custodem,</span> <span class='ocrx_word' id='word_1_432' title='bbox 2537 2690 2676 2740; x_wconf 86' lang='lat' dir='ltr'>Con·</span> 
     </span>
     <span class='ocr_line' id='line_1_81' title="bbox 1606 2768 2709 2838; baseline -0.007 -14"><span class='ocrx_word' id='word_1_433' title='bbox 1606 2778 1952 2838; x_wconf 80' lang='lat' dir='ltr'>servatorem,</span> <span class='ocrx_word' id='word_1_434' title='bbox 1995 2772 2448 2835; x_wconf 75' lang='lat' dir='ltr'>propugnatorem</span> <span class='ocrx_word' id='word_1_435' title='bbox 2495 2768 2709 2832; x_wconf 56' lang='lat' dir='ltr'>Angg„</span> 
     </span>
     <span class='ocr_line' id='line_1_82' title="bbox 1604 2845 2676 2914; baseline -0.007 -13"><span class='ocrx_word' id='word_1_436' title='bbox 1604 2850 1972 2914; x_wconf 83' lang='lat' dir='ltr'>Coelestinum,</span> <span class='ocrx_word' id='word_1_437' title='bbox 2026 2848 2429 2903; x_wconf 75' lang='lat' dir='ltr'>Dolioclienum‚</span> <span class='ocrx_word' id='word_1_438' title='bbox 2466 2845 2676 2895; x_wconf 76' lang='lat' dir='ltr'>&#39;Fulmi-</span> 
     </span>
     <span class='ocr_line' id='line_1_83' title="bbox 1602 2924 2674 2986; baseline -0.006 -10"><span class='ocrx_word' id='word_1_439' title='bbox 1602 2937 1833 2986; x_wconf 86' lang='lat' dir='ltr'>nantem‚</span> <span class='ocrx_word' id='word_1_440' title='bbox 1849 2929 2156 2978; x_wconf 85' lang='lat' dir='ltr'>Romanum.</span> <span class='ocrx_word' id='word_1_441' title='bbox 2193 2924 2386 2975; x_wconf 86' lang='lat' dir='ltr'>Nescio</span> <span class='ocrx_word' id='word_1_442' title='bbox 2400 2936 2545 2986; x_wconf 78' lang='lat' dir='ltr'>vero,</span> <span class='ocrx_word' id='word_1_443' title='bbox 2568 2934 2674 2986; x_wconf 87' lang='lat' dir='ltr'>quo</span> 
     </span>
     <span class='ocr_line' id='line_1_84' title="bbox 1602 2999 2679 3054; baseline -0.004 -2"><span class='ocrx_word' id='word_1_444' title='bbox 1602 3017 1780 3054; x_wconf 82' lang='lat' dir='ltr'>errore</span> <span class='ocrx_word' id='word_1_445' title='bbox 1805 3005 2006 3054; x_wconf 88' lang='lat' dir='ltr'>inducti</span> <span class='ocrx_word' id='word_1_446' title='bbox 2029 3002 2226 3053; x_wconf 87' lang='lat' dir='ltr'>librarii</span> <span class='ocrx_word' id='word_1_447' title='bbox 2252 3001 2305 3050; x_wconf 90' lang='lat' dir='ltr'>in</span> <span class='ocrx_word' id='word_1_448' title='bbox 2328 2999 2567 3049; x_wconf 85' lang='lat' dir='ltr'>omnibns</span> <span class='ocrx_word' id='word_1_449' title='bbox 2591 3011 2679 3048; x_wconf 87' lang='lat' dir='ltr'>co·</span> 
     </span>
     <span class='ocr_line' id='line_1_85' title="bbox 1602 3076 2676 3142; baseline -0.006 -15"><span class='ocrx_word' id='word_1_450' title='bbox 1602 3078 1805 3129; x_wconf 87' lang='lat' dir='ltr'>dicibus</span> <span class='ocrx_word' id='word_1_451' title='bbox 1834 3079 1963 3128; x_wconf 62' lang='grc' dir='ltr'><strong>Μαι.</strong></span> <span class='ocrx_word' id='word_1_452' title='bbox 1983 3093 2080 3142; x_wconf 87' lang='lat' dir='ltr'>pro</span> <span class='ocrx_word' id='word_1_453' title='bbox 2104 3092 2233 3127; x_wconf 83' lang='lat' dir='ltr'>voce</span> <span class='ocrx_word' id='word_1_454' title='bbox 2250 3076 2401 3138; x_wconf 84' lang='lat' dir='ltr'>Deos,</span> <span class='ocrx_word' id='word_1_455' title='bbox 2424 3087 2676 3138; x_wconf 82' lang='lat' dir='ltr'>reposue-</span> 
     </span>
     <span class='ocr_line' id='line_1_86' title="bbox 1602 3141 2676 3216; baseline -0.006 -13"><span class='ocrx_word' id='word_1_456' title='bbox 1602 3155 1709 3204; x_wconf 82' lang='lat' dir='ltr'>rint</span> <span class='ocrx_word' id='word_1_457' title='bbox 1748 3154 1939 3211; x_wconf 77' lang='lat' dir='ltr'>Dt‘vos,·</span> <span class='ocrx_word' id='word_1_458' title='bbox 1981 3161 2036 3203; x_wconf 88' lang='lat' dir='ltr'>et</span> <span class='ocrx_word' id='word_1_459' title='bbox 2074 3167 2171 3216; x_wconf 85' lang='lat' dir='ltr'>pro</span> <span class='ocrx_word' id='word_1_460' title='bbox 2201 3141 2676 3215; x_wconf 69' lang='lat' dir='ltr'>singulari&#39;oonsul,</span> 
     </span>
     <span class='ocr_line' id='line_1_87' title="bbox 1601 3224 2674 3295; baseline -0.007 -14"><span class='ocrx_word' id='word_1_461' title='bbox 1601 3245 1872 3281; x_wconf 85' lang='lat' dir='ltr'>numerum</span> <span class='ocrx_word' id='word_1_462' title='bbox 1921 3228 2272 3295; x_wconf 76' lang='lat' dir='ltr'>multitudinis</span> <span class='ocrx_word' id='word_1_463' title='bbox 2326 3227 2554 3277; x_wconf 77' lang='lat' dir='ltr'>eonsules.</span> <span class='ocrx_word' id='word_1_464' title='bbox 2624 3224 2674 3273; x_wconf 77' lang='lat' dir='ltr'>A</span> 
     </span>
     <span class='ocr_line' id='line_1_88' title="bbox 1599 3304 2676 3373; baseline -0.002 -17"><span class='ocrx_word' id='word_1_465' title='bbox 1599 3321 1706 3373; x_wconf 89' lang='lat' dir='ltr'>quo</span> <span class='ocrx_word' id='word_1_466' title='bbox 1743 3322 1920 3358; x_wconf 87' lang='lat' dir='ltr'>errore</span> <span class='ocrx_word' id='word_1_467' title='bbox 1953 3320 2126 3371; x_wconf 88' lang='lat' dir='ltr'>neque</span> <span class='ocrx_word' id='word_1_468' title='bbox 2161 3304 2464 3364; x_wconf 83' lang='lat' dir='ltr'>Puteolani,</span> <span class='ocrx_word' id='word_1_469' title='bbox 2501 3316 2676 3366; x_wconf 80' lang='lat' dir='ltr'>neque</span> 
     </span>
     <span class='ocr_line' id='line_1_89' title="bbox 1600 3380 2676 3453; baseline -0.005 -20"><span class='ocrx_word' id='word_1_470' title='bbox 1600 3384 1846 3433; x_wconf 88' lang='lat' dir='ltr'>Beroaldi</span> <span class='ocrx_word' id='word_1_471' title='bbox 1902 3383 2163 3453; x_wconf 83' lang='lat' dir='ltr'>editiones</span> <span class='ocrx_word' id='word_1_472' title='bbox 2215 3387 2337 3430; x_wconf 86' lang='lat' dir='ltr'>sunt</span> <span class='ocrx_word' id='word_1_473' title='bbox 2396 3380 2676 3429; x_wconf 86' lang='lat' dir='ltr'>immunes.</span> 
     </span>
     <span class='ocr_line' id='line_1_90' title="bbox 1601 3455 2676 3517; baseline -0.005 -8"><span class='ocrx_word' id='word_1_474' title='bbox 1601 3458 1783 3509; x_wconf 80' lang='lat' dir='ltr'>Codex</span> <span class='ocrx_word' id='word_1_475' title='bbox 1828 3458 2116 3509; x_wconf 79' lang='lat' dir='ltr'>Patavinus</span> <span class='ocrx_word' id='word_1_476' title='bbox 2151 3456 2330 3513; x_wconf 85' lang='lat' dir='ltr'>babet,</span> <span class='ocrx_word' id='word_1_477' title='bbox 2365 3455 2521 3506; x_wconf 71' lang='lat' dir='ltr'>Divos</span> <span class='ocrx_word' id='word_1_478' title='bbox 2557 3470 2676 3517; x_wconf 79' lang='lat' dir='ltr'>ergo</span> 
     </span>
     <span class='ocr_line' id='line_1_91' title="bbox 1599 3529 2674 3596; baseline -0.004 -11"><span class='ocrx_word' id='word_1_479' title='bbox 1599 3537 1843 3595; x_wconf 69' lang='lat' dir='ltr'>consula,-</span> <span class='ocrx_word' id='word_1_480' title='bbox 1875 3535 2178 3596; x_wconf 88' lang='lat' dir='ltr'>Vossianus,</span> <span class='ocrx_word' id='word_1_481' title='bbox 2211 3533 2344 3583; x_wconf 79' lang='lat' dir='ltr'>Divo</span> <span class='ocrx_word' id='word_1_482' title='bbox 2369 3529 2486 3594; x_wconf 75' lang='lat' dir='ltr'>ergo</span> <span class='ocrx_word' id='word_1_483' title='bbox 2506 3546 2674 3581; x_wconf 77' lang='lat' dir='ltr'>eonsu-</span> 
     </span>
     <span class='ocr_line' id='line_1_92' title="bbox 1599 3604 2673 3670; baseline -0.006 -8"><span class='ocrx_word' id='word_1_484' title='bbox 1599 3612 1683 3663; x_wconf 80' lang='lat' dir='ltr'>les.</span> <span class='ocrx_word' id='word_1_485' title='bbox 1718 3611 1900 3662; x_wconf 75' lang='lat' dir='ltr'>Primi</span> <span class='ocrx_word' id='word_1_486' title='bbox 1925 3625 2098 3661; x_wconf 84' lang='lat' dir='ltr'>veram</span> <span class='ocrx_word' id='word_1_487' title='bbox 2121 3609 2398 3659; x_wconf 83' lang='lat' dir='ltr'>lectionem</span> <span class='ocrx_word' id='word_1_488' title='bbox 2423 3604 2673 3670; x_wconf 85' lang='lat' dir='ltr'>prodide-</span> 
     </span>
     <span class='ocr_line' id='line_1_93' title="bbox 1601 3685 2673 3748; baseline -0.007 -8"><span class='ocrx_word' id='word_1_489' title='bbox 1601 3703 1659 3740; x_wconf 87' lang='lat' dir='ltr'>re</span> <span class='ocrx_word' id='word_1_490' title='bbox 1701 3688 2004 3745; x_wconf 56' lang='lat' dir='ltr'>Catanaeum</span> <span class='ocrx_word' id='word_1_491' title='bbox 2057 3686 2244 3742; x_wconf 85' lang='lat' dir='ltr'>Aldus,</span> <span class='ocrx_word' id='word_1_492' title='bbox 2297 3685 2673 3748; x_wconf 82' lang='lat' dir='ltr'>cuspinianus.</span> 
     </span>
     <span class='ocr_line' id='line_1_94' title="bbox 1599 3759 2676 3822; baseline -0.01 -3"><span class='ocrx_word' id='word_1_493' title='bbox 1599 3768 1745 3819; x_wconf 88' lang='lat' dir='ltr'>Dum</span> <span class='ocrx_word' id='word_1_494' title='bbox 1784 3780 1911 3816; x_wconf 81' lang='lat' dir='ltr'>vero</span> <span class='ocrx_word' id='word_1_495' title='bbox 1948 3764 2154 3814; x_wconf 86' lang='lat' dir='ltr'>Plinius</span> <span class='ocrx_word' id='word_1_496' title='bbox 2189 3762 2339 3819; x_wconf 86' lang='lat' dir='ltr'>dicit,</span> <span class='ocrx_word' id='word_1_497' title='bbox 2371 3776 2462 3822; x_wconf 76' lang='lat' dir='ltr'>ego</span> <span class='ocrx_word' id='word_1_498' title='bbox 2510 3759 2676 3811; x_wconf 75' lang='lat' dir='ltr'>consul</span> 
     </span>
     <span class='ocr_line' id='line_1_95' title="bbox 1596 3836 2671 3909; baseline -0.011 -13"><span class='ocrx_word' id='word_1_499' title='bbox 1596 3860 1685 3909; x_wconf 75' lang='lat' dir='ltr'>pro</span> <span class='ocrx_word' id='word_1_500' title='bbox 1705 3845 1846 3895; x_wconf 81' lang='lat' dir='ltr'>rebus</span> <span class='ocrx_word' id='word_1_501' title='bbox 1865 3842 2092 3893; x_wconf 68' lang='lat' dir='ltr'>humanis</span> <span class='ocrx_word' id='word_1_502' title='bbox 2109 3871 2127 3887; x_wconf 85' lang='lat'><strong>.</strong></span> <span class='ocrx_word' id='word_1_503' title='bbox 2141 3872 2158 3890; x_wconf 89' lang='lat'><strong>.</strong></span> <span class='ocrx_word' id='word_1_504' title='bbox 2176 3874 2190 3890; x_wconf 88' lang='lat'><strong>.</strong></span> <span class='ocrx_word' id='word_1_505' title='bbox 2206 3852 2372 3902; x_wconf 76' lang='lat' dir='ltr'>precor</span> <span class='ocrx_word' id='word_1_506' title='bbox 2380 3852 2401 3896; x_wconf 78' lang='lat'>,-</span> <span class='ocrx_word' id='word_1_507' title='bbox 2434 3836 2671 3887; x_wconf 78' lang='lat' dir='ltr'>Romano</span> 
     </span>
     <span class='ocr_line' id='line_1_96' title="bbox 1600 3910 2672 3993; baseline -0.01 -23"><span class='ocrx_word' id='word_1_508' title='bbox 1600 3922 1722 3993; x_wconf 85' lang='lat' dir='ltr'>stilo</span> <span class='ocrx_word' id='word_1_509' title='bbox 1747 3920 1997 3984; x_wconf 83' lang='lat' dir='ltr'>intelligit</span> <span class='ocrx_word' id='word_1_510' title='bbox 2029 3931 2111 3968; x_wconf 90' lang='lat' dir='ltr'>res</span> <span class='ocrx_word' id='word_1_511' title='bbox 2146 3917 2424 3965; x_wconf 82' lang='lat' dir='ltr'>Romanas.</span> <span class='ocrx_word' id='word_1_512' title='bbox 2491 3910 2581 3961; x_wconf 88' lang='lat' dir='ltr'>Sic</span> <span class='ocrx_word' id='word_1_513' title='bbox 2602 3911 2672 3960; x_wconf 81' lang='lat' dir='ltr'>E-</span> 
     </span>
     <span class='ocr_line' id='line_1_97' title="bbox 1604 3986 2671 4059; baseline -0.011 -13"><span class='ocrx_word' id='word_1_514' title='bbox 1604 3997 1724 4059; x_wconf 83' lang='lat' dir='ltr'>pist.</span> <span class='ocrx_word' id='word_1_515' title='bbox 1749 4010 1804 4046; x_wconf 88' lang='lat' dir='ltr'>x.</span> <span class='ocrx_word' id='word_1_516' title='bbox 1827 4001 1873 4046; x_wconf 87' lang='lat'>1.</span> <span class='ocrx_word' id='word_1_517' title='bbox 1897 3996 1992 4057; x_wconf 89' lang='lat' dir='ltr'>ait,</span> <span class='ocrx_word' id='word_1_518' title='bbox 2026 3999 2042 4024; x_wconf 81' lang='lat'><strong><em>⁴</em></strong></span> <span class='ocrx_word' id='word_1_519' title='bbox 2063 3994 2261 4043; x_wconf 85' lang='lat' dir='ltr'>Precor</span> <span class='ocrx_word' id='word_1_520' title='bbox 2282 4003 2429 4052; x_wconf 88' lang='lat' dir='ltr'>ergo,</span> <span class='ocrx_word' id='word_1_521' title='bbox 2462 3994 2523 4037; x_wconf 87' lang='lat' dir='ltr'>nt</span> <span class='ocrx_word' id='word_1_522' title='bbox 2556 3986 2671 4042; x_wconf 87' lang='lat' dir='ltr'>tibi,</span> 
     </span>
     <span class='ocr_line' id='line_1_98' title="bbox 1602 4069 2671 4137; baseline -0.014 -13"><span class='ocrx_word' id='word_1_523' title='bbox 1602 4080 1659 4123; x_wconf 86' lang='lat' dir='ltr'>et</span> <span class='ocrx_word' id='word_1_524' title='bbox 1692 4087 1787 4137; x_wconf 86' lang='lat' dir='ltr'>per</span> <span class='ocrx_word' id='word_1_525' title='bbox 1824 4080 1877 4121; x_wconf 88' lang='lat' dir='ltr'>te</span> <span class='ocrx_word' id='word_1_526' title='bbox 1920 4071 2099 4136; x_wconf 87' lang='lat' dir='ltr'>generi</span> <span class='ocrx_word' id='word_1_527' title='bbox 2137 4069 2380 4122; x_wconf 84' lang='lat' dir='ltr'>humano,</span> <span class='ocrx_word' id='word_1_528' title='bbox 2414 4075 2671 4126; x_wconf 88' lang='lat' dir='ltr'>prospera</span> 
     </span>
     <span class='ocr_line' id='line_1_99' title="bbox 1603 4139 2667 4208; baseline -0.014 -8"><span class='ocrx_word' id='word_1_529' title='bbox 1603 4149 1777 4199; x_wconf 83' lang='lat' dir='ltr'>omnia</span> <span class='ocrx_word' id='word_1_530' title='bbox 1799 4179 1814 4197; x_wconf 85' lang='grc'><strong>.</strong></span> <span class='ocrx_word' id='word_1_531' title='bbox 1834 4180 1849 4197; x_wconf 92' lang='grc'><strong>.</strong></span> <span class='ocrx_word' id='word_1_532' title='bbox 1875 4182 1889 4198; x_wconf 96' lang='grc'><strong>.</strong></span> <span class='ocrx_word' id='word_1_533' title='bbox 1914 4179 1929 4196; x_wconf 93' lang='grc'><strong>.</strong></span> <span class='ocrx_word' id='word_1_534' title='bbox 1949 4140 2293 4208; x_wconf 59' lang='lat' dir='ltr'>contingant?</span> <span class='ocrx_word' id='word_1_535' title='bbox 2358 4140 2450 4190; x_wconf 85' lang='lat' dir='ltr'>Sic</span> <span class='ocrx_word' id='word_1_536' title='bbox 2477 4146 2534 4188; x_wconf 89' lang='lat' dir='ltr'>et</span> <span class='ocrx_word' id='word_1_537' title='bbox 2558 4139 2667 4201; x_wconf 82' lang='lat' dir='ltr'>ipse</span> 
     </span>
     <span class='ocr_line' id='line_1_100' title="bbox 1605 4214 2665 4287; baseline -0.015 -10"><span class='ocrx_word' id='word_1_538' title='bbox 1605 4227 1829 4287; x_wconf 84' lang='lat' dir='ltr'>scriptor</span> <span class='ocrx_word' id='word_1_539' title='bbox 1869 4223 2097 4283; x_wconf 78' lang='lat' dir='ltr'>divinus,</span> <span class='ocrx_word' id='word_1_540' title='bbox 2134 4219 2322 4280; x_wconf 82' lang='lat' dir='ltr'>Lucas,</span> <span class='ocrx_word' id='word_1_541' title='bbox 2353 4230 2421 4266; x_wconf 87' lang='grc' dir='ltr'><strong>ιι.</strong></span> <span class='ocrx_word' id='word_1_542' title='bbox 2462 4220 2509 4265; x_wconf 85' lang='lat' dir='ltr'>l.</span> <span class='ocrx_word' id='word_1_543' title='bbox 2552 4214 2665 4262; x_wconf 69' lang='grc' dir='ltr'>ἀπο·</span> 
     </span>
     <span class='ocr_line' id='line_1_101' title="bbox 1600 4292 2665 4365; baseline -0.014 -12"><span class='ocrx_word' id='word_1_544' title='bbox 1600 4299 1868 4365; x_wconf 71' lang='grc' dir='ltr'>’γράφεσθαι</span> <span class='ocrx_word' id='word_1_545' title='bbox 1887 4300 2049 4349; x_wconf 72' lang='grc' dir='ltr'><strong><em>πᾶσαν</em></strong></span> <span class='ocrx_word' id='word_1_546' title='bbox 2066 4296 2160 4355; x_wconf 76' lang='grc' dir='ltr'>τὴν</span> <span class='ocrx_word' id='word_1_547' title='bbox 2182 4292 2477 4355; x_wconf 61' lang='lat' dir='ltr'>otxovuivnv.</span> <span class='ocrx_word' id='word_1_548' title='bbox 2512 4297 2566 4341; x_wconf 68' lang='lat' dir='ltr'>ut</span> <span class='ocrx_word' id='word_1_549' title='bbox 2585 4293 2665 4341; x_wconf 46' lang='lat' dir='ltr'>deq</span> 
     </span>
     <span class='ocr_line' id='line_1_102' title="bbox 1603 4371 2669 4443; baseline -0.009 -14"><span class='ocrx_word' id='word_1_550' title='bbox 1603 4379 1891 4443; x_wconf 76' lang='lat' dir='ltr'>scriberetur</span> <span class='ocrx_word' id='word_1_551' title='bbox 1926 4382 2057 4426; x_wconf 73' lang='lat' dir='ltr'>totus</span> <span class='ocrx_word' id='word_1_552' title='bbox 2088 4380 2327 4424; x_wconf 79' lang='lat' dir='ltr'>terrarum</span> <span class='ocrx_word' id='word_1_553' title='bbox 2364 4371 2512 4435; x_wconf 82' lang='lat' dir='ltr'>orbis,</span> <span class='ocrx_word' id='word_1_554' title='bbox 2548 4373 2582 4423; x_wconf 86' lang='lat' dir='ltr'>i.</span> <span class='ocrx_word' id='word_1_555' title='bbox 2618 4388 2669 4422; x_wconf 61' lang='lat' dir='ltr'>e.·,</span> 
     </span>
    </p>
   </div>
   <div class='ocr_carea' id='block_1_13' title="bbox 2988 7 2996 709">
    <p class='ocr_par' dir='ltr' id='par_1_17' title="bbox 2988 7 2996 709">
     <span class='ocr_line' id='line_1_103' title="bbox 2988 7 2996 709; baseline 0 0"><span class='ocrx_word' id='word_1_556' title='bbox 2988 7 2996 709; x_wconf 95' lang='lat' dir='ltr'> </span> 
     </span>
    </p>
   </div>
  </div>
 </body>
</html>
