3017 4942
449 328 626 400 1088

449 505 662 545 manere
682 490 924 559 gratiam,
946 505 1101 560 quam
1123 492 1177 544 in
1202 491 1336 543 urbe
1355 491 1514 543 colle-

448 570 641 634 gerint,
675 568 948 621 delector?
1022 569 1194 621 Porro
1226 569 1441 633 docent,
1469 570 1515 620 si

446 658 564 698 curn
611 660 736 697 casu
766 644 1047 697 accusandi
1078 645 1353 709 jungatur,
1388 647 1515 710 poni

446 736 543 789 pro
575 719 935 786 ‘expectare.'
1000 720 1125 772 Huc
1173 721 1404 786 pertinet
1438 722 1518 772 lo-

446 812 539 850 cus
560 797 766 863 Paneg.
784 810 873 848 ιν.
887 802 969 849 19.
994 797 1013 827 4
1031 798 1192 849 Fama
1211 798 1519 865 (principis)

446 875 669 927 invitum
690 874 909 927 manet!
973 875 1089 928 Cic.
1126 876 1363 941 Philipp.
1385 890 1519 931 xm.

444 956 529 1004 8⁰.
563 952 686 1002 ‘Sin
724 959 901 1004 autem
933 952 1073 1005 aliud
1103 967 1189 1003 me
1219 951 1385 1004 fatum
1408 967 1519 1004 ma·

447 1031 579 1078 net.⁸
640 1028 883 1079 Sanctius
924 1029 1180 1080 Minerva
1214 1042 1282 1080 11.
1304 1033 1356 1081 4.
1391 1044 1514 1095 pag.

449 1107 563 1156 198.
587 1102 879 1169 contendit,
903 1104 1116 1156 verbnm
1146 1103 1425 1156 ‘manere’
1456 1120 1515 1157 e-

446 1181 575 1231 tiam
598 1181 653 1231 iu
676 1180 995 1246 expectandi
1034 1181 1246 1232 notione
1270 1195 1371 1231 non
1394 1195 1516 1234 raro

446 1269 624 1306 casum
666 1254 828 1309 dandi
869 1256 1170 1308 admittere.
1234 1258 1515 1309 consentit

446 1331 637 1384 Heins.
661 1332 727 1383 ad
754 1333 1032 1384 claudian.
1069 1334 1291 1399 Eutrop.
1311 1348 1376 1384 n.
1396 1337 1513 1386 479.

449 1412 544 1461 Est
586 1426 712 1462 vero
752 1426 900 1463 error
935 1412 1153 1476 librarii,
1191 1414 1279 1479 qui
1318 1413 1370 1465 in
1394 1415 1512 1465 cod.

445 1488 552 1540 Ms.
595 1489 805 1540 Veneto
848 1493 898 1540 1.
941 1489 1176 1556 scripsit,
1216 1491 1517 1558 manebitque

443 1564 637 1614 limeris
666 1566 912 1616 caeratio
934 1580 1038 1615 sua.
1073 1566 1242 1617 Idem.

512 1641 621 1692 Nee
664 1643 970 1694 ementem
1014 1644 1329 1710 anctoritate]
1381 1645 1430 1698 1.
1463 1661 1515 1698 e.

442 1730 562 1781 nec,
575 1718 619 1768 si
635 1720 947 1771 auctoritate
964 1720 1194 1771 muneris
1211 1723 1377 1772 nostri
1400 1730 1515 1775 ute·

444 1806 578 1852 mur,
635 1793 863 1845 fortuna
919 1795 1153 1862 viteque
1202 1799 1515 1864 periculum,

444 1869 580 1918 sicut
600 1869 695 1919 sub
716 1871 963 1922 malorum
986 1873 1281 1938 principum
1306 1876 1515 1939 regimi-

444 1959 533 2007 ne,
557 1944 831 1999 adibimus.
898 1947 1006 1998 Pro
1041 1951 1250 2001 nomine
1280 1953 1513 2007 securita-

445 2028 559 2086 tem,
582 2021 633 2071 in
658 2023 825 2073 altero
858 2023 994 2074 libro
1015 2024 1176 2076 Gudii
1202 2035 1511 2079 annotatum

442 2104 526 2148 est
560 2099 893 2159 sanitatem
925 2099 1081 2165 quod.
1106 2115 1233 2152 vero
1262 2103 1350 2153 bic
1378 2104 1512 2155 nulli

445 2175 559 2225 usui
582 2182 699 2237 est;
732 2190 831 2226 nec
867 2176 1062 2239 placet.
1093 2178 1233 2244 quod
1273 2179 1512 2231 librarius

442 2249 495 2298 in
511 2264 626 2299 meo
646 2251 847 2309 codice,
864 2253 1146 2316 profuerit,
1160 2255 1512 2320 scripsitsait.

446 2324 618 2375 Idem.

507 2401 827 2454 Secu-itatem
847 2406 1159 2473 auctor-flate]
1193 2407 1258 2459 Id
1282 2416 1385 2473 est,
1409 2424 1509 2461 nec

443 2477 878 2544 periclitabimur,
915 2481 960 2532 si
1003 2484 1370 2535 auctoritatem
1410 2486 1512 2537 loci

441 2555 889 2621 magistratusque
925 2559 1253 2611 tenebimusa
1290 2567 1351 2611 ut
1385 2569 1509 2613 ante

439 2631 816 2696 sub-tyrannis.
850 2634 987 2699 Lips.

506 2708 611 2758 Nec
650 2710 984 2779 securitatem]
1033 2713 1178 2764 Olim
1223 2715 1509 2778 periculum

441 2781 496 2831 iu
520 2786 868 2838 auctoritates
904 2796 959 2839 et
987 2789 1073 2839 vix
1104 2790 1157 2840 in
1179 2791 1405 2842 obscuro
1427 2807 1509 2844 se-

440 2860 651 2910 curitas.
687 2861 842 2913 Beru.

505 2936 620 2987 Non
639 2939 828 3003 saecali]
863 2939 933 2990 H.
947 2955 997 2991 e.
1015 2956 1118 2992 non
1140 2944 1299 3007 culpa
1321 2952 1405 2996 est
1429 2960 1507 2997 re·

439 3012 645 3074 giminis
677 3022 733 3065 et
770 3016 976 3080 imperii
1001 3019 1097 3069 tui.
1162 3020 1301 3071 Vide
1325 3030 1507 3073 notata

437 3087 503 3136 ad
531 3101 699 3140 xvm.
723 3095 771 3141 1.
831 3091 966 3143 Haec
984 3094 1145 3145 Plinii
1166 3097 1506 3160 Symmachus

434 3161 647 3214 videtur
668 3166 913 3225 imitatus,
940 3169 1109 3233 Epist.
1132 3185 1186 3221 x.
1206 3176 1290 3224 22.
1311 3174 1377 3223 ad
1399 3176 1501 3224 Va·

439 3236 780 3289 lentinianum
820 3241 1145 3307 Augustum=
1177 3248 1195 3279 4
1213 3248 1415 3313 Facite,
1445 3258 1505 3302 ut

434 3326 615 3365 omnes
638 3315 957 3383 intelligant,
984 3321 1027 3370 si
1065 3320 1204 3374 forta
1233 3324 1369 3377 desit
1393 3340 1505 3379 rec·

433 3388 632 3440 toribus
654 3391 862 3457 integer
878 3395 1041 3458 vigor,
1057 3398 1278 3451 hominis
1293 3403 1503 3466 culpam

436 3478 572 3530 esse,
597 3480 699 3516 non
719 3468 930 3518 saeculiJ
964 3471 1209 3526 Schmun.

500 3541 632 3593 Ante
664 3545 927 3610 principes]
972 3547 1021 3599 1.
1057 3564 1105 3599 e.
1140 3550 1193 3601 in
1231 3554 1504 3617 republica

431 3614 616 3681 libera,
662 3628 939 3686 autequam
986 3639 1185 3677 summa
1225 3642 1399 3679 rerum
1434 3630 1501 3681 ad

433 3691 587 3741 unius
605 3695 954 3760 principatum
976 3704 1228 3754 translata
1253 3714 1385 3757 erat.
1421 3707 1504 3757 Id.

499 3768 619 3818 Nisi
640 3775 829 3823 tuntum
849 3774 1007 3840 ittam]
1045 3778 1161 3828 Nisi
1185 3785 1346 3831 tamen
1368 3783 1503 3832 illuns

433 3844 504 3899 V.
537 3844 704 3897 Licin.
1175 3868 1196 3891 s
1401 3874 1406 3878 ·

497 3920 614 3971 Nisi
647 3929 833 3975 tautum
870 3925 1029 3994 illum]
1063 3931 1242 3983 Tamen
1274 3933 1503 3986 arbitror

432 4009 633 4047 verum.
698 4003 890 4070 Supra,
923 4008 940 4036 4
962 4007 1078 4057 Nisi
1116 4010 1255 4073 quod
1306 4019 1501 4070 tamen,

432 4072 521 4137 qni
546 4090 720 4128 rursus
744 4083 984 4133 consules
1000 4083 1150 4150 fiunt,
1168 4088 1247 4137 bis
1270 4076 1502 4154 quidem,

433 4147 526 4196 sed
557 4149 775 4204 diversis
813 4161 1132 4223 temporibus
1164 4165 1501 4228 obligantur?

433 4221 603 4287 Epist.
638 4239 680 4276 1.
708 4231 759 4277 9.
800 4229 1004 4285 ‘Nemo
1035 4249 1120 4288 me
1154 4241 1292 4303 apud
1321 4253 1500 4306 quem·

1143 344 1370 409 κοτε
1418 345 1520 397 va
1535 320 1832 397 montiis
1880 343 1963 396 m

1592 504 1747 557 quam
1771 488 1992 541 sinistris
2015 487 2334 540 sermonibus
2351 487 2544 554 carpit,
2572 502 2666 539 ue·

1590 569 1781 620 minem
1825 568 1941 632 ipse
1978 567 2324 633 reprebendo,
2353 568 2450 617 nisi
2485 574 2666 616 tamen

1591 660 1698 704 me,
1752 659 1870 696 cum
1917 658 2100 710 parum
2137 643 2411 694 commode
2453 641 2668 696 scribo}

1590 723 1800 775 vitiose
1837 730 1922 773 est
1968 722 2023 772 in
2068 720 2246 786 editis,
2291 722 2389 771 nisi
2426 726 2530 772 tuus
2568 735 2664 771 ure.

1590 814 1719 854 vm.
1735 805 1818 853 17.
1850 803 1869 833 4
1885 800 2008 854 Nisi
2026 800 2166 867 quod
2187 805 2362 850 tamen
2379 806 2461 849 est
2478 797 2664 848 dolen·

1589 878 1647 929 di
1670 879 1873 943 modus,
1895 891 2000 928 uon
2022 884 2105 928 est
2126 874 2380 927 timendi.'
2432 877 2664 939 Corrup-

1593 960 1670 1014 te‚
1694 955 1810 1006 Nisi
1829 956 1953 1019 quod
1971 959 2160 1005 tuatim
2183 954 2444 1017 vulgatur.
2477 964 2557 1001 vr.
2577 955 2664 1001 21.

1589 1037 1608 1063 ‘
1625 1031 1742 1084 Nisi
1766 1030 1906 1099 quod
1936 1037 2112 1081 tamen
2146 1028 2317 1095 poe‘tis
2344 1026 2560 1079 mentiri
2601 1026 2663 1075 li·

1589 1107 1713 1160 cct.’
1744 1108 1911 1159 Hein-

1657 1185 1889 1235 Cousules
1927 1182 2060 1248 taos]
2110 1182 2157 1234 Α
2202 1184 2258 1234 tc
2301 1180 2394 1232 tali
2428 1186 2664 1243 creatos,

1589 1260 1730 1325 quod
1776 1267 1861 1311 est
1899 1273 2061 1326 super
2099 1260 2267 1328 ipsum
2312 1258 2664 1311 consulatum.

1587 1336 1656 1388 Li
1710 1370 1725 1387 .

1648 1352 1888 1464 &ouantes
1930 1412 2059 1478 tuos]
2089 1411 2137 1465 1.
2173 1425 2224 1464 e.
2261 1411 2500 1463 consules
2542 1426 2572 1461 a
2607 1417 2665 1462 te

1589 1489 1688 1541 tali
1711 1497 1963 1557 tantoque
1988 1491 2229 1555 principe
2254 1495 2482 1546 creatos,
2503 1494 2560 1538 et
2574 1489 2663 1553 Ju-

1589 1566 1731 1618 dicio
1756 1572 1847 1617 tuo
1884 1567 2236 1633 singularique
2266 1579 2395 1628 erga
2416 1579 2512 1614 nos
2530 1563 2666 1614 fidu·

1589 1644 1675 1694 cia
1698 1645 2030 1696 constitutos.
2096 1642 2292 1695 Confer
2316 1643 2456 1693 Plin.
2481 1655 2666 1706 supra,

1588 1731 1706 1771 xcx.
1743 1707 1814 1770 ι’
1861 1720 2023 1770 ovid.
2054 1734 2122 1770 ex
2160 1720 2351 1782 Ponto,
2383 1730 2463 1768 Π.
2497 1722 2552 1769 9.
2570 1721 2665 1768 65.

1591 1795 1685 1846 ubi
1708 1796 1942 1862 loquitur
1962 1796 2030 1848 de
2051 1795 2284 1848 Grecini
2315 1796 2514 1845 bonore
2536 1807 2667 1844 con-

1589 1874 1789 1925 sulatus
1808 1876 1875 1925 ab
1892 1874 2133 1940 Augusto
2147 1874 2339 1925 collato
2357 1888 2373 1923 z
2395 1873 2411 1901 4
2423 1872 2532 1924 Qui
2547 1871 2670 1936 (bo-

1588 1951 1714 2018 nor)
1738 1967 2031 2019 quanquam
2055 1959 2140 2004 est
2161 1954 2362 2018 ingens,
2384 1958 2440 2000 et
2463 1950 2669 1999 nulium

1589 2029 1792 2080 Martia
1814 2044 2015 2080 summo
2035 2028 2210 2081 Altina
2241 2027 2517 2092 imperium
2537 2039 2670 2077 con-

1588 2108 1701 2158 sule
1731 2108 1897 2159 Roma
1921 2107 2101 2160 videte
2138 2107 2461 2171 Multiplicat
2485 2111 2669 2155 tamen

1588 2184 1726 2236 hunc
1752 2174 1985 2250 gravitas
2017 2185 2242 2236 auctoris
2263 2185 2512 2235 honorem
2536 2196 2554 2242 ς
2590 2180 2667 2231 Et

1587 2261 1914 2327 majestatem
1961 2276 2043 2313 res
2077 2262 2203 2312 data
2245 2260 2422 2310 dantis
2464 2255 2670 2308 babet!

1584 2338 1877 2405 Symmach-
1899 2339 2071 2403 Epist.
2110 2352 2169 2388 x.
2190 2342 2275 2388 22.
2305 2337 2321 2365 4
2339 2336 2442 2386 Sed
2467 2333 2664 2385 intelli·

1587 2431 1671 2483 go,
1695 2421 1893 2483 quanto
1927 2417 2043 2481 pius
2077 2413 2427 2465 solicitudinis
2465 2411 2664 2462 babeat

1585 2496 1939 2559 magistratus,
1959 2495 2131 2561 quiex
2149 2492 2380 2559 judicio,
2401 2503 2558 2557 quam
2573 2487 2663 2554 qui

1585 2585 1652 2621 ex
1677 2572 1868 2636 gratia,
1891 2573 2054 2623 veuit.
2119 2571 2220 2623 Ille
2243 2569 2404 2632 enim,
2421 2574 2481 2617 ut
2505 2567 2664 2616 meri·

1586 2647 1656 2697 tis
1690 2647 1866 2706 datus,
1902 2662 2049 2713 spem
2092 2648 2172 2698 sni
2217 2646 2378 2697 debet
2410 2656 2661 2711 aequarez

1581 2721 1703 2786 iste,
1741 2729 1803 2774 ut
1841 2737 1939 2790 per
1970 2723 2282 2776 beneficium
2320 2722 2601 2788 quaesitus‚
2632 2731 2666 2767 a

1581 2800 1818 2864 periculo
1872 2802 2229 2867 praestationis
2287 2800 2491 2851 alienus
2558 2801 2662 2848 est.

1581 2876 1717 2929 Quis
1753 2891 1877 2942 ergo
1907 2893 1993 2929 me
2031 2879 2151 2929 huic
2187 2878 2335 2928 oneri
2374 2890 2555 2941 parem
2582 2872 2662 2923 fa·

1581 2953 1728 3007 ciet?
1794 2954 2010 3006 Scilicet
2044 2963 2219 3008 vestra
2246 2951 2549 3006 clementia,
2570 2963 2663 2999 cu-

1572 3028 1665 3093 jus
1690 3030 1932 3095 interest,
1964 3046 2032 3082 ne
2063 3037 2265 3083 temere
2293 3029 2497 3080 electus
2521 3026 2662 3076 exis-

1580 3105 1774 3156 timer.'
1807 3109 2055 3160 Schmun.

1644 3184 1725 3233 Ea
1744 3185 2029 3251 sentiamus]
2064 3183 2272 3236 Absunt
2294 3183 2363 3234 V.
2397 3181 2565 3232 Livius.

1646 3261 1994 3313 Consului-ibus
2026 3261 2205 3327 digua]
2257 3267 2277 3292 4
2301 3260 2619 3312 Consulares
2646 3255 2661 3278 ’

1577 3348 1681 3386 non
1703 3336 1789 3388 bic
1808 3345 1930 3389 sunt
1946 3338 2210 3400 consules,
2227 3336 2320 3387 sed
2338 3350 2403 3385 ex
2424 3333 2663 3384 usitatis·

1578 3409 1707 3461 sima
1745 3411 2131 3476 significatione
2165 3411 2223 3468 ii,
2261 3410 2348 3476 qni
2380 3410 2662 3460 consulatu

1566 3485 1680 3550 jam
1707 3487 2014 3553 perfunct13
2050 3502 2350 3554 quanquam
2389 3487 2662 3550 Rupertus

1577 3568 1761 3613 noster
1776 3563 2038 3629 quondam
2058 3563 2322 3614 monuerit
2336 3563 2402 3613 ad
2421 3564 2658 3627 Florum,

1578 3651 1699 3702 pag.
1733 3641 1849 3689 579.
1876 3641 1893 3671 4
1915 3640 2244 3690 consularem
2264 3638 2281 3663 '
2316 3653 2415 3690 ceu
2446 3642 2461 3667 ‘
2484 3639 2658 3689 virum

1577 3714 1868 3766 consularis
1891 3716 2170 3781 dignitatis
2193 3715 2211 3739 ’
2236 3713 2520 3780 aliquando
2548 3713 2661 3764 dic·

1578 3794 1687 3839 tum
1712 3804 1848 3855 esse,
1867 3805 2232 3858 quemcunque
2255 3790 2450 3841 extulit
2469 3805 2660 3840 consu-

1574 3864 1729 3924 latus,
1773 3881 1867 3918 seu
1905 3880 2023 3918 eum
2063 3872 2235 3933 gerat,
2276 3881 2371 3918 seu
2411 3869 2661 3935 gesserit.

1575 3939 1785 3993 Plinius
1828 3957 2019 4009 nempe
2058 3943 2237 3995 dicere
2270 3943 2460 4006 voluit,
2484 3959 2564 4008 se,
2599 3950 2657 3996 et

1576 4018 1828 4084 collegam
1848 4035 2019 4084 suum,
2036 4020 2343 4077 Cornutum,
2362 4035 2465 4070 non
2488 4022 2657 4071 solum

1574 4092 1768 4159 inipso
1791 4098 2066 4148 consulatu
2103 4111 2262 4162 agere
2298 4097 2437 4148 velle
2468 4111 2658 4151 cunsu-

1574 4170 1670 4234 les,
1690 4174 1870 4236 quales
1886 4181 2011 4226 ante
2030 4174 2295 4240 principes
2308 4172 2541 4238 fueriut3
2564 4174 2657 4225 sed

1554 4245 1734 4299 ‚etiam
1757 4254 1875 4315 post
1905 4250 2235 4302 consulatum
2259 4262 2477 4314 operam
2501 4249 2658 4302 datu·
