3017 4942
764 428 829 477 c.
874 424 1118 478 rmum
1166 424 1502 479 sacurem
1552 411 1840 480 muso(
1908 430 1958 479 ι.
1988 415 2096 482 76.

388 564 498 622 Sub
517 568 727 635 exmplo
748 571 845 637 tui]
885 571 988 623 Sub
1018 574 1229 637 exemplo
1261 572 1391 638 pati·

307 649 476 698 entia
507 654 601 697 tuoe
626 649 688 697 C.
711 648 780 698 G.
818 649 982 698 Lirin.
1010 652 1228 714 optime.
1276 649 1388 698 Rit-

308 726 478 774 τεν-(31..
804 736 811 739 ’

387 800 560 865 Sedit]
583 800 917 851 Tralatitium
934 796 1034 862 es‘t,
1046 799 1182 865 apud
1199 800 1388 849 Roma·

298 881 421 928 nos'
465 887 627 926 totum
662 883 914 934 senatum,
951 878 1038 926 ubi
1075 884 1387 927 convocatus

308 963 463 1017 erat,
478 956 795 1006 consedisse.
838 957 983 1005 Tunc
998 956 1267 1019 Trajanus,
1280 962 1390 1004 tan·

308 1045 487 1097 quam
519 1033 717 1086 consul,
739 1032 940 1081 senatui
976 1032 1027 1080 in
1061 1032 1189 1081 sella
1225 1031 1391 1081 curuli

309 1108 600 1171 praesedit.
668 1108 739 1157 Et
774 1109 951 1165 credo,
985 1122 1085 1157 non
1119 1107 1282 1157 solnm
1317 1109 1390 1156 al·

309 1188 498 1233 terum
539 1187 822 1255 consulem,
850 1186 942 1235 sed
976 1185 1135 1234 etiam
1166 1183 1393 1234 fortasse

312 1262 564 1311 eonsules
599 1263 912 1332 designatos,
949 1268 1005 1311 et
1041 1262 1166 1310 alios
1206 1260 1392 1324 magis-

308 1341 496 1386 tratus
519 1338 757 1401 majores,
779 1341 830 1388 in
865 1339 1002 1387 sellis
1029 1337 1289 1387 curulibus
1313 1351 1393 1386 se·

315 1413 501 1476 disse3
525 1424 731 1465 ceteros
751 1427 1019 1466 senatores
1041 1416 1094 1464 in
1116 1415 1393 1477 subselliis,

312 1489 428 1539 hoc
453 1499 554 1553 est,
574 1492 782 1541 sedibus
817 1492 1133 1556 aliquantum
1158 1490 1393 1540 humilio·

314 1568 492 1616 ribus.
559 1569 670 1618 Cic.
689 1569 847 1619 Catil.
870 1582 910 1618 1.
930 1573 979 1618 7.
1005 1576 1020 1598 ⁶
1041 1567 1220 1619 Quid?
1252 1567 1392 1632 quod
1421 1599 1427 1607 ·

313 1646 558 1695 adventu
588 1655 677 1696 tuo
710 1646 812 1696 ista
834 1643 1082 1695 subsellia
1104 1659 1265 1694 vacua
1287 1642 1394 1694 fac·

315 1730 382 1772 ta
420 1728 575 1783 sunt3
613 1723 750 1787 quod
785 1738 963 1772 omues
989 1722 1301 1778 consulares,
1325 1722 1392 1769 si-

317 1800 437 1848 mul
484 1808 639 1864 atque
688 1798 953 1854 adsedisti,
993 1806 1196 1862 partem
1240 1797 1391 1845 istam

318 1875 690 1924 subselliorum
744 1875 936 1924 nudam
982 1881 1138 1938 atque
1189 1873 1392 1921 inanem

320 1952 650 2016 reliquerunt
676 1949 713 2000 Ρ
756 1950 910 2000 Unde
933 1952 1167 1999 senatum
1192 1964 1223 1998 a
1239 1950 1392 1999 Pom-

320 2028 485 2090 peio‘
504 2029 712 2090 longum
736 2023 1068 2081 subsellium,’
1102 2026 1225 2090 qnia
1256 2024 1394 2076 forte

320 2103 379 2152 in
406 2103 626 2152 scamnis
651 2103 817 2166 longis
841 2103 1078 2164 sedebat,
1094 2101 1289 2151 dictum
1314 2115 1394 2150 es·

322 2192 410 2241 se,
450 2177 618 2228 innuit
657 2179 770 2228 Cic.
809 2179 954 2228 Fam.
993 2191 1083 2227 ιιι.
1121 2182 1172 2227 9.
1239 2178 1396 2226 Cete-

281 2282 291 2289 =
320 2270 465 2316 rum,
484 2255 553 2304 de
588 2254 825 2318 formula,
858 2259 874 2282 ‘
898 2269 1058 2319 agere
1091 2251 1398 2316 consulem,'

320 2332 449 2381 vide
471 2347 647 2395 supra,
667 2330 731 2381 ad
756 2346 804 2381 c.
826 2344 926 2382 xv.
960 2330 1203 2381 Schmun-z.

398 2411 543 2460 Nihil
574 2415 750 2474 proeter
780 2409 1017 2458 cmtsulem
1051 2407 1240 2471 ageres]
1271 2406 1394 2455 Non

319 2487 578 2553 principis
607 2488 775 2537 libera
804 2486 1136 2540 auctoritate,
1158 2482 1250 2533 sed
1275 2497 1396 2532 con-

253 2598 262 2603 ·
324 2564 490 2613 sulari
534 2563 908 2624 moderatione,
944 2569 1237 2610 senatorum
1281 2571 1395 2608 sen·

322 2642 523 2690 tentias
545 2640 891 2704 expectando.
929 2638 1145 2687 Patarol.

397 2717 726 2778 Interrogavit
746 2715 960 2779 quisque]
996 2711 1218 2766 Quidam
1253 2709 1396 2761 codi-

325 2800 436 2849 ces,
460 2808 527 2842 ex
550 2793 701 2842 solita
722 2790 1053 2847 confusione,
1067 2803 1163 2852 pro
1183 2787 1394 2851 quisque,

324 2870 523 2919 babent
544 2869 771 2934 quisquis.
821 2868 927 2918 Sed
943 2866 1064 2932 quid
1086 2864 1278 2914 audio?
1309 2862 1393 2913 An

324 2946 384 2996 in
411 2954 614 3002 senatu,
640 2944 958 3011 praesidente
980 2941 1187 3005 quidem
1210 2941 1394 3003 Traja-

324 3036 398 3072 no
425 3023 659 3084 consule,
677 3022 862 3086 cuique
887 3019 1034 3068 licuit
1059 3018 1396 3079 interrogare,

329 3099 471 3162 quod
508 3098 742 3163 placuit?
808 3097 941 3146 Tale
965 3093 1086 3159 quid
1121 3107 1221 3142 nou
1254 3094 1396 3141 inve·

329 3174 415 3223 nio
461 3174 528 3223 ab
570 3175 687 3224 aliis
732 3172 1032 3223 auctoribus
1073 3176 1395 3233 annotatum,

326 3262 498 3315 neque
521 3253 586 3300 ab
609 3251 721 3314 ipso
745 3253 1201 3298 commemoratum
1222 3246 1396 3295 Plinio

329 3328 502 3390 Epist.
542 3340 605 3376 ιι.
647 3329 727 3375 11.
771 3332 828 3375 et
873 3329 953 3373 12.
997 3322 1084 3373 ubi
1126 3322 1429 3392 sigillatim·

327 3403 466 3452 hunc
506 3415 802 3452 consessum
846 3404 1054 3448 senatus
1100 3397 1395 3460 descripsit.

325 3481 502 3530 Solius
543 3481 698 3536 illius,
743 3478 828 3542 qui
876 3474 1130 3540 praesedit
1167 3476 1395 3536 senatui,

326 3555 450 3615 fuit,
474 3558 822 3619 interrogare.
869 3554 1009 3603 Gell.
1030 3564 1111 3601 lv.
1133 3556 1211 3600 10.
1231 3554 1247 3581 ‘
1264 3553 1396 3600 Erat

319 3635 408 3697 jus
433 3630 701 3696 senatori,’
726 3631 909 3696 inquit,
941 3632 957 3659 ‘
979 3635 1059 3690 ut,
1082 3628 1395 3676 senteutiam

328 3717 560 3772 rogatus,
595 3709 801 3759 diceret
835 3714 979 3771 ante,
1001 3702 1253 3771 quidquid
1289 3705 1396 3751 vel·

327 3785 404 3834 let
430 3785 557 3833 alius
581 3785 674 3846 rei,
697 3790 752 3832 et
775 3782 942 3848 quoad
966 3779 1164 3830 vellet!
1224 3779 1395 3828 Tacit.

329 3860 523 3910 Annal.
564 3872 695 3908 xm.
732 3861 817 3908 49.
856 3865 878 3889 ¹
902 3858 1088 3907 Licere
1141 3854 1396 3918 patribus,

325 3937 533 4002 quoties
560 3936 648 4003 jus
670 3932 903 3984 dicendas
939 3933 1215 3982 sententiae
1247 3945 1396 3979 acce·

325 4017 547 4081 pissent,
580 4028 697 4078 quae
735 4012 931 4061 vellent
964 4022 1292 4072 expromere,
1315 4021 1395 4056 re·

324 4094 681 4155 lationemque
714 4091 767 4139 iu
802 4104 866 4139 ea
889 4085 1188 4151 postulare.’
1253 4086 1396 4148 Ergo

324 4169 521 4219 licebat
574 4167 782 4233 quidem
836 4165 949 4234 aliis
1003 4164 1397 4229 quibuscunque

327 4245 674 4306 senatoribus,
709 4243 752 4292 si
798 4240 1110 4303 interrogati
1150 4248 1327 4288 essent
1365 4252 1397 4288 a

327 4323 546 4374 consule
590 4317 925 4385 praesidente,
953 4315 1202 4382 quidquid
1247 4329 1278 4364 e
1316 4329 1396 4365 re·

2397 412 2533 484 955

1467 571 1676 636 publica
1707 572 1821 623 fore
1857 573 2155 638 crederent,
2183 573 2299 626 loco
2327 582 2533 626 senten-

1466 651 1554 700 tiae
1576 665 1835 715 promere,
1856 660 1912 701 et
1944 654 2226 716 postulare,
2250 658 2310 702 ut
2334 666 2415 703 res
2439 656 2528 704 ali.

1465 741 1567 790 qua
1608 743 1638 776 a
1679 730 1889 778 consule
1922 728 2240 791 referretur3
2289 730 2385 782 sed
2424 745 2529 781 non

1464 803 1659 854 licebat
1697 805 1823 868 ipsis
1856 803 2076 869 referre,
2098 814 2152 855 et
2186 806 2532 870 interrogare.

1463 881 1756 931 Relationis
1779 881 1910 931 adeo
1932 890 1987 932 et
2009 882 2426 946 interrogationis
2440 884 2531 947 jus

1465 956 1723 1007 ordinarie
1758 958 1855 1007 soli
1890 959 2162 1023 competiit
2203 952 2540 1022 magistratui

1466 1032 1805 1098 praesidenti3
1837 1032 1937 1082 nisi
1971 1033 2108 1099 quod
2149 1035 2395 1099 deinceps
2436 1035 2531 1084 eti-

1467 1123 1549 1158 am
1584 1109 1984 1174 imperatoribus
2010 1111 2098 1174 jus
2132 1111 2394 1174 secundae,
2423 1120 2533 1162 ter-

1469 1187 1578 1249 tioe,
1612 1196 1828 1252 quartae,
1860 1189 2084 1253 quinctae
2119 1189 2407 1253 relationis,
2440 1189 2530 1238 da·

1468 1271 1631 1325 retur,
1656 1271 1715 1313 ut
1737 1266 1789 1314 in
1813 1265 1992 1329 quovis
2025 1270 2206 1314 senatu
2230 1272 2444 1329 possent
2462 1266 2533 1317 de

1468 1339 1688 1397 duabus,
1721 1341 1905 1404 tribus,
1928 1348 2167 1405 quatuor,
2185 1343 2413 1408 quinque
2449 1357 2530 1392 re-

1468 1414 1585 1477 bus,
1606 1417 1995 1482 quibuscunque
2021 1417 2232 1481 vellent,
2251 1419 2404 1467 etiam
2427 1432 2532 1467 non

1469 1493 1724 1557 consules,
1757 1491 1934 1542 facere
1974 1494 2293 1555 relationem,
2330 1501 2384 1543 et
2414 1507 2531 1542 sen·

1469 1570 1661 1618 tentias
1686 1583 1906 1633 rogare3
1940 1585 2043 1632 quo
2069 1577 2239 1618 tamen
2261 1572 2384 1634 jure
2405 1573 2532 1621 Tra-

1461 1644 1619 1708 janus
1644 1646 1718 1693 uti
1751 1644 1934 1709 noluit,
1958 1646 2056 1694 nisi
2088 1646 2202 1709 ipse
2236 1653 2374 1696 esset
2407 1648 2533 1696 coni

1467 1722 1565 1769 sul.
1628 1721 1761 1771 Quae
1784 1734 1902 1770 cum
1927 1720 2000 1771 lta
2025 1721 2147 1777 sint,
2169 1736 2271 1772 non
2293 1721 2533 1785 dispicio,

1466 1796 1725 1860 quomodo
1751 1798 1958 1859 vulgata
1993 1797 2170 1859 lectio,
2194 1812 2296 1863 qua
2316 1799 2538 1864 quisque*

1470 1871 1665 1922 dicitur
1726 1874 2069 1936 interrogasse
2125 1874 2260 1940 quod
2318 1876 2532 1940 placuit,

1468 1950 1747 1999 conveniat
1770 1965 1887 1999 cum
1924 1952 2148 2000 moribus
2179 1952 2447 2002 senatoriis
2467 1953 2533 2002 il-

1470 2026 1568 2075 lius
1613 2026 1901 2090 temporis?
1966 2027 2069 2076 Sed
2116 2027 2234 2076 vide
2274 2026 2339 2076 ad
2379 2030 2538 2091 quam‘

1467 2103 1821 2166 conjecturam
1876 2118 1957 2152 me
2001 2103 2265 2154 deducant
2309 2105 2538 2166 vestigia<

1470 2182 1744 2242 scripturae
1783 2181 2100 2243 quorundam
2141 2180 2397 2230 codicum.
2465 2181 2536 2230 In

1470 2255 1655 2304 codice
1690 2255 2067 2319 salisburgensi
2105 2264 2158 2305 et
2183 2271 2317 2316 meo,
2344 2270 2437 2319 pro
2459 2257 2534 2304 iu·

1470 2332 1754 2394 terrogavit,
1780 2331 2131 2393 deprehendo,
2164 2332 2415 2395 scriptum
2454 2342 2538 2382 esi

1468 2420 1528 2456 se
1553 2406 1874 2469 interrogares
1891 2422 1913 2464 ,0
1944 2406 2154 2468 deinde,
2176 2404 2536 2471 quod-postea

1468 2483 1767 2533 distinctius
1803 2483 2081 2545 annotabo,
2105 2484 2158 2531 in
2186 2482 2422 2532 omnibus
2446 2497 2535 2532 co-

1468 2559 1675 2609 dicibus
1699 2559 1830 2609 Mss.
1856 2566 1912 2609 et
1941 2561 1993 2608 in
2027 2559 2281 2608 nonnullis
2306 2561 2535 2624 antiquis

1467 2635 1756 2699 impressis,
1778 2635 2024 2685 desidero
2056 2637 2265 2685 ultimas
2289 2635 2422 2685 duas
2447 2650 2536 2706 yo-

1468 2725 1557 2760 ces
1590 2711 1742 2775 hujus
1772 2711 1995 2774 periodi,
2026 2716 2182 2760 tutum
2202 2710 2331 2771 suit·
2392 2711 2537 2761 Hinc

1468 2803 1656 2851 magna
1689 2788 1812 2837 mihi
1848 2788 2109 2837 suboritur
2136 2786 2379 2851 suspicio,
2398 2787 2536 2843 bunc

1470 2874 1637 2914 totum
1674 2866 1842 2914 locum
1878 2863 1929 2912 in
1955 2864 2083 2913 vitio
2106 2862 2316 2912 cubare.
2378 2863 2540 2915 Quod

1469 2941 1518 2990 si
1539 2956 1662 2991 vero
1685 2942 1847 2990 liceat
1871 2941 2130 3003 tantisper
2164 2939 2435 3001 indulgere
2458 2939 2537 2988 in·

1470 3019 1639 3081 genio,
1664 3031 1729 3065 ex
1756 3016 1835 3066 bis
1856 3015 1985 3078 ipsis
2010 3015 2243 3078 vestigiis
2267 3023 2534 3080 corruptae

1464 3095 1745 3157 scripturas
1768 3093 1901 3142 hunc
1937 3093 2103 3155 ipsum
2128 3092 2299 3142 locum
2323 3092 2375 3140 in
2398 3091 2537 3140 ordi-

1467 3184 1586 3222 nem
1632 3173 1868 3235 redigere
1908 3173 2082 3232 velim,
2115 3177 2175 3219 ut
2214 3184 2330 3219 cum
2374 3168 2536 3221 Plinii

1469 3251 1748 3309 sententia,
1771 3256 1826 3298 et
1845 3262 1962 3297 cum
1996 3248 2129 3296 illius
2156 3248 2403 3311 temporis
2425 3250 2537 3298 riti-

1469 3324 1587 3386 bus,
1610 3325 1792 3374 melius
1819 3330 2091 3387 congruat.
2158 3323 2244 3372 Sic
2265 3330 2440 3373 autem
2465 3326 2539 3373 le-

1470 3415 1596 3464 gere
1639 3401 1838 3465 gestioz
1900 3401 2112 3450 triduum
2151 3404 2307 3450 totum
2347 3408 2540 3451 senatus

1469 3477 1558 3526 sab
1581 3479 1792 3540 exemplo
1813 3477 1887 3524 tui
1917 3477 2078 3533 sulit,-
2110 3490 2216 3524 eam
2247 3476 2430 3526 interea
2462 3478 2540 3526 ui-

1471 3554 1545 3602 hil
1570 3559 1752 3617 praeter
1785 3553 2019 3601 consulem
2052 3566 2233 3612 ageres,
2264 3552 2318 3600 id
2346 3558 2438 3609 est,
2460 3556 2541 3601 in·

1470 3634 1760 3692 tes-rogares.
1819 3628 2049 3690 Quisque,
2072 3629 2193 3690 qued
2211 3627 2410 3688 placuit,
2430 3642 2539 3678 sen·

1471 3705 1584 3761 tire,
1603 3703 1871 3756 dissentire,
1892 3704 2146 3764 discedere,
2179 3706 2227 3750 et
2251 3705 2430 3765 copiam
2450 3703 2540 3764 ju·

1470 3781 1589 3829 dicia·
1610 3780 1687 3828 sui
1706 3778 2167 3842 reipublieoesucere.
2233 3778 2322 3827 Sic
2345 3779 2539 3831 ultimis

1469 3856 1705 3911 vocibus,
1728 3860 1885 3904 tutum
1908 3852 2036 3912 fuit,
2059 3866 2176 3915 quae
2211 3852 2265 3901 in
2299 3853 2538 3903 omnibus

1471 3931 1739 3981 codicibus
1757 3931 1882 3979 Mss.
1896 3927 2275 3986 desiderantur,
2290 3943 2392 4003 uon
2403 3938 2539 3992 'opus

1472 4017 1631 4064 esset,
1671 4021 1787 4056 cum
1826 4005 1915 4054 isti
1958 4003 2202 4066 infinitivi
2244 4005 2538 4069 verborum,

1473 4099 1570 4149 per
1602 4082 1987 4133 usitatissimam
2023 4079 2294 4143 enallagen
2318 4081 2541 4134 ,histori-

1472 4175 1610 4223 cam,
1648 4161 1764 4209 loco
1805 4157 2197 4206 indicativornm
2242 4156 2541 4221 imperfecti

1470 4238 1723 4301 temporis
1771 4240 2110 4299 ponerentur,
2152 4235 2297 4298 quasi
2341 4235 2540 4284 Plinius

1470 4306 1794 4380 scripsisset,
1809 4312 2037 4376 Quisque,
2053 4311 2177 4376 qaod
2202 4310 2404 4375 placuit,
2433 4319 2540 4363 sea-‘⁴
