<?xml version="1.0" encoding="UTF-8"?>
<!DOCTYPE html PUBLIC "-//W3C//DTD XHTML 1.0 Transitional//EN"
    "http://www.w3.org/TR/xhtml1/DTD/xhtml1-transitional.dtd">
<html xmlns="http://www.w3.org/1999/xhtml" xml:lang="en" lang="en">
 <head>
  <title>
</title>
<meta http-equiv="Content-Type" content="text/html;charset=utf-8" />
  <meta name='ocr-system' content='tesseract 3.04.00' />
  <meta name='ocr-capabilities' content='ocr_page ocr_carea ocr_par ocr_line ocrx_word'/>
</head>
<body>
  <div class='ocr_page' id='page_1' title='image "./panegyriciveter01unkngoog_0506.png"; bbox 0 0 3017 4942; ppageno 0'>
   <div class='ocr_carea' id='block_1_1' title="bbox 498 342 631 412">
    <p class='ocr_par' dir='ltr' id='par_1_1' title="bbox 498 342 631 412">
     <span class='ocr_line' id='line_1_1' title="bbox 498 342 631 412; baseline 0 0"><span class='ocrx_word' id='word_1_1' title='bbox 498 342 631 412; x_wconf 82' lang='grc'>896</span> 
     </span>
    </p>
   </div>
   <div class='ocr_carea' id='block_1_2' title="bbox 487 504 1564 4243">
    <p class='ocr_par' dir='ltr' id='par_1_2' title="bbox 503 504 1560 569">
     <span class='ocr_line' id='line_1_2' title="bbox 503 504 1560 569; baseline -0.004 -11"><span class='ocrx_word' id='word_1_2' title='bbox 503 506 659 558; x_wconf 86' lang='lat' dir='ltr'>Fabri</span> <span class='ocrx_word' id='word_1_3' title='bbox 674 505 799 569; x_wconf 78' lang='lat' dir='ltr'>filia,</span> <span class='ocrx_word' id='word_1_4' title='bbox 819 505 1071 558; x_wconf 80' lang='lat' dir='ltr'>Licinium</span> <span class='ocrx_word' id='word_1_5' title='bbox 1090 504 1225 557; x_wconf 79' lang='lat' dir='ltr'>hunc</span> <span class='ocrx_word' id='word_1_6' title='bbox 1240 507 1422 556; x_wconf 88' lang='lat' dir='ltr'>Suram</span> <span class='ocrx_word' id='word_1_7' title='bbox 1434 504 1560 556; x_wconf 76' lang='lat' dir='ltr'>&#39;l&#39;ra-</span> 
     </span>
    </p>

    <p class='ocr_par' dir='ltr' id='par_1_3' title="bbox 490 583 1564 1341">
     <span class='ocr_line' id='line_1_3' title="bbox 490 583 1560 650; baseline -0.003 -15"><span class='ocrx_word' id='word_1_8' title='bbox 490 587 651 650; x_wconf 85' lang='lat' dir='ltr'>janus</span> <span class='ocrx_word' id='word_1_9' title='bbox 686 585 891 634; x_wconf 87' lang='lat' dir='ltr'>demum</span> <span class='ocrx_word' id='word_1_10' title='bbox 931 598 1067 634; x_wconf 89' lang='lat' dir='ltr'>anno</span> <span class='ocrx_word' id='word_1_11' title='bbox 1101 585 1315 649; x_wconf 88' lang='lat' dir='ltr'>quincto</span> <span class='ocrx_word' id='word_1_12' title='bbox 1354 583 1560 646; x_wconf 84' lang='lat' dir='ltr'>imperii</span> 
     </span>
     <span class='ocr_line' id='line_1_4' title="bbox 498 660 1559 726; baseline -0.005 -14"><span class='ocrx_word' id='word_1_13' title='bbox 498 666 576 712; x_wconf 87' lang='lat' dir='ltr'>sni</span> <span class='ocrx_word' id='word_1_14' title='bbox 603 660 838 726; x_wconf 65' lang='lat' dir='ltr'>praefecit</span> <span class='ocrx_word' id='word_1_15' title='bbox 863 662 1141 724; x_wconf 75' lang='lat' dir='ltr'>proetori03</span> <span class='ocrx_word' id='word_1_16' title='bbox 1175 675 1292 711; x_wconf 88' lang='lat' dir='ltr'>cum</span> <span class='ocrx_word' id='word_1_17' title='bbox 1317 661 1559 722; x_wconf 74' lang='lat' dir='ltr'>Panegy-</span> 
     </span>
     <span class='ocr_line' id='line_1_5' title="bbox 499 736 1562 803; baseline -0.005 -15"><span class='ocrx_word' id='word_1_18' title='bbox 499 739 636 789; x_wconf 91' lang='lat' dir='ltr'>ricus</span> <span class='ocrx_word' id='word_1_19' title='bbox 649 739 758 803; x_wconf 86' lang='lat' dir='ltr'>jam</span> <span class='ocrx_word' id='word_1_20' title='bbox 797 752 932 787; x_wconf 90' lang='lat' dir='ltr'>anno</span> <span class='ocrx_word' id='word_1_21' title='bbox 967 737 1131 802; x_wconf 87' lang='lat' dir='ltr'>ipsius</span> <span class='ocrx_word' id='word_1_22' title='bbox 1162 736 1370 800; x_wconf 87' lang='lat' dir='ltr'>imperii</span> <span class='ocrx_word' id='word_1_23' title='bbox 1405 737 1562 785; x_wconf 86' lang='lat' dir='ltr'>tertio</span> 
     </span>
     <span class='ocr_line' id='line_1_6' title="bbox 496 814 1561 879; baseline -0.003 -15"><span class='ocrx_word' id='word_1_24' title='bbox 496 815 707 864; x_wconf 86' lang='lat' dir='ltr'>habitus</span> <span class='ocrx_word' id='word_1_25' title='bbox 728 822 888 864; x_wconf 86' lang='lat' dir='ltr'>esset.</span> <span class='ocrx_word' id='word_1_26' title='bbox 955 814 1143 879; x_wconf 78' lang='lat' dir='ltr'>Itaque</span> <span class='ocrx_word' id='word_1_27' title='bbox 1160 821 1250 863; x_wconf 84' lang='lat' dir='ltr'>aut</span> <span class='ocrx_word' id='word_1_28' title='bbox 1272 814 1402 863; x_wconf 86' lang='lat' dir='ltr'>alius</span> <span class='ocrx_word' id='word_1_29' title='bbox 1427 827 1561 878; x_wconf 74' lang='lat' dir='ltr'>prae-</span> 
     </span>
     <span class='ocr_line' id='line_1_7' title="bbox 496 889 1564 956; baseline -0.004 -13"><span class='ocrx_word' id='word_1_30' title='bbox 496 891 668 943; x_wconf 77' lang='lat' dir='ltr'>fectus</span> <span class='ocrx_word' id='word_1_31' title='bbox 702 890 1092 956; x_wconf 89' lang='lat' dir='ltr'>intelligendus,</span> <span class='ocrx_word' id='word_1_32' title='bbox 1117 890 1200 940; x_wconf 88' lang='lat' dir='ltr'>cui</span> <span class='ocrx_word' id='word_1_33' title='bbox 1241 889 1344 940; x_wconf 90' lang='lat' dir='ltr'>ista</span> <span class='ocrx_word' id='word_1_34' title='bbox 1370 889 1564 939; x_wconf 75' lang='lat' dir='ltr'>dixerit</span> 
     </span>
     <span class='ocr_line' id='line_1_8' title="bbox 493 967 1562 1034; baseline -0.005 -15"><span class='ocrx_word' id='word_1_35' title='bbox 493 970 781 1034; x_wconf 79' lang='lat' dir='ltr'>Trajanus;</span> <span class='ocrx_word' id='word_1_36' title='bbox 827 976 938 1031; x_wconf 87' lang='lat' dir='ltr'>aut,</span> <span class='ocrx_word' id='word_1_37' title='bbox 979 970 1116 1033; x_wconf 86' lang='lat' dir='ltr'>quod</span> <span class='ocrx_word' id='word_1_38' title='bbox 1150 982 1306 1031; x_wconf 81' lang='lat' dir='ltr'>supra</span> <span class='ocrx_word' id='word_1_39' title='bbox 1344 967 1562 1032; x_wconf 79' lang='lat' dir='ltr'>conjeci,</span> 
     </span>
     <span class='ocr_line' id='line_1_9' title="bbox 495 1045 1564 1110; baseline -0.003 -14"><span class='ocrx_word' id='word_1_40' title='bbox 495 1046 712 1109; x_wconf 77' lang='lat' dir='ltr'>factum,</span> <span class='ocrx_word' id='word_1_41' title='bbox 730 1046 869 1110; x_wconf 87' lang='lat' dir='ltr'>quod</span> <span class='ocrx_word' id='word_1_42' title='bbox 887 1047 1051 1096; x_wconf 85' lang='lat' dir='ltr'>altero</span> <span class='ocrx_word' id='word_1_43' title='bbox 1071 1045 1276 1094; x_wconf 87' lang='lat' dir='ltr'>demum</span> <span class='ocrx_word' id='word_1_44' title='bbox 1289 1059 1423 1094; x_wconf 88' lang='lat' dir='ltr'>anno</span> <span class='ocrx_word' id='word_1_45' title='bbox 1442 1051 1564 1109; x_wconf 86' lang='lat' dir='ltr'>post</span> 
     </span>
     <span class='ocr_line' id='line_1_10' title="bbox 496 1121 1563 1186; baseline -0.003 -14"><span class='ocrx_word' id='word_1_46' title='bbox 496 1122 882 1186; x_wconf 76' lang='lat' dir='ltr'><strong>Panegyricum</strong></span> <span class='ocrx_word' id='word_1_47' title='bbox 920 1122 1152 1172; x_wconf 83' lang='lat' dir='ltr'>habitum</span> <span class='ocrx_word' id='word_1_48' title='bbox 1191 1123 1428 1184; x_wconf 86' lang='lat' dir='ltr'>contigit,</span> <span class='ocrx_word' id='word_1_49' title='bbox 1461 1121 1563 1170; x_wconf 86' lang='lat' dir='ltr'>sal-</span> 
     </span>
     <span class='ocr_line' id='line_1_11' title="bbox 496 1198 1563 1263; baseline -0.002 -15"><span class='ocrx_word' id='word_1_50' title='bbox 496 1206 603 1248; x_wconf 87' lang='lat' dir='ltr'>tem</span> <span class='ocrx_word' id='word_1_51' title='bbox 620 1198 936 1263; x_wconf 83' lang='lat' dir='ltr'>postliminio</span> <span class='ocrx_word' id='word_1_52' title='bbox 951 1199 1190 1248; x_wconf 80' lang='lat' dir='ltr'>brevibus</span> <span class='ocrx_word' id='word_1_53' title='bbox 1207 1199 1380 1248; x_wconf 84' lang='lat' dir='ltr'>verbis</span> <span class='ocrx_word' id='word_1_54' title='bbox 1399 1199 1563 1248; x_wconf 89' lang='lat' dir='ltr'>inser-</span> 
     </span>
     <span class='ocr_line' id='line_1_12' title="bbox 497 1276 1271 1341; baseline -0.003 -16"><span class='ocrx_word' id='word_1_55' title='bbox 497 1283 609 1326; x_wconf 88' lang='lat' dir='ltr'>tum</span> <span class='ocrx_word' id='word_1_56' title='bbox 633 1284 714 1326; x_wconf 88' lang='lat' dir='ltr'>est</span> <span class='ocrx_word' id='word_1_57' title='bbox 737 1276 1086 1341; x_wconf 77' lang='lat' dir='ltr'>Panegyrico.</span> <span class='ocrx_word' id='word_1_58' title='bbox 1118 1276 1271 1326; x_wconf 71' lang='lat' dir='ltr'>Idem.</span> 
     </span>
    </p>

    <p class='ocr_par' dir='ltr' id='par_1_4' title="bbox 487 1338 1564 3938">
     <span class='ocr_line' id='line_1_13' title="bbox 564 1338 1561 1416; baseline 0.002 -15"><span class='ocrx_word' id='word_1_59' title='bbox 564 1352 771 1415; x_wconf 78' lang='lat' dir='ltr'>Agitare</span> <span class='ocrx_word' id='word_1_60' title='bbox 802 1368 960 1403; x_wconf 77' lang='lat' dir='ltr'>secum</span> <span class='ocrx_word' id='word_1_61' title='bbox 992 1338 1207 1416; x_wconf 70' lang='lat' dir='ltr'>videtur]</span> <span class='ocrx_word' id='word_1_62' title='bbox 1241 1351 1422 1403; x_wconf 82' lang='lat' dir='ltr'>Codex</span> <span class='ocrx_word' id='word_1_63' title='bbox 1457 1353 1561 1403; x_wconf 85' lang='lat' dir='ltr'>Pa-</span> 
     </span>
     <span class='ocr_line' id='line_1_14' title="bbox 498 1427 1564 1493; baseline 0.002 -17"><span class='ocrx_word' id='word_1_64' title='bbox 498 1427 588 1476; x_wconf 79' lang='lat' dir='ltr'>ris.</span> <span class='ocrx_word' id='word_1_65' title='bbox 612 1443 707 1491; x_wconf 86' lang='lat' dir='ltr'>pro</span> <span class='ocrx_word' id='word_1_66' title='bbox 726 1431 935 1493; x_wconf 76' lang='lat' dir='ltr'>agitare,</span> <span class='ocrx_word' id='word_1_67' title='bbox 968 1427 1133 1478; x_wconf 78' lang='lat' dir='ltr'>refert</span> <span class='ocrx_word' id='word_1_68' title='bbox 1166 1428 1395 1491; x_wconf 75' lang='lat' dir='ltr'>agitasse.</span> <span class='ocrx_word' id='word_1_69' title='bbox 1459 1428 1564 1478; x_wconf 89' lang='lat' dir='ltr'>Co-</span> 
     </span>
     <span class='ocr_line' id='line_1_15' title="bbox 496 1503 1561 1568; baseline 0.001 -15"><span class='ocrx_word' id='word_1_70' title='bbox 496 1504 600 1554; x_wconf 87' lang='lat' dir='ltr'>dex</span> <span class='ocrx_word' id='word_1_71' title='bbox 623 1503 1028 1566; x_wconf 82' lang='lat' dir='ltr'>Salisburgensis</span> <span class='ocrx_word' id='word_1_72' title='bbox 1070 1513 1124 1556; x_wconf 85' lang='lat' dir='ltr'>et</span> <span class='ocrx_word' id='word_1_73' title='bbox 1157 1520 1321 1568; x_wconf 87' lang='lat' dir='ltr'>meus,</span> <span class='ocrx_word' id='word_1_74' title='bbox 1358 1519 1451 1568; x_wconf 85' lang='lat' dir='ltr'>pro</span> <span class='ocrx_word' id='word_1_75' title='bbox 1484 1507 1561 1554; x_wconf 79' lang='lat' dir='ltr'>oi-</span> 
     </span>
     <span class='ocr_line' id='line_1_16' title="bbox 495 1580 1564 1644; baseline 0.001 -13"><span class='ocrx_word' id='word_1_76' title='bbox 495 1580 657 1644; x_wconf 76' lang='lat' dir='ltr'>detur‚</span> <span class='ocrx_word' id='word_1_77' title='bbox 689 1581 885 1633; x_wconf 84' lang='lat' dir='ltr'>babent</span> <span class='ocrx_word' id='word_1_78' title='bbox 919 1582 1182 1633; x_wconf 76' lang='lat' dir='ltr'>videretur.</span> <span class='ocrx_word' id='word_1_79' title='bbox 1246 1582 1430 1633; x_wconf 80' lang='lat' dir='ltr'>Codex</span> <span class='ocrx_word' id='word_1_80' title='bbox 1463 1584 1564 1632; x_wconf 83' lang='lat' dir='ltr'>Pa·</span> 
     </span>
     <span class='ocr_line' id='line_1_17' title="bbox 495 1644 1561 1724; baseline 0.004 -18"><span class='ocrx_word' id='word_1_81' title='bbox 495 1657 700 1708; x_wconf 83' lang='lat' dir='ltr'>tavinus</span> <span class='ocrx_word' id='word_1_82' title='bbox 725 1667 776 1708; x_wconf 87' lang='lat' dir='ltr'>et</span> <span class='ocrx_word' id='word_1_83' title='bbox 803 1659 936 1708; x_wconf 85' lang='lat' dir='ltr'>liber</span> <span class='ocrx_word' id='word_1_84' title='bbox 955 1659 1260 1719; x_wconf 83' lang='lat' dir='ltr'>Vossianus,</span> <span class='ocrx_word' id='word_1_85' title='bbox 1289 1673 1386 1724; x_wconf 87' lang='lat' dir='ltr'>pro</span> <span class='ocrx_word' id='word_1_86' title='bbox 1426 1644 1561 1710; x_wconf 67' lang='lat' dir='ltr'>voci-</span> 
     </span>
     <span class='ocr_line' id='line_1_18' title="bbox 495 1733 1561 1800; baseline 0.002 -16"><span class='ocrx_word' id='word_1_87' title='bbox 495 1733 594 1784; x_wconf 88' lang='lat' dir='ltr'>bus</span> <span class='ocrx_word' id='word_1_88' title='bbox 629 1751 819 1785; x_wconf 78' lang='lat' dir='ltr'>monum</span> <span class='ocrx_word' id='word_1_89' title='bbox 852 1737 1055 1792; x_wconf 78' lang='lat' dir='ltr'>armavi,</span> <span class='ocrx_word' id='word_1_90' title='bbox 1092 1751 1270 1800; x_wconf 86' lang='lat' dir='ltr'>parum</span> <span class='ocrx_word' id='word_1_91' title='bbox 1308 1744 1432 1800; x_wconf 86' lang='lat' dir='ltr'>apte</span> <span class='ocrx_word' id='word_1_92' title='bbox 1471 1737 1561 1786; x_wconf 81' lang='lat' dir='ltr'>ha·</span> 
     </span>
     <span class='ocr_line' id='line_1_19' title="bbox 494 1810 1561 1876; baseline 0.001 -15"><span class='ocrx_word' id='word_1_93' title='bbox 494 1810 621 1861; x_wconf 86' lang='lat' dir='ltr'>bent</span> <span class='ocrx_word' id='word_1_94' title='bbox 643 1811 852 1860; x_wconf 81' lang='lat' dir='ltr'>animum</span> <span class='ocrx_word' id='word_1_95' title='bbox 870 1812 1069 1861; x_wconf 76' lang='lat' dir='ltr'>armavi.</span> <span class='ocrx_word' id='word_1_96' title='bbox 1128 1813 1311 1863; x_wconf 81' lang='lat' dir='ltr'>Codex</span> <span class='ocrx_word' id='word_1_97' title='bbox 1334 1812 1561 1876; x_wconf 86' lang='lat' dir='ltr'>denique</span> 
     </span>
     <span class='ocr_line' id='line_1_20' title="bbox 494 1887 1560 1952; baseline 0.002 -17"><span class='ocrx_word' id='word_1_98' title='bbox 494 1900 642 1936; x_wconf 87' lang='lat' dir='ltr'>meus</span> <span class='ocrx_word' id='word_1_99' title='bbox 666 1888 775 1936; x_wconf 84' lang='lat' dir='ltr'>haec</span> <span class='ocrx_word' id='word_1_100' title='bbox 809 1887 988 1952; x_wconf 84' lang='lat' dir='ltr'>verba,</span> <span class='ocrx_word' id='word_1_101' title='bbox 1020 1889 1102 1937; x_wconf 81' lang='lat' dir='ltr'>sed</span> <span class='ocrx_word' id='word_1_102' title='bbox 1131 1903 1192 1937; x_wconf 77' lang='lat' dir='ltr'>ue</span> <span class='ocrx_word' id='word_1_103' title='bbox 1212 1889 1423 1937; x_wconf 80' lang='lat' dir='ltr'><strong><em>Deorum</em></strong></span> <span class='ocrx_word' id='word_1_104' title='bbox 1454 1888 1560 1952; x_wconf 77' lang='lat' dir='ltr'>qui-</span> 
     </span>
     <span class='ocr_line' id='line_1_21' title="bbox 491 1963 1561 2028; baseline 0.004 -17"><span class='ocrx_word' id='word_1_105' title='bbox 491 1963 600 2012; x_wconf 80' lang='lat' dir='ltr'>dem</span> <span class='ocrx_word' id='word_1_106' title='bbox 618 1969 704 2013; x_wconf 76' lang='lat' dir='ltr'>aut</span> <span class='ocrx_word' id='word_1_107' title='bbox 724 1965 868 2025; x_wconf 77' lang='lat' dir='ltr'>iram,</span> <span class='ocrx_word' id='word_1_108' title='bbox 894 1969 981 2014; x_wconf 77' lang='lat' dir='ltr'>out</span> <span class='ocrx_word' id='word_1_109' title='bbox 1009 1965 1370 2028; x_wconf 71' lang='lat' dir='ltr'><strong><em>negligentiam,</em></strong></span> <span class='ocrx_word' id='word_1_110' title='bbox 1395 1967 1561 2027; x_wconf 83' lang='lat' dir='ltr'>depre-</span> 
     </span>
     <span class='ocr_line' id='line_1_22' title="bbox 490 2041 1558 2104; baseline 0.003 -17"><span class='ocrx_word' id='word_1_111' title='bbox 490 2055 589 2096; x_wconf 79' lang='lat' dir='ltr'>cor,</span> <span class='ocrx_word' id='word_1_112' title='bbox 612 2042 687 2090; x_wconf 86' lang='lat' dir='ltr'>sic</span> <span class='ocrx_word' id='word_1_113' title='bbox 712 2041 951 2090; x_wconf 89' lang='lat' dir='ltr'>mutilata</span> <span class='ocrx_word' id='word_1_114' title='bbox 976 2056 1037 2089; x_wconf 85' lang='lat' dir='ltr'>ac</span> <span class='ocrx_word' id='word_1_115' title='bbox 1059 2050 1305 2104; x_wconf 84' lang='lat' dir='ltr'>corrupta</span> <span class='ocrx_word' id='word_1_116' title='bbox 1327 2041 1558 2104; x_wconf 78' lang='lat' dir='ltr'>exhibet,</span> 
     </span>
     <span class='ocr_line' id='line_1_23' title="bbox 492 2117 1559 2181; baseline 0.004 -17"><span class='ocrx_word' id='word_1_117' title='bbox 492 2118 575 2164; x_wconf 81' lang='lat' dir='ltr'>sed</span> <span class='ocrx_word' id='word_1_118' title='bbox 596 2117 809 2169; x_wconf 79' lang='lat' dir='ltr'>Deorum</span> <span class='ocrx_word' id='word_1_119' title='bbox 825 2117 1012 2180; x_wconf 77' lang='lat' dir='ltr'>quidem</span> <span class='ocrx_word' id='word_1_120' title='bbox 1027 2117 1150 2166; x_wconf 79' lang='lat' dir='ltr'>iram</span> <span class='ocrx_word' id='word_1_121' title='bbox 1162 2119 1399 2181; x_wconf 81' lang='lat' dir='ltr'>deprecor.</span> <span class='ocrx_word' id='word_1_122' title='bbox 1421 2119 1559 2168; x_wconf 83' lang='lat' dir='ltr'>Ean·</span> 
     </span>
     <span class='ocr_line' id='line_1_24' title="bbox 494 2193 1561 2258; baseline 0.002 -18"><span class='ocrx_word' id='word_1_123' title='bbox 494 2193 612 2241; x_wconf 89' lang='lat' dir='ltr'>dem</span> <span class='ocrx_word' id='word_1_124' title='bbox 637 2195 987 2258; x_wconf 79' lang='lat' dir='ltr'>corruptelam</span> <span class='ocrx_word' id='word_1_125' title='bbox 1018 2194 1176 2243; x_wconf 89' lang='lat' dir='ltr'>etiam</span> <span class='ocrx_word' id='word_1_126' title='bbox 1210 2194 1377 2244; x_wconf 86' lang='lat' dir='ltr'>codex</span> <span class='ocrx_word' id='word_1_127' title='bbox 1401 2196 1561 2244; x_wconf 88' lang='lat' dir='ltr'>Salis-</span> 
     </span>
     <span class='ocr_line' id='line_1_25' title="bbox 496 2269 1560 2334; baseline 0.003 -18"><span class='ocrx_word' id='word_1_128' title='bbox 496 2269 762 2331; x_wconf 78' lang='lat' dir='ltr'>burgensis</span> <span class='ocrx_word' id='word_1_129' title='bbox 807 2284 838 2318; x_wconf 90' lang='lat' dir='ltr'>a</span> <span class='ocrx_word' id='word_1_130' title='bbox 883 2271 1048 2332; x_wconf 84' lang='lat' dir='ltr'>prima</span> <span class='ocrx_word' id='word_1_131' title='bbox 1087 2284 1242 2319; x_wconf 87' lang='lat' dir='ltr'>manu</span> <span class='ocrx_word' id='word_1_132' title='bbox 1291 2269 1560 2334; x_wconf 86' lang='lat' dir='ltr'>prodidit;</span> 
     </span>
     <span class='ocr_line' id='line_1_26' title="bbox 493 2345 1561 2410; baseline 0.001 -15"><span class='ocrx_word' id='word_1_133' title='bbox 493 2359 648 2409; x_wconf 87' lang='lat' dir='ltr'>quam</span> <span class='ocrx_word' id='word_1_134' title='bbox 673 2358 796 2394; x_wconf 77' lang='lat' dir='ltr'>vero</span> <span class='ocrx_word' id='word_1_135' title='bbox 817 2346 1073 2410; x_wconf 76' lang='lat' dir='ltr'>posterior</span> <span class='ocrx_word' id='word_1_136' title='bbox 1106 2345 1343 2410; x_wconf 65' lang='lat' dir='ltr'>quadam</span> <span class='ocrx_word' id='word_1_137' title='bbox 1377 2361 1561 2396; x_wconf 87' lang='lat' dir='ltr'>manus</span> 
     </span>
     <span class='ocr_line' id='line_1_27' title="bbox 493 2422 1559 2488; baseline 0.003 -17"><span class='ocrx_word' id='word_1_138' title='bbox 493 2422 808 2474; x_wconf 78' lang='lat' dir='ltr'>emendavit.</span> <span class='ocrx_word' id='word_1_139' title='bbox 874 2422 979 2474; x_wconf 85' lang='lat' dir='ltr'>Sed</span> <span class='ocrx_word' id='word_1_140' title='bbox 1014 2437 1184 2488; x_wconf 89' lang='lat' dir='ltr'>neque</span> <span class='ocrx_word' id='word_1_141' title='bbox 1209 2424 1429 2473; x_wconf 85' lang='lat' dir='ltr'>Bebrius</span> <span class='ocrx_word' id='word_1_142' title='bbox 1451 2424 1559 2474; x_wconf 83' lang='lat' dir='ltr'>Ge·</span> 
     </span>
     <span class='ocr_line' id='line_1_28' title="bbox 492 2497 1561 2551; baseline 0.005 -5"><span class='ocrx_word' id='word_1_143' title='bbox 492 2497 736 2549; x_wconf 84' lang='lat' dir='ltr'>daneusis</span> <span class='ocrx_word' id='word_1_144' title='bbox 754 2500 934 2550; x_wconf 86' lang='lat' dir='ltr'>horum</span> <span class='ocrx_word' id='word_1_145' title='bbox 951 2501 1223 2548; x_wconf 80' lang='lat' dir='ltr'>verborum</span> <span class='ocrx_word' id='word_1_146' title='bbox 1247 2500 1561 2551; x_wconf 82' lang='lat' dir='ltr'>sententiam</span> 
     </span>
     <span class='ocr_line' id='line_1_29' title="bbox 492 2576 1561 2641; baseline 0.004 -19"><span class='ocrx_word' id='word_1_147' title='bbox 492 2576 617 2624; x_wconf 78' lang='lat' dir='ltr'>satis</span> <span class='ocrx_word' id='word_1_148' title='bbox 646 2578 943 2641; x_wconf 68' lang='lat' dir='ltr'>percepisse</span> <span class='ocrx_word' id='word_1_149' title='bbox 977 2576 1199 2638; x_wconf 84' lang='lat' dir='ltr'>videtur,</span> <span class='ocrx_word' id='word_1_150' title='bbox 1232 2589 1348 2625; x_wconf 88' lang='lat' dir='ltr'>cnm</span> <span class='ocrx_word' id='word_1_151' title='bbox 1387 2590 1449 2625; x_wconf 87' lang='lat' dir='ltr'>ea</span> <span class='ocrx_word' id='word_1_152' title='bbox 1485 2578 1561 2626; x_wconf 88' lang='lat' dir='ltr'>sic</span> 
     </span>
     <span class='ocr_line' id='line_1_30' title="bbox 492 2652 1561 2715; baseline -0.001 -13"><span class='ocrx_word' id='word_1_153' title='bbox 492 2653 806 2715; x_wconf 86' lang='lat' dir='ltr'>corrigenda</span> <span class='ocrx_word' id='word_1_154' title='bbox 828 2652 1107 2714; x_wconf 74' lang='lat' dir='ltr'>censuerit,</span> <span class='ocrx_word' id='word_1_155' title='bbox 1138 2652 1239 2701; x_wconf 83' lang='lat' dir='ltr'>Sed</span> <span class='ocrx_word' id='word_1_156' title='bbox 1270 2667 1331 2702; x_wconf 80' lang='lat' dir='ltr'>ne</span> <span class='ocrx_word' id='word_1_157' title='bbox 1347 2652 1561 2701; x_wconf 77' lang='lat' dir='ltr'>Deorum</span> 
     </span>
     <span class='ocr_line' id='line_1_31' title="bbox 492 2714 1559 2792; baseline 0.001 -15"><span class='ocrx_word' id='word_1_158' title='bbox 492 2729 683 2792; x_wconf 79' lang='lat' dir='ltr'>quidem</span> <span class='ocrx_word' id='word_1_159' title='bbox 716 2732 802 2778; x_wconf 72' lang='lat' dir='ltr'>aut</span> <span class='ocrx_word' id='word_1_160' title='bbox 844 2730 970 2778; x_wconf 73' lang='lat' dir='ltr'>irum</span> <span class='ocrx_word' id='word_1_161' title='bbox 1004 2730 1242 2792; x_wconf 77' lang='lat' dir='ltr'>deprecor,</span> <span class='ocrx_word' id='word_1_162' title='bbox 1278 2714 1364 2779; x_wconf 68' lang='lat' dir='ltr'>dut</span> <span class='ocrx_word' id='word_1_163' title='bbox 1406 2730 1559 2790; x_wconf 77' lang='lat' dir='ltr'>negli-</span> 
     </span>
     <span class='ocr_line' id='line_1_32' title="bbox 487 2806 1561 2871; baseline 0 -16"><span class='ocrx_word' id='word_1_164' title='bbox 487 2807 705 2868; x_wconf 77' lang='lat' dir='ltr'>gentium</span> <span class='ocrx_word' id='word_1_165' title='bbox 735 2820 917 2871; x_wconf 81' lang='lat' dir='ltr'>precor.</span> <span class='ocrx_word' id='word_1_166' title='bbox 982 2806 1048 2855; x_wconf 87' lang='lat' dir='ltr'>Id</span> <span class='ocrx_word' id='word_1_167' title='bbox 1085 2806 1258 2869; x_wconf 89' lang='lat' dir='ltr'>potius</span> <span class='ocrx_word' id='word_1_168' title='bbox 1297 2806 1458 2855; x_wconf 79' lang='lat' dir='ltr'>voluit</span> <span class='ocrx_word' id='word_1_169' title='bbox 1481 2807 1561 2855; x_wconf 87' lang='lat' dir='ltr'>di·</span> 
     </span>
     <span class='ocr_line' id='line_1_33' title="bbox 492 2883 1560 2947; baseline 0.001 -15"><span class='ocrx_word' id='word_1_170' title='bbox 492 2896 617 2932; x_wconf 87' lang='lat' dir='ltr'>cere</span> <span class='ocrx_word' id='word_1_171' title='bbox 638 2883 921 2947; x_wconf 80' lang='lat' dir='ltr'>Trajanns:</span> <span class='ocrx_word' id='word_1_172' title='bbox 959 2884 1088 2947; x_wconf 85' lang='lat' dir='ltr'>Ego.</span> <span class='ocrx_word' id='word_1_173' title='bbox 1109 2883 1150 2933; x_wconf 82' lang='lat' dir='ltr'>si</span> <span class='ocrx_word' id='word_1_174' title='bbox 1170 2883 1396 2933; x_wconf 86' lang='lat' dir='ltr'>omnium</span> <span class='ocrx_word' id='word_1_175' title='bbox 1420 2885 1560 2933; x_wconf 87' lang='lat' dir='ltr'>utili·</span> 
     </span>
     <span class='ocr_line' id='line_1_34' title="bbox 493 2960 1562 3024; baseline 0.002 -17"><span class='ocrx_word' id='word_1_176' title='bbox 493 2965 575 3008; x_wconf 86' lang='lat' dir='ltr'>tas</span> <span class='ocrx_word' id='word_1_177' title='bbox 598 2960 676 3008; x_wconf 84' lang='lat' dir='ltr'>ita</span> <span class='ocrx_word' id='word_1_178' title='bbox 706 2966 907 3023; x_wconf 86' lang='lat' dir='ltr'>poscat,</span> <span class='ocrx_word' id='word_1_179' title='bbox 941 2967 1052 3024; x_wconf 90' lang='lat' dir='ltr'>aut,</span> <span class='ocrx_word' id='word_1_180' title='bbox 1085 2960 1130 3009; x_wconf 86' lang='lat' dir='ltr'>si</span> <span class='ocrx_word' id='word_1_181' title='bbox 1166 2962 1300 3010; x_wconf 86' lang='lat' dir='ltr'>male</span> <span class='ocrx_word' id='word_1_182' title='bbox 1336 2961 1562 3024; x_wconf 88' lang='lat' dir='ltr'>impera-</span> 
     </span>
     <span class='ocr_line' id='line_1_35' title="bbox 491 3035 1559 3102; baseline 0.003 -18"><span class='ocrx_word' id='word_1_183' title='bbox 491 3049 639 3096; x_wconf 80' lang='lat' dir='ltr'>vere,</span> <span class='ocrx_word' id='word_1_184' title='bbox 673 3050 738 3086; x_wconf 85' lang='lat' dir='ltr'>ne</span> <span class='ocrx_word' id='word_1_185' title='bbox 774 3035 980 3102; x_wconf 89' lang='lat' dir='ltr'>quidem</span> <span class='ocrx_word' id='word_1_186' title='bbox 1012 3050 1193 3097; x_wconf 88' lang='lat' dir='ltr'>renuo,</span> <span class='ocrx_word' id='word_1_187' title='bbox 1226 3051 1285 3087; x_wconf 90' lang='lat' dir='ltr'>ac</span> <span class='ocrx_word' id='word_1_188' title='bbox 1315 3037 1559 3102; x_wconf 73' lang='lat' dir='ltr'>precibus</span> 
     </span>
     <span class='ocr_line' id='line_1_36' title="bbox 493 3111 1560 3171; baseline 0.003 -13"><span class='ocrx_word' id='word_1_189' title='bbox 493 3120 733 3161; x_wconf 86' lang='lat' dir='ltr'>avertere</span> <span class='ocrx_word' id='word_1_190' title='bbox 767 3111 925 3171; x_wconf 86' lang='lat' dir='ltr'>nitor,</span> <span class='ocrx_word' id='word_1_191' title='bbox 957 3117 1017 3161; x_wconf 90' lang='lat' dir='ltr'>ut</span> <span class='ocrx_word' id='word_1_192' title='bbox 1053 3113 1140 3163; x_wconf 88' lang='lat' dir='ltr'>Dii</span> <span class='ocrx_word' id='word_1_193' title='bbox 1174 3112 1297 3161; x_wconf 86' lang='lat' dir='ltr'>mihi</span> <span class='ocrx_word' id='word_1_194' title='bbox 1335 3113 1560 3163; x_wconf 87' lang='lat' dir='ltr'>irascan-</span> 
     </span>
     <span class='ocr_line' id='line_1_37' title="bbox 492 3188 1559 3253; baseline 0.003 -18"><span class='ocrx_word' id='word_1_195' title='bbox 492 3191 600 3246; x_wconf 90' lang='lat' dir='ltr'>tur,</span> <span class='ocrx_word' id='word_1_196' title='bbox 621 3195 712 3235; x_wconf 91' lang='lat' dir='ltr'>aut</span> <span class='ocrx_word' id='word_1_197' title='bbox 745 3201 825 3236; x_wconf 88' lang='lat' dir='ltr'>me</span> <span class='ocrx_word' id='word_1_198' title='bbox 855 3188 1141 3253; x_wconf 83' lang='lat' dir='ltr'>negligant.</span> <span class='ocrx_word' id='word_1_199' title='bbox 1163 3204 1395 3252; x_wconf 81' lang='lat' dir='ltr'>meaeque</span> <span class='ocrx_word' id='word_1_200' title='bbox 1424 3189 1559 3239; x_wconf 88' lang='lat' dir='ltr'>salu-</span> 
     </span>
     <span class='ocr_line' id='line_1_38' title="bbox 492 3261 1561 3316; baseline 0.004 -4"><span class='ocrx_word' id='word_1_201' title='bbox 492 3261 562 3312; x_wconf 85' lang='lat' dir='ltr'>tis</span> <span class='ocrx_word' id='word_1_202' title='bbox 617 3262 808 3310; x_wconf 88' lang='lat' dir='ltr'>nullam</span> <span class='ocrx_word' id='word_1_203' title='bbox 858 3263 1085 3313; x_wconf 84' lang='lat' dir='ltr'>babeant</span> <span class='ocrx_word' id='word_1_204' title='bbox 1131 3266 1405 3315; x_wconf 84' lang='lat' dir='ltr'>rationem.</span> <span class='ocrx_word' id='word_1_205' title='bbox 1471 3267 1561 3316; x_wconf 88' lang='lat' dir='ltr'>Sic</span> 
     </span>
     <span class='ocr_line' id='line_1_39' title="bbox 490 3338 1559 3408; baseline 0.006 -22"><span class='ocrx_word' id='word_1_206' title='bbox 490 3352 617 3388; x_wconf 86' lang='lat' dir='ltr'>vero</span> <span class='ocrx_word' id='word_1_207' title='bbox 634 3338 922 3401; x_wconf 80' lang='lat' dir='ltr'>Epicuraeis</span> <span class='ocrx_word' id='word_1_208' title='bbox 943 3341 1084 3388; x_wconf 88' lang='lat' dir='ltr'>Dens</span> <span class='ocrx_word' id='word_1_209' title='bbox 1103 3340 1375 3391; x_wconf 80' lang='lat' dir='ltr'>dicebatur</span> <span class='ocrx_word' id='word_1_210' title='bbox 1399 3350 1414 3373; x_wconf 76' lang='lat'><strong><em>⁴</em></strong></span> <span class='ocrx_word' id='word_1_211' title='bbox 1433 3358 1559 3408; x_wconf 86' lang='lat' dir='ltr'>neg·</span> 
     </span>
     <span class='ocr_line' id='line_1_40' title="bbox 489 3414 1559 3480; baseline 0.006 -16"><span class='ocrx_word' id='word_1_212' title='bbox 489 3416 654 3480; x_wconf 89' lang='lat' dir='ltr'>ligere</span> <span class='ocrx_word' id='word_1_213' title='bbox 687 3414 960 3478; x_wconf 84' lang='lat' dir='ltr'>homines,&#39;</span> <span class='ocrx_word' id='word_1_214' title='bbox 982 3432 1199 3480; x_wconf 87' lang='lat' dir='ltr'>quorum</span> <span class='ocrx_word' id='word_1_215' title='bbox 1224 3433 1340 3469; x_wconf 88' lang='lat' dir='ltr'>eum</span> <span class='ocrx_word' id='word_1_216' title='bbox 1363 3422 1559 3472; x_wconf 89' lang='lat' dir='ltr'>nullam</span> 
     </span>
     <span class='ocr_line' id='line_1_41' title="bbox 492 3492 1558 3560; baseline 0.004 -17"><span class='ocrx_word' id='word_1_217' title='bbox 492 3507 674 3543; x_wconf 86' lang='lat' dir='ltr'>curam</span> <span class='ocrx_word' id='word_1_218' title='bbox 714 3492 908 3542; x_wconf 79' lang='lat' dir='ltr'>habere</span> <span class='ocrx_word' id='word_1_219' title='bbox 962 3495 1332 3556; x_wconf 81' lang='lat' dir='ltr'>opinabantur.</span> <span class='ocrx_word' id='word_1_220' title='bbox 1400 3497 1558 3560; x_wconf 83' lang='lat' dir='ltr'>Apud</span> 
     </span>
     <span class='ocr_line' id='line_1_42' title="bbox 492 3568 1561 3624; baseline 0.004 -5"><span class='ocrx_word' id='word_1_221' title='bbox 492 3569 677 3620; x_wconf 86' lang='lat' dir='ltr'>Seuec.</span> <span class='ocrx_word' id='word_1_222' title='bbox 719 3569 786 3619; x_wconf 86' lang='lat' dir='ltr'>de</span> <span class='ocrx_word' id='word_1_223' title='bbox 827 3568 1019 3621; x_wconf 79' lang='lat' dir='ltr'>Benef.</span> <span class='ocrx_word' id='word_1_224' title='bbox 1056 3584 1137 3620; x_wconf 79' lang='grc' dir='ltr'>ιν.</span> <span class='ocrx_word' id='word_1_225' title='bbox 1172 3576 1222 3621; x_wconf 81' lang='grc'>4.</span> <span class='ocrx_word' id='word_1_226' title='bbox 1270 3573 1426 3623; x_wconf 77' lang='lat' dir='ltr'>‘Non</span> <span class='ocrx_word' id='word_1_227' title='bbox 1467 3575 1561 3624; x_wconf 86' lang='lat' dir='ltr'>dat</span> 
     </span>
     <span class='ocr_line' id='line_1_43' title="bbox 493 3646 1560 3714; baseline 0.004 -18"><span class='ocrx_word' id='word_1_228' title='bbox 493 3646 674 3712; x_wconf 86' lang='lat' dir='ltr'>Deus,’</span> <span class='ocrx_word' id='word_1_229' title='bbox 708 3646 877 3711; x_wconf 87' lang='lat' dir='ltr'>inquit</span> <span class='ocrx_word' id='word_1_230' title='bbox 916 3647 1193 3713; x_wconf 76' lang='lat' dir='ltr'>Epicurus,</span> <span class='ocrx_word' id='word_1_231' title='bbox 1231 3650 1249 3678; x_wconf 89' lang='lat'>‘</span> <span class='ocrx_word' id='word_1_232' title='bbox 1276 3649 1560 3714; x_wconf 84' lang='lat' dir='ltr'>beneficia;</span> 
     </span>
     <span class='ocr_line' id='line_1_44' title="bbox 489 3724 1559 3789; baseline 0.004 -17"><span class='ocrx_word' id='word_1_233' title='bbox 489 3724 581 3772; x_wconf 89' lang='lat' dir='ltr'>sed</span> <span class='ocrx_word' id='word_1_234' title='bbox 638 3738 869 3788; x_wconf 86' lang='lat' dir='ltr'>securus,</span> <span class='ocrx_word' id='word_1_235' title='bbox 928 3731 985 3773; x_wconf 90' lang='lat' dir='ltr'>et</span> <span class='ocrx_word' id='word_1_236' title='bbox 1045 3725 1316 3788; x_wconf 79' lang='lat' dir='ltr'>negligens</span> <span class='ocrx_word' id='word_1_237' title='bbox 1371 3729 1559 3789; x_wconf 84' lang='lat' dir='ltr'>nostri,</span> 
     </span>
     <span class='ocr_line' id='line_1_45' title="bbox 491 3799 1556 3865; baseline 0.006 -18"><span class='ocrx_word' id='word_1_238' title='bbox 491 3814 702 3849; x_wconf 77' lang='lat' dir='ltr'>aversus</span> <span class='ocrx_word' id='word_1_239' title='bbox 726 3815 757 3848; x_wconf 89' lang='lat' dir='ltr'>a</span> <span class='ocrx_word' id='word_1_240' title='bbox 777 3800 991 3862; x_wconf 87' lang='lat' dir='ltr'>mundo,</span> <span class='ocrx_word' id='word_1_241' title='bbox 1019 3799 1160 3850; x_wconf 80' lang='lat' dir='ltr'>aliud</span> <span class='ocrx_word' id='word_1_242' title='bbox 1198 3801 1326 3865; x_wconf 77' lang='lat' dir='ltr'>agit,</span> <span class='ocrx_word' id='word_1_243' title='bbox 1356 3811 1448 3853; x_wconf 80' lang='lat' dir='ltr'>aut</span> <span class='ocrx_word' id='word_1_244' title='bbox 1482 3805 1556 3853; x_wconf 86' lang='lat' dir='ltr'>ni·</span> 
     </span>
     <span class='ocr_line' id='line_1_46' title="bbox 490 3873 1039 3938; baseline 0.004 -15"><span class='ocrx_word' id='word_1_245' title='bbox 490 3873 563 3924; x_wconf 85' lang='lat' dir='ltr'>hil</span> <span class='ocrx_word' id='word_1_246' title='bbox 589 3874 737 3938; x_wconf 87' lang='lat' dir='ltr'>agit,’</span> <span class='ocrx_word' id='word_1_247' title='bbox 755 3877 853 3925; x_wconf 71' lang='grc' dir='ltr'>ὅτε.</span> <span class='ocrx_word' id='word_1_248' title='bbox 887 3876 1039 3925; x_wconf 81' lang='lat' dir='ltr'>Idem.</span> 
     </span>
    </p>

    <p class='ocr_par' dir='ltr' id='par_1_5' title="bbox 492 3951 1559 4243">
     <span class='ocr_line' id='line_1_47' title="bbox 560 3951 1558 4015; baseline 0.004 -15"><span class='ocrx_word' id='word_1_249' title='bbox 560 3951 794 4012; x_wconf 77' lang='lat' dir='ltr'>Proefecti</span> <span class='ocrx_word' id='word_1_250' title='bbox 829 3951 1043 4015; x_wconf 76' lang='lat' dir='ltr'>manum]</span> <span class='ocrx_word' id='word_1_251' title='bbox 1088 3951 1373 4002; x_wconf 77' lang='lat' dir='ltr'>Historiam</span> <span class='ocrx_word' id='word_1_252' title='bbox 1406 3955 1558 4004; x_wconf 81' lang='lat' dir='ltr'>istam</span> 
     </span>
     <span class='ocr_line' id='line_1_48' title="bbox 492 4028 1558 4093; baseline 0.005 -18"><span class='ocrx_word' id='word_1_253' title='bbox 492 4034 548 4075; x_wconf 89' lang='lat' dir='ltr'>et</span> <span class='ocrx_word' id='word_1_254' title='bbox 578 4028 738 4078; x_wconf 83' lang='lat' dir='ltr'>verba</span> <span class='ocrx_word' id='word_1_255' title='bbox 773 4028 931 4092; x_wconf 85' lang='lat' dir='ltr'>ipsius</span> <span class='ocrx_word' id='word_1_256' title='bbox 952 4029 1160 4091; x_wconf 85' lang='lat' dir='ltr'>Trajani</span> <span class='ocrx_word' id='word_1_257' title='bbox 1193 4030 1494 4093; x_wconf 80' lang='lat' dir='ltr'>xiphilinus</span> <span class='ocrx_word' id='word_1_258' title='bbox 1529 4047 1558 4080; x_wconf 83' lang='lat' dir='ltr'>e</span> 
     </span>
     <span class='ocr_line' id='line_1_49' title="bbox 496 4103 1559 4172; baseline 0.005 -19"><span class='ocrx_word' id='word_1_259' title='bbox 496 4103 666 4154; x_wconf 87' lang='lat' dir='ltr'>Dione</span> <span class='ocrx_word' id='word_1_260' title='bbox 699 4105 874 4162; x_wconf 81' lang='lat' dir='ltr'>babet,</span> <span class='ocrx_word' id='word_1_261' title='bbox 899 4120 1018 4170; x_wconf 88' lang='lat' dir='ltr'>pag.</span> <span class='ocrx_word' id='word_1_262' title='bbox 1042 4110 1160 4156; x_wconf 85' lang='grc'><strong>778.</strong></span> <span class='ocrx_word' id='word_1_263' title='bbox 1191 4107 1282 4156; x_wconf 88' lang='lat' dir='ltr'>ubi</span> <span class='ocrx_word' id='word_1_264' title='bbox 1308 4108 1419 4172; x_wconf 85' lang='lat' dir='ltr'>jam</span> <span class='ocrx_word' id='word_1_265' title='bbox 1458 4111 1559 4159; x_wconf 85' lang='lat' dir='ltr'>alia</span> 
     </span>
     <span class='ocr_line' id='line_1_50' title="bbox 495 4178 1559 4243; baseline 0.008 -16"><span class='ocrx_word' id='word_1_266' title='bbox 495 4178 730 4243; x_wconf 84' lang='lat' dir='ltr'>quaedam</span> <span class='ocrx_word' id='word_1_267' title='bbox 753 4180 819 4231; x_wconf 82' lang='lat' dir='ltr'>de</span> <span class='ocrx_word' id='word_1_268' title='bbox 841 4181 1041 4233; x_wconf 84' lang='lat' dir='ltr'>Licinio</span> <span class='ocrx_word' id='word_1_269' title='bbox 1073 4183 1200 4232; x_wconf 88' lang='lat' dir='ltr'>Sura</span> <span class='ocrx_word' id='word_1_270' title='bbox 1222 4193 1559 4236; x_wconf 82' lang='lat' dir='ltr'>narraverat:</span> 
     </span>
    </p>
   </div>
   <div class='ocr_carea' id='block_1_3' title="bbox 1193 346 2008 411">
    <p class='ocr_par' dir='ltr' id='par_1_6' title="bbox 1193 346 2008 411">
     <span class='ocr_line' id='line_1_51' title="bbox 1193 346 2008 411; baseline -0.001 0"><span class='ocrx_word' id='word_1_271' title='bbox 1193 359 1414 411; x_wconf 71' lang='lat' dir='ltr'>uo&#39;rAE</span> <span class='ocrx_word' id='word_1_272' title='bbox 1463 346 1563 409; x_wconf 68' lang='lat' dir='ltr'>vA</span> <span class='ocrx_word' id='word_1_273' title='bbox 1578 357 1877 410; x_wconf 68' lang='lat' dir='ltr'>monum</span> <span class='ocrx_word' id='word_1_274' title='bbox 1922 358 2008 410; x_wconf 68' lang='lat' dir='ltr'>nt</span> 
     </span>
    </p>
   </div>
   <div class='ocr_carea' id='block_1_4' title="bbox 1631 498 2711 4253">
    <p class='ocr_par' dir='ltr' id='par_1_7' title="bbox 1631 498 2705 1250">
     <span class='ocr_line' id='line_1_52' title="bbox 1634 498 2704 568; baseline -0.007 -11"><span class='ocrx_word' id='word_1_275' title='bbox 1634 511 1650 535; x_wconf 82' lang='lat'><em>‘</em></span> <span class='ocrx_word' id='word_1_276' title='bbox 1675 504 1816 557; x_wconf 84' lang='lat' dir='ltr'>Quin</span> <span class='ocrx_word' id='word_1_277' title='bbox 1845 505 2025 561; x_wconf 86' lang='lat' dir='ltr'>etiam,</span> <span class='ocrx_word' id='word_1_278' title='bbox 2055 516 2170 555; x_wconf 90' lang='lat' dir='ltr'>cum</span> <span class='ocrx_word' id='word_1_279' title='bbox 2203 498 2426 568; x_wconf 83' lang='lat' dir='ltr'>primum</span> <span class='ocrx_word' id='word_1_280' title='bbox 2459 499 2704 567; x_wconf 63' lang='lat' dir='ltr'>profecti</span> 
     </span>
     <span class='ocr_line' id='line_1_53' title="bbox 1638 581 2702 646; baseline -0.005 -14"><span class='ocrx_word' id='word_1_281' title='bbox 1638 583 2068 646; x_wconf 76' lang='lat' dir='ltr'>praetorianarum</span> <span class='ocrx_word' id='word_1_282' title='bbox 2133 581 2416 631; x_wconf 74' lang='lat' dir='ltr'>cohortium</span> <span class='ocrx_word' id='word_1_283' title='bbox 2482 591 2702 628; x_wconf 82' lang='lat' dir='ltr'>munere</span> 
     </span>
     <span class='ocr_line' id='line_1_54' title="bbox 1634 656 2704 723; baseline -0.004 -15"><span class='ocrx_word' id='word_1_284' title='bbox 1634 658 1881 710; x_wconf 79' lang='lat' dir='ltr'>functuro</span> <span class='ocrx_word' id='word_1_285' title='bbox 1917 660 2163 723; x_wconf 82' lang='lat' dir='ltr'>gladium,</span> <span class='ocrx_word' id='word_1_286' title='bbox 2199 671 2299 723; x_wconf 85' lang='lat' dir='ltr'>quo</span> <span class='ocrx_word' id='word_1_287' title='bbox 2335 657 2624 720; x_wconf 83' lang='lat' dir='ltr'>cingendus</span> <span class='ocrx_word' id='word_1_288' title='bbox 2660 656 2704 704; x_wconf 85' lang='lat' dir='ltr'>is</span> 
     </span>
     <span class='ocr_line' id='line_1_55' title="bbox 1635 731 2705 801; baseline -0.006 -15"><span class='ocrx_word' id='word_1_289' title='bbox 1635 744 1772 800; x_wconf 73' lang='lat' dir='ltr'>erat,</span> <span class='ocrx_word' id='word_1_290' title='bbox 1794 737 2056 801; x_wconf 77' lang='lat' dir='ltr'>proeberet</span> <span class='ocrx_word' id='word_1_291' title='bbox 2076 736 2365 799; x_wconf 77' lang='lat' dir='ltr'>Trajanns3</span> <span class='ocrx_word' id='word_1_292' title='bbox 2400 747 2464 780; x_wconf 86' lang='lat' dir='ltr'>eo</span> <span class='ocrx_word' id='word_1_293' title='bbox 2486 731 2705 788; x_wconf 76' lang='lat' dir='ltr'>nudato,</span> 
     </span>
     <span class='ocr_line' id='line_1_56' title="bbox 1636 809 2703 879; baseline -0.004 -17"><span class='ocrx_word' id='word_1_294' title='bbox 1636 827 1944 878; x_wconf 85' lang='lat' dir='ltr'>sursumque</span> <span class='ocrx_word' id='word_1_295' title='bbox 1980 821 2240 879; x_wconf 85' lang='lat' dir='ltr'>porrecto.</span> <span class='ocrx_word' id='word_1_296' title='bbox 2269 814 2367 872; x_wconf 85' lang='lat' dir='ltr'>ait,</span> <span class='ocrx_word' id='word_1_297' title='bbox 2386 809 2522 868; x_wconf 73' lang='grc' dir='ltr'>Λάβε</span> <span class='ocrx_word' id='word_1_298' title='bbox 2553 810 2703 859; x_wconf 73' lang='grc' dir='ltr'><strong>τοῦτο</strong></span> 
     </span>
     <span class='ocr_line' id='line_1_57' title="bbox 1634 883 2704 959; baseline -0.005 -21"><span class='ocrx_word' id='word_1_299' title='bbox 1634 890 1694 938; x_wconf 73' lang='grc' dir='ltr'>τὸ</span> <span class='ocrx_word' id='word_1_300' title='bbox 1713 887 1865 953; x_wconf 71' lang='grc' dir='ltr'><strong><em>ξίφος,</em></strong></span> <span class='ocrx_word' id='word_1_301' title='bbox 1896 890 1994 959; x_wconf 70' lang='grc' dir='ltr'>ἵνα,</span> <span class='ocrx_word' id='word_1_302' title='bbox 2017 888 2078 939; x_wconf 72' lang='grc' dir='ltr'>ἃν</span> <span class='ocrx_word' id='word_1_303' title='bbox 2104 887 2195 951; x_wconf 65' lang='grc' dir='ltr'>μὲν</span> <span class='ocrx_word' id='word_1_304' title='bbox 2224 889 2383 938; x_wconf 73' lang='grc' dir='ltr'><strong>καλῶς</strong></span> <span class='ocrx_word' id='word_1_305' title='bbox 2412 886 2563 950; x_wconf 67' lang='grc' dir='ltr'><strong><em>ἄρχω,</em></strong></span> <span class='ocrx_word' id='word_1_306' title='bbox 2587 883 2704 949; x_wconf 73' lang='grc' dir='ltr'>ὑπὲρ</span> 
     </span>
     <span class='ocr_line' id='line_1_58' title="bbox 1637 962 2703 1035; baseline -0.002 -21"><span class='ocrx_word' id='word_1_307' title='bbox 1637 966 1769 1029; x_wconf 70' lang='grc' dir='ltr'>ἐμοῦ,</span> <span class='ocrx_word' id='word_1_308' title='bbox 1785 965 1846 1016; x_wconf 73' lang='grc' dir='ltr'>ἃν</span> <span class='ocrx_word' id='word_1_309' title='bbox 1862 964 1914 1016; x_wconf 69' lang='grc' dir='ltr'>δὲ</span> <span class='ocrx_word' id='word_1_310' title='bbox 1936 969 2108 1029; x_wconf 72' lang='grc' dir='ltr'><strong><em>κακῶς,</em></strong></span> <span class='ocrx_word' id='word_1_311' title='bbox 2122 966 2227 1015; x_wconf 65' lang='grc' dir='ltr'>κατ’</span> <span class='ocrx_word' id='word_1_312' title='bbox 2244 966 2362 1025; x_wconf 71' lang='grc' dir='ltr'>ἐμοῦ</span> <span class='ocrx_word' id='word_1_313' title='bbox 2377 965 2513 1026; x_wconf 69' lang='grc' dir='ltr'>αὐτῷ’</span> <span class='ocrx_word' id='word_1_314' title='bbox 2527 962 2703 1035; x_wconf 71' lang='grc' dir='ltr'><strong><em>χρήσῃ.</em></strong></span> 
     </span>
     <span class='ocr_line' id='line_1_59' title="bbox 1636 1042 2703 1108; baseline -0.005 -14"><span class='ocrx_word' id='word_1_315' title='bbox 1636 1043 1816 1108; x_wconf 73' lang='lat' dir='ltr'>Accipe</span> <span class='ocrx_word' id='word_1_316' title='bbox 1831 1046 2047 1106; x_wconf 74' lang='lat' dir='ltr'>gladium</span> <span class='ocrx_word' id='word_1_317' title='bbox 2068 1044 2206 1099; x_wconf 72' lang='lat' dir='ltr'>hune,</span> <span class='ocrx_word' id='word_1_318' title='bbox 2228 1046 2284 1091; x_wconf 75' lang='lat' dir='ltr'>ut</span> <span class='ocrx_word' id='word_1_319' title='bbox 2303 1058 2379 1105; x_wconf 88' lang='lat' dir='ltr'>eo,</span> <span class='ocrx_word' id='word_1_320' title='bbox 2395 1043 2590 1091; x_wconf 77' lang='lat' dir='ltr'>sirecte</span> <span class='ocrx_word' id='word_1_321' title='bbox 2610 1042 2703 1090; x_wconf 75' lang='lat' dir='ltr'>inr-</span> 
     </span>
     <span class='ocr_line' id='line_1_60' title="bbox 1631 1121 2700 1186; baseline -0.005 -14"><span class='ocrx_word' id='word_1_322' title='bbox 1631 1136 1811 1186; x_wconf 79' lang='lat' dir='ltr'>perem‚</span> <span class='ocrx_word' id='word_1_323' title='bbox 1840 1137 1930 1185; x_wconf 75' lang='lat' dir='ltr'>pro</span> <span class='ocrx_word' id='word_1_324' title='bbox 1966 1137 2075 1182; x_wconf 83' lang='lat' dir='ltr'>me,-</span> <span class='ocrx_word' id='word_1_325' title='bbox 2120 1122 2197 1170; x_wconf 77' lang='lat' dir='ltr'>sia</span> <span class='ocrx_word' id='word_1_326' title='bbox 2238 1121 2377 1176; x_wconf 77' lang='lat' dir='ltr'>mole,</span> <span class='ocrx_word' id='word_1_327' title='bbox 2415 1125 2584 1169; x_wconf 72' lang='lat' dir='ltr'>contra</span> <span class='ocrx_word' id='word_1_328' title='bbox 2605 1131 2700 1179; x_wconf 62' lang='lat' dir='ltr'>„ase</span> 
     </span>
     <span class='ocr_line' id='line_1_61' title="bbox 1634 1199 2102 1250; baseline -0.004 0"><span class='ocrx_word' id='word_1_329' title='bbox 1634 1199 1824 1250; x_wconf 57' lang='lat' dir='ltr'>utaris?</span> <span class='ocrx_word' id='word_1_330' title='bbox 1864 1201 2102 1250; x_wconf 81' lang='lat' dir='ltr'>Patarol.</span> 
     </span>
    </p>

    <p class='ocr_par' dir='ltr' id='par_1_8' title="bbox 1633 1268 2706 1941">
     <span class='ocr_line' id='line_1_62' title="bbox 1703 1268 2702 1341; baseline -0.006 -17"><span class='ocrx_word' id='word_1_331' title='bbox 1703 1274 1939 1336; x_wconf 78' lang='lat' dir='ltr'>Praefecti</span> <span class='ocrx_word' id='word_1_332' title='bbox 1954 1275 2170 1341; x_wconf 76' lang='lat' dir='ltr'>manum]</span> <span class='ocrx_word' id='word_1_333' title='bbox 2206 1273 2394 1324; x_wconf 79' lang='lat' dir='ltr'>Licinii</span> <span class='ocrx_word' id='word_1_334' title='bbox 2419 1272 2591 1333; x_wconf 83' lang='lat' dir='ltr'>Surae,</span> <span class='ocrx_word' id='word_1_335' title='bbox 2612 1268 2702 1335; x_wconf 81' lang='lat' dir='ltr'>qui</span> 
     </span>
     <span class='ocr_line' id='line_1_63' title="bbox 1637 1347 2700 1415; baseline -0.003 -15"><span class='ocrx_word' id='word_1_336' title='bbox 1637 1353 1886 1415; x_wconf 70' lang='lat' dir='ltr'>praetorio</span> <span class='ocrx_word' id='word_1_337' title='bbox 1906 1350 2214 1415; x_wconf 78' lang='lat' dir='ltr'>praefectus3</span> <span class='ocrx_word' id='word_1_338' title='bbox 2248 1365 2367 1401; x_wconf 86' lang='lat' dir='ltr'>nam</span> <span class='ocrx_word' id='word_1_339' title='bbox 2402 1347 2543 1414; x_wconf 86' lang='lat' dir='ltr'>quod</span> <span class='ocrx_word' id='word_1_340' title='bbox 2577 1348 2700 1397; x_wconf 84' lang='lat' dir='ltr'>Sex.</span> 
     </span>
     <span class='ocr_line' id='line_1_64' title="bbox 1634 1427 2701 1488; baseline -0.007 -9"><span class='ocrx_word' id='word_1_341' title='bbox 1634 1429 1836 1480; x_wconf 83' lang='lat' dir='ltr'>Victori</span> <span class='ocrx_word' id='word_1_342' title='bbox 1891 1429 2195 1480; x_wconf 86' lang='lat' dir='ltr'>Saburanus</span> <span class='ocrx_word' id='word_1_343' title='bbox 2249 1427 2464 1488; x_wconf 82' lang='lat' dir='ltr'>dicitur,</span> <span class='ocrx_word' id='word_1_344' title='bbox 2519 1431 2701 1487; x_wconf 81' lang='lat' dir='ltr'>aperte</span> 
     </span>
     <span class='ocr_line' id='line_1_65' title="bbox 1635 1503 2703 1556; baseline -0.007 -1"><span class='ocrx_word' id='word_1_345' title='bbox 1635 1505 1881 1556; x_wconf 88' lang='lat' dir='ltr'>mendum</span> <span class='ocrx_word' id='word_1_346' title='bbox 1904 1511 2004 1555; x_wconf 88' lang='lat' dir='ltr'>est.</span> <span class='ocrx_word' id='word_1_347' title='bbox 2069 1505 2150 1554; x_wconf 88' lang='lat' dir='ltr'>De</span> <span class='ocrx_word' id='word_1_348' title='bbox 2179 1504 2366 1555; x_wconf 86' lang='lat' dir='ltr'>illustri</span> <span class='ocrx_word' id='word_1_349' title='bbox 2395 1503 2497 1551; x_wconf 80' lang='lat' dir='ltr'>hoc</span> <span class='ocrx_word' id='word_1_350' title='bbox 2528 1507 2703 1550; x_wconf 87' lang='lat' dir='ltr'>antem</span> 
     </span>
     <span class='ocr_line' id='line_1_66' title="bbox 1634 1576 2705 1647; baseline -0.007 -13"><span class='ocrx_word' id='word_1_351' title='bbox 1634 1581 1851 1647; x_wconf 83' lang='lat' dir='ltr'>Trajani</span> <span class='ocrx_word' id='word_1_352' title='bbox 1905 1582 2053 1633; x_wconf 80' lang='lat' dir='ltr'>facto</span> <span class='ocrx_word' id='word_1_353' title='bbox 2095 1580 2418 1645; x_wconf 80' lang='lat' dir='ltr'>Xiphilinmn</span> <span class='ocrx_word' id='word_1_354' title='bbox 2469 1579 2610 1641; x_wconf 86' lang='lat' dir='ltr'>lege,</span> <span class='ocrx_word' id='word_1_355' title='bbox 2648 1576 2705 1626; x_wconf 85' lang='lat' dir='ltr'>in</span> 
     </span>
     <span class='ocr_line' id='line_1_67' title="bbox 1638 1652 2706 1723; baseline -0.007 -15"><span class='ocrx_word' id='word_1_356' title='bbox 1638 1672 1740 1721; x_wconf 80' lang='lat' dir='ltr'>quo</span> <span class='ocrx_word' id='word_1_357' title='bbox 1763 1657 2014 1723; x_wconf 72' lang='lat' dir='ltr'>corriges,</span> <span class='ocrx_word' id='word_1_358' title='bbox 2034 1656 2119 1707; x_wconf 76' lang='grc' dir='ltr'>ὅτε</span> <span class='ocrx_word' id='word_1_359' title='bbox 2137 1659 2322 1721; x_wconf 71' lang='grc' dir='ltr'><strong><em>πρῶτον</em></strong></span> <span class='ocrx_word' id='word_1_360' title='bbox 2341 1654 2470 1717; x_wconf 64' lang='grc' dir='ltr'>αὐτῷ</span> <span class='ocrx_word' id='word_1_361' title='bbox 2495 1652 2706 1715; x_wconf 69' lang='grc' dir='ltr'>μέλλον-</span> 
     </span>
     <span class='ocr_line' id='line_1_68' title="bbox 1633 1729 2704 1796; baseline -0.005 -12"><span class='ocrx_word' id='word_1_362' title='bbox 1633 1752 1704 1791; x_wconf 72' lang='grc' dir='ltr'>τι,</span> <span class='ocrx_word' id='word_1_363' title='bbox 1727 1751 1775 1784; x_wconf 74' lang='grc' dir='ltr'>κ.</span> <span class='ocrx_word' id='word_1_364' title='bbox 1794 1751 1846 1785; x_wconf 73' lang='grc' dir='ltr'>τ.</span> <span class='ocrx_word' id='word_1_365' title='bbox 1869 1743 1921 1785; x_wconf 81' lang='grc' dir='ltr'>λ.</span> <span class='ocrx_word' id='word_1_366' title='bbox 1944 1741 2028 1786; x_wconf 89' lang='lat' dir='ltr'>est</span> <span class='ocrx_word' id='word_1_367' title='bbox 2055 1736 2188 1784; x_wconf 90' lang='lat' dir='ltr'>enim</span> <span class='ocrx_word' id='word_1_368' title='bbox 2212 1735 2299 1783; x_wconf 88' lang='lat' dir='ltr'>ille</span> <span class='ocrx_word' id='word_1_369' title='bbox 2322 1735 2434 1796; x_wconf 88' lang='lat' dir='ltr'>ipse</span> <span class='ocrx_word' id='word_1_370' title='bbox 2457 1732 2613 1792; x_wconf 82' lang='lat' dir='ltr'>Sura,</span> <span class='ocrx_word' id='word_1_371' title='bbox 2635 1729 2704 1779; x_wconf 84' lang='lat' dir='ltr'>de</span> 
     </span>
     <span class='ocr_line' id='line_1_69' title="bbox 1636 1812 2705 1878; baseline -0.004 -18"><span class='ocrx_word' id='word_1_372' title='bbox 1636 1826 1738 1878; x_wconf 89' lang='lat' dir='ltr'>quo</span> <span class='ocrx_word' id='word_1_373' title='bbox 1774 1813 2062 1877; x_wconf 77' lang='lat' dir='ltr'>praecessit,</span> <span class='ocrx_word' id='word_1_374' title='bbox 2089 1819 2149 1862; x_wconf 89' lang='lat' dir='ltr'>ut</span> <span class='ocrx_word' id='word_1_375' title='bbox 2177 1826 2207 1863; x_wconf 85' lang='lat' dir='ltr'>e</span> <span class='ocrx_word' id='word_1_376' title='bbox 2237 1812 2446 1862; x_wconf 88' lang='lat' dir='ltr'>Zonara</span> <span class='ocrx_word' id='word_1_377' title='bbox 2476 1813 2705 1859; x_wconf 85' lang='lat' dir='ltr'>constat.</span> 
     </span>
     <span class='ocr_line' id='line_1_70' title="bbox 1635 1888 1808 1941; baseline 0.012 -2"><span class='ocrx_word' id='word_1_378' title='bbox 1635 1888 1808 1941; x_wconf 74' lang='lat' dir='ltr'>Livin-</span> 
     </span>
    </p>

    <p class='ocr_par' dir='ltr' id='par_1_9' title="bbox 1633 1962 2711 2944">
     <span class='ocr_line' id='line_1_71' title="bbox 1702 1962 2710 2030; baseline -0.002 -17"><span class='ocrx_word' id='word_1_379' title='bbox 1702 1965 1963 2030; x_wconf 74' lang='lat' dir='ltr'>Proefecli]</span> <span class='ocrx_word' id='word_1_380' title='bbox 2011 1966 2227 2016; x_wconf 87' lang='lat' dir='ltr'>Factum</span> <span class='ocrx_word' id='word_1_381' title='bbox 2272 1965 2477 2030; x_wconf 81' lang='lat' dir='ltr'>insigne</span> <span class='ocrx_word' id='word_1_382' title='bbox 2515 1970 2572 2012; x_wconf 88' lang='lat' dir='ltr'>et</span> <span class='ocrx_word' id='word_1_383' title='bbox 2611 1962 2710 2011; x_wconf 86' lang='lat' dir='ltr'>im-</span> 
     </span>
     <span class='ocr_line' id='line_1_72' title="bbox 1634 2040 2704 2105; baseline -0.004 -15"><span class='ocrx_word' id='word_1_384' title='bbox 1634 2042 1857 2091; x_wconf 83' lang='lat' dir='ltr'>mortale</span> <span class='ocrx_word' id='word_1_385' title='bbox 1880 2040 2080 2105; x_wconf 80' lang='lat' dir='ltr'>taugit=</span> <span class='ocrx_word' id='word_1_386' title='bbox 2115 2049 2172 2091; x_wconf 89' lang='lat' dir='ltr'>et</span> <span class='ocrx_word' id='word_1_387' title='bbox 2197 2041 2354 2091; x_wconf 81' lang='lat' dir='ltr'>miror</span> <span class='ocrx_word' id='word_1_388' title='bbox 2379 2042 2447 2090; x_wconf 83' lang='lat' dir='ltr'>ab</span> <span class='ocrx_word' id='word_1_389' title='bbox 2468 2046 2704 2102; x_wconf 83' lang='lat' dir='ltr'>oratore,</span> 
     </span>
     <span class='ocr_line' id='line_1_73' title="bbox 1636 2117 2710 2182; baseline 0 -16"><span class='ocrx_word' id='word_1_390' title='bbox 1636 2117 1726 2181; x_wconf 85' lang='lat' dir='ltr'>qui</span> <span class='ocrx_word' id='word_1_391' title='bbox 1767 2119 1970 2167; x_wconf 86' lang='lat' dir='ltr'>minora</span> <span class='ocrx_word' id='word_1_392' title='bbox 2011 2117 2232 2182; x_wconf 86' lang='lat' dir='ltr'>diducit,</span> <span class='ocrx_word' id='word_1_393' title='bbox 2279 2119 2423 2182; x_wconf 87' lang='lat' dir='ltr'>tangi</span> <span class='ocrx_word' id='word_1_394' title='bbox 2477 2124 2710 2167; x_wconf 83' lang='lat' dir='ltr'>tantum.</span> 
     </span>
     <span class='ocr_line' id='line_1_74' title="bbox 1637 2192 2706 2258; baseline -0.001 -17"><span class='ocrx_word' id='word_1_395' title='bbox 1637 2192 1757 2255; x_wconf 89' lang='lat' dir='ltr'>Dio,</span> <span class='ocrx_word' id='word_1_396' title='bbox 1781 2192 2038 2257; x_wconf 81' lang='lat' dir='ltr'>Zonaras,</span> <span class='ocrx_word' id='word_1_397' title='bbox 2060 2193 2262 2257; x_wconf 87' lang='lat' dir='ltr'>Snidas,</span> <span class='ocrx_word' id='word_1_398' title='bbox 2287 2192 2493 2258; x_wconf 83' lang='lat' dir='ltr'>Victor,</span> <span class='ocrx_word' id='word_1_399' title='bbox 2523 2192 2600 2241; x_wconf 88' lang='lat' dir='ltr'>ita</span> <span class='ocrx_word' id='word_1_400' title='bbox 2623 2206 2706 2240; x_wconf 88' lang='lat' dir='ltr'>re-</span> 
     </span>
     <span class='ocr_line' id='line_1_75' title="bbox 1635 2269 2710 2335; baseline -0.002 -16"><span class='ocrx_word' id='word_1_401' title='bbox 1635 2269 1846 2321; x_wconf 83' lang='lat' dir='ltr'>ferunt:</span> <span class='ocrx_word' id='word_1_402' title='bbox 1878 2273 1895 2301; x_wconf 78' lang='lat'>⁸</span> <span class='ocrx_word' id='word_1_403' title='bbox 1913 2271 2043 2321; x_wconf 87' lang='lat' dir='ltr'>Cum</span> <span class='ocrx_word' id='word_1_404' title='bbox 2069 2270 2324 2335; x_wconf 79' lang='lat' dir='ltr'>praefecto</span> <span class='ocrx_word' id='word_1_405' title='bbox 2341 2269 2574 2334; x_wconf 56' lang='lat' dir='ltr'>praetorii</span> <span class='ocrx_word' id='word_1_406' title='bbox 2597 2269 2710 2332; x_wconf 87' lang='lat' dir='ltr'>gla-</span> 
     </span>
     <span class='ocr_line' id='line_1_76' title="bbox 1634 2346 2706 2413; baseline 0.002 -19"><span class='ocrx_word' id='word_1_407' title='bbox 1634 2346 1775 2396; x_wconf 87' lang='lat' dir='ltr'>dium</span> <span class='ocrx_word' id='word_1_408' title='bbox 1801 2347 2055 2405; x_wconf 77' lang='lat' dir='ltr'>t&#39;raderet,</span> <span class='ocrx_word' id='word_1_409' title='bbox 2070 2363 2171 2412; x_wconf 91' lang='lat' dir='ltr'>quo</span> <span class='ocrx_word' id='word_1_410' title='bbox 2187 2347 2389 2413; x_wconf 76' lang='lat' dir='ltr'>accingi</span> <span class='ocrx_word' id='word_1_411' title='bbox 2407 2362 2525 2397; x_wconf 90' lang='lat' dir='ltr'>eum</span> <span class='ocrx_word' id='word_1_412' title='bbox 2547 2347 2706 2397; x_wconf 84' lang='lat' dir='ltr'>moris</span> 
     </span>
     <span class='ocr_line' id='line_1_77' title="bbox 1633 2423 2707 2487; baseline 0 -14"><span class='ocrx_word' id='word_1_413' title='bbox 1633 2430 1737 2484; x_wconf 83' lang='lat' dir='ltr'>est,</span> <span class='ocrx_word' id='word_1_414' title='bbox 1760 2424 1994 2487; x_wconf 77' lang='lat' dir='ltr'>strinxit,</span> <span class='ocrx_word' id='word_1_415' title='bbox 2015 2431 2073 2474; x_wconf 90' lang='lat' dir='ltr'>et</span> <span class='ocrx_word' id='word_1_416' title='bbox 2099 2424 2346 2473; x_wconf 87' lang='lat' dir='ltr'>nudatum</span> <span class='ocrx_word' id='word_1_417' title='bbox 2377 2430 2584 2484; x_wconf 88' lang='lat' dir='ltr'>tenens,</span> <span class='ocrx_word' id='word_1_418' title='bbox 2606 2423 2707 2486; x_wconf 81' lang='lat' dir='ltr'>ait,</span> 
     </span>
     <span class='ocr_line' id='line_1_78' title="bbox 1635 2501 2706 2565; baseline -0.003 -14"><span class='ocrx_word' id='word_1_419' title='bbox 1635 2501 1779 2565; x_wconf 86' lang='lat' dir='ltr'>Cape</span> <span class='ocrx_word' id='word_1_420' title='bbox 1815 2501 1989 2559; x_wconf 88' lang='lat' dir='ltr'>istum,</span> <span class='ocrx_word' id='word_1_421' title='bbox 2013 2508 2070 2551; x_wconf 92' lang='lat' dir='ltr'>et</span> <span class='ocrx_word' id='word_1_422' title='bbox 2098 2501 2142 2550; x_wconf 82' lang='lat' dir='ltr'>si</span> <span class='ocrx_word' id='word_1_423' title='bbox 2170 2508 2315 2551; x_wconf 89' lang='lat' dir='ltr'>recte</span> <span class='ocrx_word' id='word_1_424' title='bbox 2352 2502 2706 2564; x_wconf 81' lang='lat' dir='ltr'>imperavero,</span> 
     </span>
     <span class='ocr_line' id='line_1_79' title="bbox 1637 2573 2711 2641; baseline -0.001 -16"><span class='ocrx_word' id='word_1_425' title='bbox 1637 2591 1733 2638; x_wconf 88' lang='lat' dir='ltr'>pro</span> <span class='ocrx_word' id='word_1_426' title='bbox 1757 2591 1870 2638; x_wconf 80' lang='lat' dir='ltr'>me3</span> <span class='ocrx_word' id='word_1_427' title='bbox 1903 2576 1980 2625; x_wconf 91' lang='lat' dir='ltr'>sin</span> <span class='ocrx_word' id='word_1_428' title='bbox 2004 2577 2177 2641; x_wconf 86' lang='lat' dir='ltr'>aliter,</span> <span class='ocrx_word' id='word_1_429' title='bbox 2206 2584 2390 2626; x_wconf 88' lang='lat' dir='ltr'>contra</span> <span class='ocrx_word' id='word_1_430' title='bbox 2412 2589 2495 2623; x_wconf 82' lang='lat' dir='ltr'>me</span> <span class='ocrx_word' id='word_1_431' title='bbox 2518 2573 2711 2626; x_wconf 67' lang='lat' dir='ltr'>utere!</span> 
     </span>
     <span class='ocr_line' id='line_1_80' title="bbox 1636 2649 2708 2716; baseline -0.002 -15"><span class='ocrx_word' id='word_1_432' title='bbox 1636 2651 1741 2702; x_wconf 86' lang='lat' dir='ltr'>Hic</span> <span class='ocrx_word' id='word_1_433' title='bbox 1775 2666 2009 2716; x_wconf 87' lang='lat' dir='ltr'>campus,</span> <span class='ocrx_word' id='word_1_434' title='bbox 2035 2652 2087 2701; x_wconf 85' lang='lat' dir='ltr'>iu</span> <span class='ocrx_word' id='word_1_435' title='bbox 2121 2667 2233 2716; x_wconf 82' lang='lat' dir='ltr'>qno.</span> <span class='ocrx_word' id='word_1_436' title='bbox 2258 2653 2573 2713; x_wconf 86' lang='lat' dir='ltr'>exsultares,</span> <span class='ocrx_word' id='word_1_437' title='bbox 2594 2649 2708 2700; x_wconf 85' lang='lat' dir='ltr'>Pli-</span> 
     </span>
     <span class='ocr_line' id='line_1_81' title="bbox 1635 2727 2707 2789; baseline 0.001 -13"><span class='ocrx_word' id='word_1_438' title='bbox 1635 2728 1724 2789; x_wconf 89' lang='lat' dir='ltr'>ni;</span> <span class='ocrx_word' id='word_1_439' title='bbox 1757 2727 2050 2778; x_wconf 89' lang='lat' dir='ltr'>decebatue</span> <span class='ocrx_word' id='word_1_440' title='bbox 2079 2737 2186 2778; x_wconf 81' lang='lat' dir='ltr'>tam</span> <span class='ocrx_word' id='word_1_441' title='bbox 2213 2742 2419 2778; x_wconf 83' lang='lat' dir='ltr'>auream</span> <span class='ocrx_word' id='word_1_442' title='bbox 2446 2741 2624 2777; x_wconf 76' lang='lat' dir='ltr'>vocem</span> <span class='ocrx_word' id='word_1_443' title='bbox 2647 2731 2707 2777; x_wconf 82' lang='lat' dir='ltr'>et</span> 
     </span>
     <span class='ocr_line' id='line_1_82' title="bbox 1636 2803 2707 2870; baseline -0.001 -16"><span class='ocrx_word' id='word_1_444' title='bbox 1636 2819 1841 2854; x_wconf 87' lang='lat' dir='ltr'>sensum</span> <span class='ocrx_word' id='word_1_445' title='bbox 1882 2813 1985 2854; x_wconf 90' lang='lat' dir='ltr'>tam</span> <span class='ocrx_word' id='word_1_446' title='bbox 2032 2805 2180 2854; x_wconf 87' lang='lat' dir='ltr'>arido</span> <span class='ocrx_word' id='word_1_447' title='bbox 2220 2812 2277 2854; x_wconf 90' lang='lat' dir='ltr'>et</span> <span class='ocrx_word' id='word_1_448' title='bbox 2318 2818 2548 2870; x_wconf 85' lang='lat' dir='ltr'>propero</span> <span class='ocrx_word' id='word_1_449' title='bbox 2586 2803 2707 2853; x_wconf 84' lang='lat' dir='ltr'>stilo</span> 
     </span>
     <span class='ocr_line' id='line_1_83' title="bbox 1635 2880 2256 2944; baseline -0.002 -14"><span class='ocrx_word' id='word_1_450' title='bbox 1635 2882 1822 2944; x_wconf 83' lang='lat' dir='ltr'>stringi</span> <span class='ocrx_word' id='word_1_451' title='bbox 1847 2881 2084 2931; x_wconf 83' lang='lat' dir='ltr'>tantum?</span> <span class='ocrx_word' id='word_1_452' title='bbox 2116 2880 2256 2944; x_wconf 76' lang='lat' dir='ltr'>Lips.</span> 
     </span>
    </p>

    <p class='ocr_par' dir='ltr' id='par_1_10' title="bbox 1633 2956 2710 4253">
     <span class='ocr_line' id='line_1_84' title="bbox 1700 2956 2705 3022; baseline -0.001 -16"><span class='ocrx_word' id='word_1_453' title='bbox 1700 2957 1962 3022; x_wconf 81' lang='lat' dir='ltr'>Proesecti]</span> <span class='ocrx_word' id='word_1_454' title='bbox 1999 2956 2252 3007; x_wconf 72' lang='lat' dir='ltr'>Praefecti</span> <span class='ocrx_word' id='word_1_455' title='bbox 2285 2958 2538 3021; x_wconf 60' lang='lat' dir='ltr'>praetorio</span> <span class='ocrx_word' id='word_1_456' title='bbox 2572 2971 2705 3021; x_wconf 68' lang='lat' dir='ltr'>pre-</span> 
     </span>
     <span class='ocr_line' id='line_1_85' title="bbox 1636 3035 2706 3100; baseline -0.002 -13"><span class='ocrx_word' id='word_1_457' title='bbox 1636 3043 1722 3087; x_wconf 87' lang='lat' dir='ltr'>ter</span> <span class='ocrx_word' id='word_1_458' title='bbox 1756 3039 1858 3086; x_wconf 88' lang='lat' dir='ltr'>alia</span> <span class='ocrx_word' id='word_1_459' title='bbox 1891 3046 1948 3087; x_wconf 88' lang='lat' dir='ltr'>et</span> <span class='ocrx_word' id='word_1_460' title='bbox 1979 3037 2179 3100; x_wconf 85' lang='lat' dir='ltr'>insigne</span> <span class='ocrx_word' id='word_1_461' title='bbox 2213 3044 2329 3086; x_wconf 87' lang='lat' dir='ltr'>erat</span> <span class='ocrx_word' id='word_1_462' title='bbox 2363 3036 2590 3100; x_wconf 84' lang='lat' dir='ltr'>gladius,</span> <span class='ocrx_word' id='word_1_463' title='bbox 2623 3035 2706 3085; x_wconf 80' lang='lat' dir='ltr'>vel</span> 
     </span>
     <span class='ocr_line' id='line_1_86' title="bbox 1636 3111 2707 3179; baseline -0.002 -15"><span class='ocrx_word' id='word_1_464' title='bbox 1636 3116 1796 3179; x_wconf 87' lang='lat' dir='ltr'>ensis,</span> <span class='ocrx_word' id='word_1_465' title='bbox 1839 3122 1930 3164; x_wconf 83' lang='lat' dir='ltr'>aut</span> <span class='ocrx_word' id='word_1_466' title='bbox 1974 3115 2153 3178; x_wconf 86' lang='lat' dir='ltr'>pugio,</span> <span class='ocrx_word' id='word_1_467' title='bbox 2191 3111 2344 3179; x_wconf 67' lang='grc' dir='ltr'><em>ξίφη,</em></span> <span class='ocrx_word' id='word_1_468' title='bbox 2381 3127 2489 3178; x_wconf 82' lang='lat' dir='ltr'>quo</span> <span class='ocrx_word' id='word_1_469' title='bbox 2524 3112 2707 3163; x_wconf 80' lang='lat' dir='ltr'>donari</span> 
     </span>
     <span class='ocr_line' id='line_1_87' title="bbox 1634 3190 2706 3256; baseline 0 -17"><span class='ocrx_word' id='word_1_470' title='bbox 1634 3197 1794 3255; x_wconf 86' lang='lat' dir='ltr'>atque</span> <span class='ocrx_word' id='word_1_471' title='bbox 1849 3191 2051 3256; x_wconf 75' lang='lat' dir='ltr'>accingi</span> <span class='ocrx_word' id='word_1_472' title='bbox 2101 3191 2304 3241; x_wconf 84' lang='lat' dir='ltr'>solebat</span> <span class='ocrx_word' id='word_1_473' title='bbox 2352 3205 2385 3239; x_wconf 83' lang='lat' dir='ltr'>a</span> <span class='ocrx_word' id='word_1_474' title='bbox 2428 3190 2706 3254; x_wconf 80' lang='lat' dir='ltr'>principe3</span> 
     </span>
     <span class='ocr_line' id='line_1_88' title="bbox 1636 3267 2708 3334; baseline 0.002 -19"><span class='ocrx_word' id='word_1_475' title='bbox 1636 3282 1788 3331; x_wconf 85' lang='lat' dir='ltr'>quem</span> <span class='ocrx_word' id='word_1_476' title='bbox 1820 3282 1921 3318; x_wconf 89' lang='lat' dir='ltr'>non</span> <span class='ocrx_word' id='word_1_477' title='bbox 1959 3282 2217 3334; x_wconf 86' lang='lat' dir='ltr'>nunquam</span> <span class='ocrx_word' id='word_1_478' title='bbox 2241 3275 2296 3317; x_wconf 89' lang='lat' dir='ltr'>et</span> <span class='ocrx_word' id='word_1_479' title='bbox 2319 3267 2418 3331; x_wconf 88' lang='lat' dir='ltr'>ipsi</span> <span class='ocrx_word' id='word_1_480' title='bbox 2449 3267 2708 3330; x_wconf 80' lang='lat' dir='ltr'>gerebant</span> 
     </span>
     <span class='ocr_line' id='line_1_89' title="bbox 1637 3343 2706 3409; baseline 0.003 -17"><span class='ocrx_word' id='word_1_481' title='bbox 1637 3345 1998 3409; x_wconf 77' lang='lat' dir='ltr'>imperatores.</span> <span class='ocrx_word' id='word_1_482' title='bbox 2031 3343 2295 3408; x_wconf 88' lang='lat' dir='ltr'>Siquidem</span> <span class='ocrx_word' id='word_1_483' title='bbox 2318 3345 2413 3395; x_wconf 86' lang='lat' dir='ltr'>soli</span> <span class='ocrx_word' id='word_1_484' title='bbox 2440 3345 2706 3408; x_wconf 79' lang='lat' dir='ltr'>principes</span> 
     </span>
     <span class='ocr_line' id='line_1_90' title="bbox 1636 3419 2708 3484; baseline 0.002 -15"><span class='ocrx_word' id='word_1_485' title='bbox 1636 3428 1693 3469; x_wconf 84' lang='lat' dir='ltr'>et</span> <span class='ocrx_word' id='word_1_486' title='bbox 1740 3419 1977 3484; x_wconf 81' lang='lat' dir='ltr'>praefecti</span> <span class='ocrx_word' id='word_1_487' title='bbox 2021 3422 2286 3484; x_wconf 81' lang='lat' dir='ltr'>praetorio,</span> <span class='ocrx_word' id='word_1_488' title='bbox 2327 3422 2509 3471; x_wconf 78' lang='lat' dir='ltr'>Romae</span> <span class='ocrx_word' id='word_1_489' title='bbox 2558 3436 2708 3471; x_wconf 87' lang='lat' dir='ltr'>usum</span> 
     </span>
     <span class='ocr_line' id='line_1_91' title="bbox 1637 3497 2708 3562; baseline 0.001 -17"><span class='ocrx_word' id='word_1_490' title='bbox 1637 3497 1797 3561; x_wconf 82' lang='lat' dir='ltr'>gladii</span> <span class='ocrx_word' id='word_1_491' title='bbox 1834 3497 2121 3560; x_wconf 83' lang='lat' dir='ltr'>habebant,</span> <span class='ocrx_word' id='word_1_492' title='bbox 2145 3497 2333 3562; x_wconf 86' lang='lat' dir='ltr'>reliqui</span> <span class='ocrx_word' id='word_1_493' title='bbox 2370 3498 2708 3561; x_wconf 81' lang='lat' dir='ltr'>magistratus</span> 
     </span>
     <span class='ocr_line' id='line_1_92' title="bbox 1637 3575 2710 3637; baseline 0 -15"><span class='ocrx_word' id='word_1_494' title='bbox 1637 3575 1800 3637; x_wconf 83' lang='lat' dir='ltr'>togati</span> <span class='ocrx_word' id='word_1_495' title='bbox 1823 3581 1990 3624; x_wconf 85' lang='lat' dir='ltr'>erant.</span> <span class='ocrx_word' id='word_1_496' title='bbox 2056 3575 2137 3623; x_wconf 90' lang='lat' dir='ltr'>Eo</span> <span class='ocrx_word' id='word_1_497' title='bbox 2174 3581 2349 3622; x_wconf 85' lang='lat' dir='ltr'>antem</span> <span class='ocrx_word' id='word_1_498' title='bbox 2380 3587 2581 3622; x_wconf 87' lang='lat' dir='ltr'>merum</span> <span class='ocrx_word' id='word_1_499' title='bbox 2614 3575 2710 3623; x_wconf 89' lang='lat' dir='ltr'>im·</span> 
     </span>
     <span class='ocr_line' id='line_1_93' title="bbox 1637 3648 2709 3714; baseline 0 -15"><span class='ocrx_word' id='word_1_500' title='bbox 1637 3651 1858 3714; x_wconf 87' lang='lat' dir='ltr'>perium,</span> <span class='ocrx_word' id='word_1_501' title='bbox 1892 3659 1947 3699; x_wconf 85' lang='lat' dir='ltr'>et</span> <span class='ocrx_word' id='word_1_502' title='bbox 1973 3651 2064 3714; x_wconf 85' lang='lat' dir='ltr'>jus</span> <span class='ocrx_word' id='word_1_503' title='bbox 2097 3650 2220 3699; x_wconf 71' lang='lat' dir='ltr'>vitas</span> <span class='ocrx_word' id='word_1_504' title='bbox 2245 3664 2306 3699; x_wconf 92' lang='lat' dir='ltr'>ac</span> <span class='ocrx_word' id='word_1_505' title='bbox 2328 3649 2471 3698; x_wconf 86' lang='lat' dir='ltr'>necis</span> <span class='ocrx_word' id='word_1_506' title='bbox 2493 3648 2709 3712; x_wconf 79' lang='lat' dir='ltr'>civium,</span> 
     </span>
     <span class='ocr_line' id='line_1_94' title="bbox 1636 3715 2710 3791; baseline 0 -16"><span class='ocrx_word' id='word_1_507' title='bbox 1636 3728 1761 3790; x_wconf 83' lang='lat' dir='ltr'>ipsis</span> <span class='ocrx_word' id='word_1_508' title='bbox 1794 3727 2143 3783; x_wconf 83' lang='lat' dir='ltr'>tribuebatur,</span> <span class='ocrx_word' id='word_1_509' title='bbox 2173 3727 2322 3789; x_wconf 86' lang='lat' dir='ltr'>cujus</span> <span class='ocrx_word' id='word_1_510' title='bbox 2355 3733 2480 3775; x_wconf 84' lang='lat' dir='ltr'>nota</span> <span class='ocrx_word' id='word_1_511' title='bbox 2514 3733 2573 3777; x_wconf 84' lang='lat' dir='ltr'>et</span> <span class='ocrx_word' id='word_1_512' title='bbox 2600 3715 2710 3791; x_wconf 73' lang='lat' dir='ltr'>‘sig-</span> 
     </span>
     <span class='ocr_line' id='line_1_95' title="bbox 1635 3800 2709 3866; baseline 0.002 -16"><span class='ocrx_word' id='word_1_513' title='bbox 1635 3817 1757 3852; x_wconf 85' lang='lat' dir='ltr'>num</span> <span class='ocrx_word' id='word_1_514' title='bbox 1781 3802 1998 3866; x_wconf 85' lang='lat' dir='ltr'>gladius.</span> <span class='ocrx_word' id='word_1_515' title='bbox 2046 3801 2207 3853; x_wconf 87' lang='lat' dir='ltr'>.Hinc</span> <span class='ocrx_word' id='word_1_516' title='bbox 2242 3805 2258 3832; x_wconf 90' lang='lat'>‘</span> <span class='ocrx_word' id='word_1_517' title='bbox 2277 3802 2433 3865; x_wconf 86' lang='lat' dir='ltr'>gladii</span> <span class='ocrx_word' id='word_1_518' title='bbox 2453 3800 2471 3822; x_wconf 81' lang='lat'><strong><em>⁹</em></strong></span> <span class='ocrx_word' id='word_1_519' title='bbox 2496 3817 2709 3861; x_wconf 85' lang='lat' dir='ltr'>nomen,</span> 
     </span>
     <span class='ocr_line' id='line_1_96' title="bbox 1636 3879 2706 3930; baseline 0 -1"><span class='ocrx_word' id='word_1_520' title='bbox 1636 3879 1821 3929; x_wconf 76' lang='lat' dir='ltr'>Senec-</span> <span class='ocrx_word' id='word_1_521' title='bbox 1856 3880 2023 3930; x_wconf 86' lang='lat' dir='ltr'>Clem.</span> <span class='ocrx_word' id='word_1_522' title='bbox 2048 3893 2090 3929; x_wconf 82' lang='grc' dir='ltr'>ι.</span> <span class='ocrx_word' id='word_1_523' title='bbox 2116 3884 2194 3929; x_wconf 92' lang='lat'>11.</span> <span class='ocrx_word' id='word_1_524' title='bbox 2231 3889 2377 3928; x_wconf 89' lang='lat' dir='ltr'>notat</span> <span class='ocrx_word' id='word_1_525' title='bbox 2410 3879 2428 3906; x_wconf 87' lang='lat'>‘</span> <span class='ocrx_word' id='word_1_526' title='bbox 2448 3894 2706 3929; x_wconf 86' lang='lat' dir='ltr'>summum</span> 
     </span>
     <span class='ocr_line' id='line_1_97' title="bbox 1635 3955 2706 4020; baseline 0 -15"><span class='ocrx_word' id='word_1_527' title='bbox 1635 3955 1946 4020; x_wconf 78' lang='lat' dir='ltr'>imperium.’</span> <span class='ocrx_word' id='word_1_528' title='bbox 2013 3957 2230 4007; x_wconf 88' lang='lat' dir='ltr'>Suetou.</span> <span class='ocrx_word' id='word_1_529' title='bbox 2268 3956 2427 4006; x_wconf 85' lang='lat' dir='ltr'>Galb.</span> <span class='ocrx_word' id='word_1_530' title='bbox 2460 3969 2512 4006; x_wconf 84' lang='lat' dir='ltr'>c.</span> <span class='ocrx_word' id='word_1_531' title='bbox 2541 3956 2706 4006; x_wconf 74' lang='grc' dir='ltr'><strong>2.Ἷί-</strong></span> 
     </span>
     <span class='ocr_line' id='line_1_98' title="bbox 1637 4033 2706 4098; baseline 0.001 -16"><span class='ocrx_word' id='word_1_532' title='bbox 1637 4034 1749 4083; x_wconf 84' lang='lat' dir='ltr'>tell.</span> <span class='ocrx_word' id='word_1_533' title='bbox 1770 4049 1890 4098; x_wconf 86' lang='lat' dir='ltr'>cap.</span> <span class='ocrx_word' id='word_1_534' title='bbox 1914 4037 1962 4083; x_wconf 84' lang='lat'>8.</span> <span class='ocrx_word' id='word_1_535' title='bbox 1985 4044 2041 4083; x_wconf 89' lang='lat' dir='ltr'>et</span> <span class='ocrx_word' id='word_1_536' title='bbox 2074 4037 2090 4062; x_wconf 82' lang='lat'>⁸</span> <span class='ocrx_word' id='word_1_537' title='bbox 2110 4033 2337 4097; x_wconf 87' lang='lat' dir='ltr'>gladium</span> <span class='ocrx_word' id='word_1_538' title='bbox 2362 4034 2599 4098; x_wconf 83' lang='lat' dir='ltr'>ponere,’</span> <span class='ocrx_word' id='word_1_539' title='bbox 2621 4039 2706 4083; x_wconf 88' lang='lat' dir='ltr'>est</span> 
     </span>
     <span class='ocr_line' id='line_1_99' title="bbox 1634 4108 2699 4175; baseline -0.002 -15"><span class='ocrx_word' id='word_1_540' title='bbox 1634 4113 1650 4139; x_wconf 91' lang='lat'>‘</span> <span class='ocrx_word' id='word_1_541' title='bbox 1673 4109 1993 4174; x_wconf 66' lang='lat' dir='ltr'>praefectura</span> <span class='ocrx_word' id='word_1_542' title='bbox 2013 4111 2244 4175; x_wconf 64' lang='lat' dir='ltr'>pretorii</span> <span class='ocrx_word' id='word_1_543' title='bbox 2272 4108 2560 4160; x_wconf 80' lang='lat' dir='ltr'>abdicare.²</span> <span class='ocrx_word' id='word_1_544' title='bbox 2623 4109 2699 4159; x_wconf 85' lang='lat' dir='ltr'>Ut</span> 
     </span>
     <span class='ocr_line' id='line_1_100' title="bbox 1633 4185 2697 4253; baseline -0.002 -15"><span class='ocrx_word' id='word_1_545' title='bbox 1633 4187 1918 4253; x_wconf 79' lang='lat' dir='ltr'>Tigellinus</span> <span class='ocrx_word' id='word_1_546' title='bbox 1954 4186 2091 4251; x_wconf 84' lang='lat' dir='ltr'>apud</span> <span class='ocrx_word' id='word_1_547' title='bbox 2117 4186 2388 4237; x_wconf 79' lang='lat' dir='ltr'>Plutarch.</span> <span class='ocrx_word' id='word_1_548' title='bbox 2418 4186 2476 4236; x_wconf 88' lang='lat' dir='ltr'>in</span> <span class='ocrx_word' id='word_1_549' title='bbox 2509 4185 2697 4238; x_wconf 78' lang='lat' dir='ltr'>Galba.</span> 
     </span>
    </p>
   </div>
  </div>
 </body>
</html>
