3017 4942
762 443 833 493 c.
876 441 1128 494 vnum
1175 441 1513 495 saeuum
1562 445 1844 496 ranno.
1919 446 1971 497 1.
2012 427 2123 497 62.

328 584 524 652 legitur
560 578 887 650 homm-
963 585 1146 638 Possit
1185 586 1396 652 quidem

328 665 702 728 qualiscunque
736 663 1004 714 sententia
1037 663 1159 715 lude
1186 663 1321 727 erui,
1353 663 1399 713 si

328 739 566 805 inprimis
604 753 673 789 ex
711 740 965 790 Catsuaeo
997 753 1222 805 sequeus
1250 742 1397 789 assu·

329 823 504 866 matur
528 816 769 874 varietas,
802 815 1011 881 quaudo
1033 829 1127 880 pro
1147 830 1208 865 ae
1222 817 1400 880 prosit,

329 892 499 943 edidit
531 897 588 943 ut
616 893 802 958 prosit.-
838 894 1003 958 pluris
1037 900 1215 945 tamen
1255 891 1399 944 facio

328 969 610 1020 lectionem
635 971 917 1033 vulgatam.
972 971 1283 1034 Exemplum
1307 984 1399 1020 au·

330 1053 436 1097 tem
456 1045 664 1111 praebet
681 1046 1124 1103 Vibiussereuus,
1148 1053 1397 1111 quantum

311 1122 477 1173 ‘inuiis
533 1120 853 1172 delatoribus
900 1121 1075 1172 odium
1130 1122 1397 1187 publicum

328 1206 558 1255 senatus,
602 1197 929 1263 omniumque
970 1198 1244 1261 bonorum,
1279 1213 1399 1263 pro·

326 1278 491 1328 tuerit
524 1272 664 1342 apu'd
689 1280 878 1328 malum
906 1278 1214 1343 principem,
1243 1280 1399 1330 Tibe·

327 1357 495 1420 rium;
532 1357 598 1407 de
621 1372 724 1422 quo
742 1357 880 1407 idem
902 1358 1075 1408 Tacit.
1110 1357 1300 1408 Annal.
1324 1371 1401 1408 rv-

233 1436 244 1443 '
326 1436 412 1482 86.
442 1433 460 1462 ‘
488 1433 738 1483 Fonteius
761 1433 971 1498 Capito,
1003 1433 1095 1500 qui
1125 1436 1401 1498 proconsul

326 1510 507 1560 Asiam
531 1518 823 1574 curaverat,
846 1510 1112 1562 absolutus
1136 1518 1237 1573 est,
1259 1526 1399 1563 com-

326 1595 504 1651 perio,
538 1586 664 1638 ficta
692 1590 745 1638 in
774 1601 893 1638 eunt
929 1589 1147 1639 crimina
1181 1603 1281 1652 per
1309 1582 1401 1638 Vi·

326 1662 470 1712 bium
497 1663 782 1714 Serenum:
819 1678 989 1729 neque
1027 1672 1203 1715 tamen
1227 1665 1282 1714 id
1304 1665 1399 1715 Se·

326 1752 460 1788 reno
473 1751 623 1788 noxas
637 1737 756 1801 fuit,
770 1752 923 1802 quern
942 1738 1116 1789 odium
1131 1739 1398 1804 publicum

324 1814 572 1865 tutiorem
595 1813 859 1864 faciebat:
896 1829 1016 1865 nam
1055 1823 1115 1864 nt
1155 1814 1270 1880 buis
1307 1815 1398 1865 ad-

307 1891 562 1943 strictior
575 1900 867 1950 aecusator,
882 1892 1025 1943 velut
1035 1900 1399 1944 sacrosanctus

322 1966 484 2019 erat.'
515 1970 664 2018 Idem.

343 2063 351 2069 ·
397 2045 513 2094 Nais
548 2046 855 2108 premendam
901 2045 1082 2108 edium,
1122 2060 1183 2095 ne
1221 2045 1399 2111 presit]

322 2119 422 2171 Eis
463 2121 690 2182 scilicet,
733 2135 864 2187 quos
915 2121 1137 2172 odimus.
1186 2122 1398 2174 Tacitus

323 2195 522 2246 Annal.
542 2205 621 2247 tv.
645 2201 727 2247 36.
766 2202 783 2228 ⁸
798 2196 873 2248 At
897 2198 1150 2249 Fonteius
1171 2198 1401 2265 Capito,'

322 2274 437 2322 &cr
467 2271 622 2322 (ἕνα.
687 2302 693 2309 -

396 2348 474 2398 Ns
512 2347 693 2413 prosit]
745 2349 957 2408 Sensus,
1002 2351 1126 2401 Non
1167 2365 1399 2404 amorem

275 2450 280 2455 ²
323 2438 455 2493 erga
507 2427 670 2476 bonos
713 2428 824 2492 jam
877 2428 1275 2489 dissimulemus,
1329 2446 1398 2483 ne

325 2509 560 2566 apertus,
585 2504 681 2552 illis
698 2512 887 2556 noceat
905 2505 1045 2570 apud
1067 2507 1357 2571 principem
1378 2523 1396 2571 ς

323 2594 432 2630 non
476 2580 652 2631 odium
700 2595 828 2645 erga
874 2584 1058 2648 malos,
1101 2597 1168 2633 ne
1210 2591 1398 2635 contra

324 2656 513 2720 prosit.
581 2656 719 2707 Nam
744 2659 787 2707 si
809 2657 1068 2720 aperimus
1092 2658 1194 2708 boc
1217 2658 1396 2708 odium

326 2738 388 2783 et
408 2733 720 2796 revelamus,
743 2746 807 2783 eo
831 2734 943 2798 ipso
965 2733 1314 2797 provehimus,
1340 2742 1398 2787 et

318 2808 751 2875 juvamus;·quia
781 2810 1024 2876 princeps
1054 2811 1239 2874 malus,
1271 2826 1399 2876 quos

325 2898 419 2936 nos
464 2885 684 2944 odimus,
727 2892 907 2950 amat3
961 2900 1092 2951 quos
1148 2900 1398 2945 amamus,

327 2961 459 3012 odit.
490 2963 628 3026 Lips-

300 3030 304 3035 ’
392 3037 694 3101 Elegeratis]
730 3035 817 3087 Ad
839 3036 1078 3102 publicos
1096 3043 1296 3089 sumtus
1318 3044 1396 3090 to·

324 3111 773 3165 letandosaldem.
887 3142 898 3153 ·

392 3189 529 3246 Quos
548 3205 633 3239 vos
652 3189 928 3253 elegeratis]
951 3189 1159 3254 Lipsius
1179 3197 1236 3240 et
1257 3190 1400 3241 Bau·

326 3264 446 3315 dius
469 3265 1130 3328 existimarunt,.Plinium
1172 3266 1257 3315 bic
1295 3278 1399 3316 uon

321 3341 465 3405 loqui
524 3341 592 3391 de
647 3341 907 3391 electione
945 3341 1012 3390 ad
1055 3341 1401 3406 consulatum,

319 3417 414 3467 sed
434 3419 500 3469 ad
517 3419 976 3483 quinqueviratum
994 3434 1011 3481 ς
1035 3417 1102 3469 de
1120 3433 1226 3484 quo
1242 3419 1397 3470 modo

195 3549 214 3559 ,
322 3492 457 3545 dixi.
527 3494 724 3543 Verum
766 3495 966 3545 Plinius
997 3495 1081 3544 bic
1113 3509 1219 3545 non
1250 3494 1398 3554 dicit,

322 3576 338 3601 ⁸
362 3569 770 3636 quinqueviros,'
802 3570 914 3634 sed,
935 3571 1079 3621 tertio
1096 3571 1403 3633 centulense·

321 3645 410 3709 dt,
443 3660 677 3710 quassos
705 3646 978 3708 elegeratis.
1043 3645 1150 3709 An,
1182 3654 1240 3697 et
1277 3662 1397 3713 quae

322 3729 525 3787 partes,
557 3724 608 3773 in
642 3723 882 3774 creandis
920 3725 1235 3781 consulibus,
1272 3730 1406 3777 tnnc'

322 3802 693 3866 competierint
718 3803 942 3863 senatui,
965 3804 1200 3868 posthoee
1224 3813 1397 3856 osteu-

323 3878 463 3929 darn.
529 3879 650 3930 Nec
682 3886 781 3942 est,
820 3878 957 3944 quod
996 3889 1257 3944 putemus,
1281 3896 1396 3931 ver·

323 3954 447 4004 bum
490 3960 668 4004 tamen
702 3954 962 4020 ‘eligere’
997 3971 1099 4024 nou
1125 3958 1395 4022 pertinere

324 4029 392 4078 ad
410 4030 646 4080 solennia
661 4030 822 4081 verba
839 4033 1160 4082 consulatus.
1191 4033 1396 4084 Plinius

326 4105 482 4168 enim,
517 4112 762 4170 tauquam
795 4113 992 4170 orator,
1020 4122 1085 4157 eo
1108 4110 1395 4171 generatim

330 4182 513 4245 utitur,
538 4181 617 4230 uti
639 4180 793 4245 iufra,
818 4195 970 4234 xcxv.
992 4188 1047 4235 4.
1083 4184 1100 4213 ‘
1125 4184 1207 4235 Tu
1228 4184 1393 4237 filium

328 4255 421 4321 illi,
446 4257 598 4309 uobis
633 4265 925 4325 parentem,
959 4259 1054 4312 tibi
1086 4262 1391 4326 pontificem

2409 428 2537 501 851.

1471 588 1774 652 maximum,
1795 588 2042 654 elegisti!
2092 589 2166 640 Et
2187 587 2315 639 alibi
2331 588 2543 654 passim.

1473 665 1565 716 Sic
1589 674 1643 717 et
1665 667 1916 717 Mamert.
1940 666 2170 718 Gratiar.
2198 667 2319 717 Act.
2345 666 2409 716 ad
2430 666 2542 717 Jul.

1472 741 1542 792 de
1564 744 1837 793 consulatu
1874 757 1989 805 suo,
2023 757 2145 805 cap.
2171 746 2251 794 15.
2283 743 2300 771 ⁸
2327 743 2412 792 De
2433 756 2544 813 om·

1472 818 1624 868 uibus
1668 818 1890 869 Romani
1935 818 2141 883 imperii
2180 818 2303 868 viris
2348 818 2544 883 primus

1471 895 1674 945 electus
1717 910 1849 959 sum,
1905 910 2021 946 eum
2075 897 2325 945 bonorem
2369 909 2544 946 meum

1471 972 1681 1025 adoreis
1711 972 2020 1024 militaribus
2054 973 2304 1037 gloriosus
2341 975 2546 1038 collega

1472 1047 1800 1100 cumularet-⁹
1886 1050 2029 1103 Quin
2071 1055 2129 1099 et
2170 1050 2286 1115 ipse
2333 1050 2440 1101 Cic.
2488 1051 2544 1100 iu

1472 1125 1649 1176 Somn.
1671 1125 1814 1189 scip.
1837 1139 1958 1189 cap.
1983 1127 2032 1174 2.
2053 1125 2069 1154 ‘
2086 1124 2331 1188 Deligere
2353 1124 2544 1177 iterum

1475 1202 1655 1253 consul
1687 1200 1912 1255 absens!
1943 1201 2185 1253 Schmun.

1539 1277 1755 1339 Magnus
1780 1283 1973 1342 uterque
1997 1277 2144 1328 sono·-
2174 1277 2353 1341 ουσαν]
2389 1278 2544 1329 Hanc

1475 1353 1757 1406 lectionem
1779 1355 1893 1418 jam
1917 1368 1949 1404 a
1973 1354 2292 1418 Cuspiniauo
2330 1356 2545 1419 evulga-

1477 1437 1586 1481 tum
1605 1430 1846 1494 probavit
1866 1430 2144 1487 Livineius,
2161 1436 2215 1480 et
2231 1432 2400 1481 secuti
2418 1438 2545 1483 sunt

1475 1507 1771 1564 Puteanus,
1790 1508 2071 1564 Gruterus,
2103 1507 2284 1558 Tuom.
2309 1507 2545 1569 Hearne,

1474 1582 1714 1647 Patarol,
1754 1589 1812 1634 et
1850 1597 1988 1633 nuuc
2026 1583 2185 1633 etiam
2222 1582 2544 1635 Arntzeuius

1474 1666 1533 1710 et
1599 1659 1888 1712 Gesnerus.
1975 1660 2207 1710 Eandem
2269 1659 2546 1712 coufirmat

1474 1737 1762 1788 auctoritas
1791 1736 1974 1789 decem
2008 1737 2249 1787 codicum
2272 1737 2403 1787 Mss.
2425 1739 2545 1788 lite·

1473 1814 1548 1864 ris
1571 1815 1779 1880 quidem
1803 1815 2008 1880 integre
2029 1804 2325 1877 exscriptis.
2377 1813 2545 1865 Ante·

1472 1892 1570 1942 bac
1623 1893 1946 1944 Puteolanus
1993 1900 2046 1943 et
2095 1894 2385 1946 Beroaldus
2428 1895 2544 1946 baec

1473 1970 1645 2019 miuus
1695 1971 1956 2033 complete
2001 1969 2296 2035 ediderant,
2339 1985 2546 2034 magnus

1471 2051 1669 2111 uterque
1698 2052 1874 2097 vester.
1942 2046 2035 2103 At,
2066 2047 2181 2097 loco
2204 2048 2545 2112 pronominis,

1471 2128 1648 2182 vester,
1683 2122 1898 2173 verbum
1932 2123 2125 2173 uidetur
2145 2122 2427 2186 prodidere
2449 2123 2544 2173 Al-

1472 2199 1586 2265 dus,
1610 2200 1960 2263 philomuson,
1983 2209 2038 2250 et
2059 2199 2358 2251 Sicbardus.
2405 2202 2546 2251 Con·

1472 2281 1576 2341 tra,
1613 2276 1913 2340 Rhenanus,
1950 2272 2245 2339 Plautinus,
2283 2278 2413 2327 Tau.
2445 2278 2545 2328 Fa-

1473 2351 1587 2414 ber,
1610 2352 1999 2417 Berneggerus,
2026 2353 2278 2411 Hackius,
2301 2362 2356 2404 et
2381 2354 2546 2418 Ceva,

1472 2429 1791 2493 rescripsere
1828 2443 2034 2491 magnus
2076 2434 2274 2494 uterque
2311 2437 2542 2483 oestrum.

1472 2505 1732 2570 Denique,
1772 2505 2070 2569 Catanaeus,
2100 2505 2287 2562 Juuta,
2317 2506 2543 2570 Stepha-

1472 2595 1591 2643 nus,
1661 2581 1861 2640 Minoii,
1920 2582 2185 2646 Elzevirii,
2250 2583 2544 2633 Boxborni·

1469 2673 1554 2721 us,
1572 2657 1980 2718 Kircbmaierus,
2003 2658 2289 2709 exhibuere
2309 2673 2538 2719 magnum

1469 2739 1723 2798 unusque
1756 2736 1966 2786 videtur.
2033 2734 2242 2799 Lipsius
2287 2749 2413 2785 vero
2454 2750 2543 2787 su·

1471 2812 1708 2875 spicatus
1739 2817 1838 2876 est,
1860 2811 2021 2862 scribi
2052 2811 2314 2869 debuisse,
2339 2826 2543 2875 magnas

1469 2889 1635 2951 ιιιὶφιε
1667 2889 1817 2937 honor
1846 2895 2021 2939 vester.
2086 2890 2274 2939 Placet
2305 2889 2391 2939 ills
2426 2903 2545 2940 cor-

1469 2966 1662 3027 rectio,
1685 2964 1959 3015 dummodo
1974 2965 2129 3029 hujus
2146 2965 2383 3015 lectionis
2403 2979 2544 3030 quae·

1472 3040 1594 3091 dam
1646 3042 1871 3092 clariora
1915 3042 2136 3105 vestigia
2189 3047 2543 3105 superessent.

1472 3117 1564 3167 Sic
1588 3132 1712 3168 vero
1733 3127 1790 3168 et
1811 3133 1911 3183 ego
1933 3129 2109 3184 supra,
2133 3117 2197 3168 ad
2225 3131 2353 3169 vm.
2371 3122 2423 3168 2.
2445 3131 2543 3182 pro

1471 3200 1685 3259 uterque,
1732 3195 1940 3246 ostendi
1992 3194 2383 3247 rescribendum
2427 3208 2546 3245 esse

1470 3272 1654 3335 atique.
1722 3271 1898 3322 Facile
1929 3278 2103 3321 autem
2124 3276 2359 3336 apparet,
2391 3262 2544 3322 istam

1473 3348 1806 3411 varietatem,
1841 3348 2029 3413 partim
2053 3363 2121 3398 ex
2146 3348 2350 3412 ingenio
2372 3349 2544 3399 edito·

1473 3436 1606 3480 rum,
1638 3424 1830 3486 partim
1864 3438 1929 3473 ex
1965 3424 2287 3487 negligentia
2310 3423 2544 3474 librario·

1473 3516 1608 3559 rum,
1642 3502 1732 3566 qui
1767 3501 2070 3552 vocabulum
2102 3502 2252 3551 honor
2285 3501 2541 3563 omisere3

1471 3579 1666 3642 partim
1690 3593 1756 3627 ex
1784 3578 2154 3641 compendiosa
2177 3577 2437 3631 scribendi
2462 3591 2542 3628 ra·

1473 3655 1638 3718 tione,
1659 3655 1918 3704 extitisse.
1982 3655 2132 3703 Bene
2155 3654 2289 3703 euim
2313 3653 2544 3704 animad-

1472 3731 1631 3780 vertit
1655 3730 1934 3792 Livineius,
1971 3730 2023 3780 in
2058 3729 2365 3794 quibusdam
2397 3728 2542 3781 codi-

1471 3805 1616 3857 cibus
1644 3807 1903 3869 scriptum
1925 3804 2087 3856 fuisse
2109 3821 2186 3863 ser,
2209 3806 2543 3871 quemadmo-

1470 3881 1594 3930 dum
1607 3880 1775 3931 adbuc
1787 3881 1860 3930 sic
1871 3882 2121 3946 scriptum
2134 3888 2281 3932 extat
2292 3881 2345 3930 in
2356 3879 2541 3933 codice

1470 3958 1677 4007 Veneto
1700 3960 1747 4005 l.
1780 3957 1920 4022 quod
1952 3956 2160 4021 quidam
2196 3970 2290 4021 per
2324 3956 2540 4008 verbum

1467 4033 1675 4098 vidant,
1708 4032 1794 4082 alii
1830 4047 1924 4096 per
1953 4047 2244 4097 pronomen
2263 4039 2435 4092 vester,
2462 4033 2542 4084 in·

1471 4110 1750 4174 terpretati
1774 4117 1915 4160 suut.
1948 4111 2104 4161 Idm.

1534 4190 1750 4251 Magnus
1779 4192 1974 4252 aterque
2006 4189 2154 4240 honor
2172 4188 2354 4252 vester]
2386 4190 2536 4250 Mae-

1466 4280 1561 4316 nas
1600 4271 1798 4330 aterque
1836 4265 2045 4317 uidetur.
2116 4266 2340 4333 Liquido
2379 4266 2433 4315 iu
2464 4262 2539 4317 V.
2592 4276 2597 4279 ’
