3017 4942
731 419 800 467 ο.
843 416 1089 474 romu
1138 419 1471 471 saeuum
1523 423 1802 474 uuae.
1878 424 1930 478 t.
1976 410 2089 478 20.

311 558 490 619 ferant,
526 559 641 627 quis
684 560 926 627 ignorat?
994 563 1210 624 Itinera,
1246 579 1361 632 quae

310 655 398 703 per
428 641 579 692 hosce
615 655 778 693 annos
813 643 868 692 in
902 644 1059 694 Italis
1093 661 1190 710 per
1212 662 1362 711 agros

307 723 457 782 atque
479 716 640 782 opida
660 719 850 770 civium
871 720 1221 773 Romanorum
1245 739 1364 775 nos·

308 793 369 845 tri
391 794 729 859 imperatores
763 795 1018 859 fecerunt,
1052 798 1365 850 recordami-

309 870 388 922 ni:
423 880 532 921 tum
557 870 763 923 facilius
793 875 1057 932 statuetis,¹
1076 875 1200 942 quid
1221 876 1361 942 apud

307 952 505 998 exteras
560 949 799 1000 nationes
860 949 973 1000 fieri
1008 954 1363 1005 existimetis.

302 1019 484 1078 Utrum
520 1030 700 1093 plures
736 1029 1059 1083 arbitramini
1083 1047 1177 1096 per
1207 1032 1363 1085 hosce

304 1121 471 1172 annos,
486 1108 712 1159 militum
736 1118 1026 1160 vestrorum
1050 1112 1224 1174 armis,
1245 1110 1364 1160 hos-

304 1184 421 1235 tium
468 1185 656 1247 urbes;
709 1201 775 1234 an
813 1186 1060 1247 hibernis,
1102 1189 1361 1239 sociorum

302 1259 556 1325 civitates,
582 1276 697 1312 esse
721 1262 952 1313 deletas?
1002 1263 1191 1328 Neque
1223 1265 1361 1316 enim

301 1344 468 1400 potest
488 1338 784 1410 exercitum
821 1339 863 1389 is
897 1342 1168 1391 continere
1199 1343 1361 1407 impe-

300 1422 449 1472 rator,
487 1416 583 1482 qui
629 1431 686 1466 se
729 1417 899 1481 ipsum
945 1433 1044 1468 non
1090 1421 1361 1483 continet3

297 1506 456 1557 neque
491 1508 714 1543 severus
736 1508 849 1544 esse
872 1494 923 1543 in
941 1495 1253 1560 judicando,
1273 1499 1361 1563 qui

297 1569 419 1619 alios
449 1569 504 1619 in
541 1585 606 1619 se
641 1585 851 1621 severos
879 1587 996 1623 esse
1024 1573 1236 1638 judices
1257 1590 1360 1627 non

299 1647 435 1699 volt!
485 1650 738 1701 Schmun.

353 1726 433 1777 Aa
468 1729 717 1778 exercitas
753 1727 851 1792 ire]
896 1730 1042 1781 Tunc
1076 1731 1212 1781 enim
1245 1730 1360 1783 fere

296 1806 664 1857 moderatiores
685 1806 855 1857 adhuc
887 1817 1008 1859 sunt
1034 1809 1215 1873 duces,
1239 1825 1356 1863 cum

298 1895 324 1930 e
356 1894 479 1944 pace
502 1883 576 1932 ad
608 1882 799 1944 bellum
833 1885 1253 1950 progrediuntur,
1276 1903 1356 1938 re·

299 1972 399 2007 rum
421 1958 722 2010 futurarum
756 1960 980 2011 nondum
1004 1965 1169 2026 certi3
1201 1980 1355 2031 qnam

299 2048 402 2084 cum
424 2036 538 2100 jam
571 2037 913 2099 imperatores
933 2052 1001 2088 ex
1030 2039 1250 2092 victoria
1273 2057 1354 2092 re-

299 2112 465 2165 deunt.
512 2115 675 2166 Idem.
1272 2154 1275 2159 «

355 2191 506 2243 Brevi
531 2194 792 2260 futorum]
846 2196 1173 2249 Vocabulum
1223 2199 1358 2251 brevi

297 2269 535 2320 omittunt
562 2272 774 2322 codices
803 2274 934 2325 Mes.
971 2285 1227 2337 praeterea
1251 2277 1355 2328 Pu·

297 2348 1357 2413 teolanuS,cuspinianus,Plautinus,Gru·

296 2430 446 2491 tetus,
479 2427 871 2492 Berneggerus,
908 2428 1158 2478 Pataroh
1191 2432 1356 2481 ceteri

292 2499 399 2550 libri
443 2501 663 2552 habent.
728 2502 967 2568 Videtur,
1012 2506 1122 2555 sine
1166 2506 1357 2558 damno

294 2584 560 2633 sententiae
588 2581 770 2631 abesse
795 2569 964 2646 posse?-
1023 2583 1174 2635 Inter
1194 2585 1357 2650 impe-

278 2644 512 2711 ⁴intorem
547 2667 728 2711 autem
765 2658 982 2719 factum,
1012 2669 1068 2712 et
1104 2661 1357 2724 futurum,

292 2745 497 2786 notante
532 2738 812 2798 Catanaeo,
847 2739 945 2788 hoc
987 2737 1241 2790 interesse
1274 2755 1356 2791 so-

293 2811 375 2873 let,
408 2821 466 2863 ut
502 2811 638 2864 facti
679 2815 983 2879 plerumque
1017 2816 1180 2879 magis
1218 2816 1354 2868 inso-

292 2888 482 2941 lescant
504 2896 728 2956 propter
746 2889 1039 2955 fortunam3
1075 2892 1240 2944 futuri
1267 2909 1355 2945 ve·

293 2981 362 3027 ro,
404 2971 492 3034 qui
541 2970 719 3020 adhuc
775 2971 1006 3021 ambiunt
1061 2973 1354 3036 imperium,

292 3045 590 3097 modestiam
640 3061 749 3109 prae
793 3062 850 3097 se
894 3047 1083 3114 ferant,
1127 3056 1186 3100 ut
1230 3049 1354 3101 inde

293 3119 509 3174 favorem
534 3125 795 3174 hominum
821 3133 1164 3190 aucupentur.
1222 3128 1353 3177 Per·

295 3200 418 3251 tinet
470 3203 574 3252 huc
627 3201 837 3265 egregia
878 3203 1037 3252 Marii
1093 3205 1355 3255 sententia

298 3278 421 3340 apud
446 3280 664 3329 Sallust·
685 3280 929 3344 Jugurth.
951 3296 1069 3345 cap.
1085 3286 1167 3331 85.
1195 3283 1211 3311 ‘
1229 3283 1351 3333 Scio

296 3354 420 3418 ego?
452 3356 647 3421 inquit,
680 3357 696 3385 ‘
719 3358 989 3422 plerosque
1024 3373 1128 3407 non
1163 3358 1350 3409 iisdem

296 3434 480 3483 artibus
505 3434 782 3498 imperium
817 3451 848 3484 a
872 3434 1016 3484 vobis
1053 3442 1254 3499 petere,
1278 3444 1350 3495 et,

295 3520 555 3578 postquam
584 3512 763 3577 adepti
783 3520 921 3571 sunt,
941 3527 1125 3577 gerere
1142 3530 1163 3563 :-
1180 3515 1351 3577 primo

293 3585 585 3653 industrios,
608 3590 889 3654 supplices,
922 3590 1171 3653 modica,
1202 3606 1348 3655 esse3

295 3661 468 3717 dehinc
513 3681 612 3732 per
659 3667 919 3731 ignaviam
958 3676 1014 3719 et
1053 3670 1348 3732 superbiam

294 3749 487 3794 {etatem
511 3743 714 3808 agere.’
780 3744 946 3794 Plura
980 3743 1032 3793 in
1067 3743 1198 3795 hanc
1233 3759 1349 3794 sen·

294 3822 501 3873 tentiam
527 3823 827 3873 testimonia
860 3828 918 3872 et
954 3824 1196 3885 exempla
1227 3838 1346 3874 con-

293 3901 442 3959 gessit
460 3900 719 3950 Gruterus
752 3899 804 3967 in
839 3899 1070 3949 Discurs.
1091 3901 1257 3951 Polit.
1280 3902 1345 3952 ad

295 3974 450 4026 Tacit.
472 3992 519 4027 c.
539 3981 591 4027 4.
615 3976 701 4026 ubi
727 3976 833 4039 agit
854 3975 921 4024 de
947 3976 1346 4040 magistratuum

295 4047 443 4102 initiis
483 4055 596 4103 siue
631 4053 952 4103 melioribus.
1017 4052 1345 4119 Conf.·Lips.

297 4124 441 4178 Polit.
464 4144 522 4181 11.
544 4138 593 4181 5.
648 4132 801 4181 Idem.

355 4207 601 4259 Transitus
636 4208 743 4273 ille]
789 4208 1056 4273 Gryphius
1093 4209 1231 4259 hunc
1268 4207 1345 4258 lo·

298 4288 403 4330 cum
426 4286 497 4333 ita
521 4300 756 4336 mancum
781 4286 978 4337 edidit:
1013 4285 1218 4339 ‘Quam
1242 4285 1348 4336 dis·

298 4358 461 4414 similis
484 4379 650 4430 nuper
666 4364 881 4416 alterius
904 4364 1154 4431 principis
1176 4371 1352 4416 trans-

2375 414 2510 482 517

1435 566 1543 618 itus
1576 568 1687 630 ille,
1707 583 1809 619 non
1845 570 2115 634 populatio
2142 570 2295 623 fuit.'
2315 589 2326 607 =
2360 574 2509 626 Simi-

1438 645 1564 696 liter
1600 646 1684 696 hic
1729 647 1872 697 locus
1909 655 2120 700 notatus
2163 657 2244 702 est
2284 652 2335 701 in
2378 653 2507 704 libro

1436 722 1713 775 vossiano.
1777 724 1958 791 Atque
1993 725 2045 776 in
2079 728 2332 792 eiusmodi
2364 746 2508 782 man-

1437 813 1555 850 cum
1579 802 1847 866 exemplar
1870 801 2088 854 fortasse
2123 806 2278 856 etiam
2312 806 2509 858 incide-

1437 884 1521 927 rat
1555 878 1782 943 Lipsius,
1814 894 1931 930 cum
1967 880 2190 944 Epistol.
2224 883 2428 935 Quaest.
2450 898 2506 936 v.

1437 955 1518 1004 15.
1543 954 1614 1005 its
1648 955 1922 1018 legendum
1959 958 2298 1016 existimaret,
2326 963 2508 1013 transi·

1434 1035 1514 1081 tas
1534 1032 1646 1090 ille,-
1682 1031 1774 1081 imo
1795 1034 2167 1097 populatiofuit.
2234 1037 2505 1089 Gesnerus

1434 1108 1548 1159 haec
1592 1109 1751 1159 verba
1795 1110 1868 1160 ita
1922 1111 2231 1165 excudenda
2282 1115 2506 1178 curavit,

1431 1185 1633 1236 alterius
1671 1188 1905 1252 principis
1949 1190 2217 1240 transitus?
2262 1191 2307 1240 si
2349 1197 2507 1243 tamea

1432 1264 1517 1314 ille
1550 1279 1645 1314 aon
1678 1268 1919 1331 populatio
1948 1268 2071 1329 snit.
2137 1267 2264 1327 Sed,
2302 1270 2345 1319 si
2386 1278 2506 1335 post

1434 1356 1717 1406 pronomen
1774 1344 1856 1395 ille
1911 1358 2015 1394 non
2070 1354 2343 1410 repetatur
2395 1363 2501 1399 vox

1430 1421 1680 1478 neamus,
1704 1422 1875 1472 nescio
1893 1422 2157 1488 quomodo
2181 1423 2372 1490 aliquid
2397 1426 2504 1474 ele-

1434 1499 1624 1562 gantiae
1666 1497 1920 1562 σχήματος
1963 1490 2224 1551 decedere
2278 1503 2503 1553 orationi

1434 1577 1688 1626 videatur.
1754 1579 1821 1628 Et
1868 1590 1993 1627 sane
2037 1579 2207 1628 locum
2250 1579 2390 1629 hunc
2446 1581 2503 1629 in

1431 1655 1668 1706 omnibus
1702 1655 1815 1706 aliis
1850 1655 1997 1705 libris
2032 1655 2265 1719 scriptis,
2285 1656 2502 1720 impres·

1431 1731 1624 1796 sisque,
1649 1738 1905 1796 quotquot
1940 1732 2275 1797 inspeximus,
2308 1733 2383 1782 ita
2421 1734 2501 1783 in-

1430 1814 1637 1872 tegrum
1661 1807 1966 1870 invenimus,
1990 1809 2066 1858 uti
2096 1823 2189 1859 nos
2212 1810 2324 1873 jam
2355 1810 2500 1863 exhi·

1431 1883 1628 1935 bemus.
1685 1884 1748 1934 Iu
1773 1887 1885 1934 solo
1910 1885 2290 1950 Salisburgensi
2312 1886 2500 1939 codice

1428 1964 1514 2027 inq
1522 1963 1966 2027 uinatescriptum
1982 1964 2331 2030 est,Princs'pis
2344 1971 2504 2017 truns-

1425 2039 1544 2095 itus,
1580 2039 1662 2107 ille
1692 2054 1803 2089 vero
1833 2041 2083 2104 populator
2103 2040 2230 2101 fuit.
2310 2041 2503 2106 Figura

1427 2116 1786 2181 ἐπανορθώσεως
1841 2119 2292 2180 prorsus-eodem
2347 2119 2502 2170 modo

1431 2195 1598 2243 utitur
1621 2193 1736 2244 Cic.
1757 2209 1849 2258 pro
1872 2194 1990 2244 Mil.
2020 2209 2066 2244 c.
2089 2198 2171 2255 12,
2203 2201 2219 2224 ⁸
2239 2195 2323 2245 An
2357 2210 2503 2260 vero,

1423 2271 1650 2336 judices,
1684 2286 1776 2321 vos
1816 2272 1910 2322 soli
1950 2272 2220 2335 ignoratis,
2250 2289 2377 2338 quas
2412 2274 2501 2325 ille

1430 2350 1593 2412 leges,
1610 2349 1824 2399 simodo
1849 2349 1992 2412 leges
2011 2349 2338 2400 nominandas
2362 2358 2503 2417 suut,
2605 2388 2613 2395 .

1431 2441 1492 2476 ac
1518 2441 1619 2476 non
1644 2425 1788 2477 faces
1815 2426 1976 2487 urbis,
1998 2432 2053 2474 et
2087 2434 2265 2490 pestes
2290 2427 2500 2491 reipub·

1427 2503 1568 2567 licoe,
1590 2502 1747 2553 fuerit
1781 2503 2118 2568 impositurus
2151 2503 2300 2554 nobis
2333 2505 2501 2556 omni·

1429 2580 1525 2631 bus
1543 2590 1701 2646 atque
1725 2582 1987 2632 inustnrus
2003 2579 2042 2630 ?'
2076 2581 2228 2633 Idem.

1481 2657 1695 2708 Abactas
1711 2656 1968 2721 hospitum]
1994 2657 2210 2722 Utique,
2226 2656 2365 2721 qnod
2380 2657 2497 2722 jam

1428 2735 1700 2785 annotavit
1724 2735 1957 2799 Patarol,
1985 2734 2159 2798 paullo
2190 2735 2500 2785 insolentior

1427 2819 1511 2862 est
1530 2812 1642 2862 haec
1665 2810 1912 2876 loquendi
1948 2811 2117 2872 rati03
2149 2824 2319 2876 neque
2344 2826 2499 2862 voca.

1426 2890 1601 2941 bulum
1634 2880 1830 2939 abactas
1866 2889 1918 2938 in
1955 2889 2059 2937 ullo
2095 2889 2326 2938 melioris
2353 2889 2497 2940 Lati-

1425 2967 1604 3016 nitatis
1628 2971 1844 3016 anctore
1861 2963 2016 3014 facile
2038 2963 2291 3014 invenias.
2325 2965 2497 3018 Quid?
2565 2972 2568 2975 ’

1423 3057 1542 3094 cnm
1580 3050 1700 3107 post
1739 3041 1956 3092 verbum
1992 3049 2253 3105 exerceret,
2287 3050 2343 3093 et
2379 3049 2502 3107 post

1425 3122 1829 3186 subsequentem
1878 3121 2120 3185 copulam
2168 3136 2274 3186 que,
2319 3122 2497 3187 pronis

1425 3199 1634 3248 auribus
1678 3205 1984 3263 expectares
2028 3198 2210 3248 similis
2254 3199 2394 3249 modi
2437 3208 2497 3250 et
2545 3219 2554 3233 ·

1427 3276 1680 3340 temporis
1721 3274 1970 3336 verbum3
2003 3289 2053 3324 v.
2091 3289 2142 3337 g.
2179 3281 2195 3304 ‘
2224 3282 2497 3340 perureret

1427 3353 1852 3418 attereretque3'
1905 3352 2019 3402 haec
2062 3352 2229 3402 oratio
2273 3354 2325 3403 in
2371 3355 2494 3405 solis

1429 3431 1741 3495 participiis,
1767 3435 1961 3493 perusto
1995 3437 2052 3480 et
2084 3430 2277 3487 attrito,
2300 3430 2493 3480 subsis-

1426 3509 1512 3558 tit.
1578 3507 1641 3556 In
1687 3508 1896 3572 scriptis
1952 3515 2127 3556 tamen
2184 3508 2494 3572 excusisqne

1425 3583 1830 3649 exemplaribus,
1879 3582 2069 3634 menda
2116 3583 2344 3650 quidem,
2397 3584 2492 3634 sed

1423 3663 1618 3712 nullam
1641 3660 1858 3726 alicujus
1882 3660 2131 3710 momenti
2164 3663 2492 3724 varietatem,

1424 3737 1764 3803 deprehendi.
1850 3737 2156 3800 Beroaldus,
2210 3752 2304 3801 pro
2362 3751 2493 3788 voce

1401 3815 1638 3880 'abactum
1678 3813 1847 3866 edidit
1889 3814 2124 3880 abssctis.
2207 3814 2271 3862 In
2312 3815 2494 3865 codice

1425 3894 1657 3953 Veneto,
1701 3906 1797 3957 pro
1841 3895 2099 3951 exerceret,
2140 3891 2332 3955 legitur
2379 3907 2494 3942 exe·

1420 3977 1568 4022 reret.
1636 3970 1703 4020 ln
1747 3969 2034 4024 Vaticanis,
2087 3967 2493 4033 Salisburgensi,

1423 4047 1908 4111 Guelpherbytano,
1930 4052 1984 4092 et
2018 4055 2217 4108 nostro,
2253 4044 2491 4112 libroque

1421 4127 1693 4180 Vossiano,
1731 4137 1826 4187 pro
1862 4122 2114 4186 hospitum,
2148 4129 2298 4172 extat
2329 4124 2491 4187 hospi·

1420 4206 1560 4254 tium.
1629 4203 1675 4252 E
1693 4201 1879 4265 quibus
1902 4199 2025 4265 quid
2050 4200 2192 4249 alind
2215 4215 2362 4250 eruas
2385 4215 2490 4250 non

1422 4281 1594 4332 video.
1669 4278 1979 4329 Plenissime
2026 4285 2209 4326 contra
2257 4278 2367 4326 Liv.
2412 4291 2494 4326 w.

1422 4364 1506 4412 21.
1537 4357 1767 4423 scripsit,
1807 4361 1821 4383 ‘
1841 4353 2040 4423 praedae
2089 4353 2292 4405 abacta
2324 4353 2490 4404 homi-
