3017 4942
723 403 791 452 0.
839 398 1081 451 PmNu
1133 397 1470 449 SEoUNDt
1524 395 1807 447 PANRG.

288 554 487 612 torum,
504 546 780 609 recusavit,
793 559 960 611 eoque
982 543 1187 595 interim
1210 540 1368 595 cessit

291 625 535 691 privatis.
558 623 799 673 Schmun-s·

358 699 642 764 Recusasti]
661 699 809 749 Tunc
834 695 1075 763 quiderm
1108 694 1201 747 sed
1225 707 1368 745 rece·

294 778 374 844 pit
400 784 608 843 postea,
630 785 686 827 et
707 774 918 841 quidem
957 788 1127 840 usque
1159 773 1224 823 ad
1252 787 1369 824 sex·

295 862 427 912 tum,
453 865 512 907 nt
537 869 605 906 ex
628 855 800 905 Fastis
823 860 992 917 patet.
1018 853 1239 903 Paean-ol.

365 934 490 982 Cum
508 931 680 995 agere]
705 930 917 986 Melius,
941 943 1023 978 me
1037 926 1371 992 judice,ltaec

296 1022 412 1060 cum
439 1009 682 1071 sequenti
714 1005 930 1070 periodo
965 1005 1372 1065 continuamu-

297 1085 501 1137 mesti.
566 1083 688 1134 Catu
707 1098 849 1146 agere
881 1089 981 1133 tam
1002 1082 1173 1133 bouum
1203 1095 1375 1130 cousu-

295 1164 385 1213 tem
397 1173 578 1224 posses,
598 1175 823 1223 samum
836 1164 927 1210 est.
996 1159 1043 1210 N
1050 1173 1130 1209 am
1153 1159 1249 1208 boc
1267 1157 1375 1207 lau·

301 1238 411 1294 dat,
448 1239 571 1290 Jatn
604 1240 1021 1301 experimentum
1056 1236 1130 1285 tui
1159 1248 1377 1298 ceperas

303 1324 356 1367 et
374 1314 613 1368 dederas,
631 1313 683 1363 in
703 1311 901 1376 duplici
916 1311 1190 1362 consulatu
1211 1327 1224 1359 z
1259 1324 1375 1359 cunt

303 1405 434 1454 ergo
475 1390 551 1440 sic
578 1400 674 1452 pro
697 1402 811 1453 spe,
835 1396 925 1438 aut
947 1401 1104 1450 supra
1126 1398 1273 1449 spem
1297 1382 1377 1437 fu-

304 1468 431 1530 erit,
452 1466 577 1532 quid
605 1466 774 1515 renuis
815 1465 1050 1526 tertium,
1075 1469 1258 1528 parata
1287 1476 1378 1513 no·

302 1559 369 1595 va
388 1552 572 1609 segete
594 1543 770 1605 glorie
791 1543 811 1590 ἰ
848 1542 988 1605 Lips-

370 1621 625 1671 Consulem
659 1616 840 1683 posses]
883 1618 1147 1668 Librarius
1184 1616 1379 1667 codicis

303 1698 616 1751 Parisiensis
633 1697 711 1745 his
730 1695 944 1745 vocibus
962 1695 1271 1760 particulam
1286 1709 1382 1747 uon

302 1773 673 1839 imprudenter
699 1771 929 1830 infarsit,
946 1780 1000 1821 ut
1017 1772 1248 1836 legamus
1270 1786 1380 1821 con·

302 1853 452 1903 sulem
476 1864 571 1900 non
588 1863 766 1913 posses.
836 1848 1039 1911 Lipsius
1072 1849 1183 1899 ltaec
1222 1847 1383 1898 verba

305 1941 426 1979 cum
461 1926 705 1990 sequenti
747 1924 961 1989 periodo
1004 1923 1383 1985 continuanda,

306 2012 361 2052 ct
386 2003 463 2052 sic
487 2000 923 2065 interpungenda,
944 2000 1170 2063 censuit,
1185 2000 1385 2051 tertium

305 2081 605 2131 consulatum·
641 2079 888 2129 recusasti.
959 2078 1081 2128 Cum
1102 2092 1247 2140 agere
1284 2083 1384 2128 tam

306 2155 480 2205 bonum
498 2148 733 2205 consulem
752 2169 928 2219 posses,
940 2169 1166 2216 magnum
1182 2160 1271 2213 est,
1288 2153 1383 2214 dif-

293 2231 439 2292 serre
480 2232 721 2294 honorem,
760 2233 845 2290 εκ.
916 2227 1023 2280 Sed
1068 2244 1172 2280 non
1209 2228 1384 2291 video,

309 2307 437 2372 quid
476 2307 599 2356 inde
630 2309 709 2355 vel
750 2305 989 2369 accedat,
1025 2308 1107 2356 vel
1144 2304 1387 2371 decedat,

309 2384 591 2435 senteutiae
629 2383 917 2445 Plinianoe3
952 2385 1059 2433 sive
1092 2385 1190 2434 ista
1229 2382 1388 2433 verba

309 2460 374 2510 ad
425 2458 761 2516 anteriorem,
797 2459 909 2509 sive
948 2458 1016 2508 ad
1047 2457 1387 2523 posteriorem

310 2534 586 2602 periodum
606 2532 922 2585 referantur.
954 2534 1226 2585 Praeterea
1244 2543 1391 2599 puto,

309 2615 354 2665 si
378 2628 497 2664 cum
525 2613 814 2677 posteriore
838 2611 1052 2675 periodo
1072 2619 1246 2662 essent
1269 2626 1390 2662 con·

303 2688 600 2756 jungenda,
638 2694 764 2739 tunc
801 2688 1029 2738 Plinium
1077 2688 1391 2752 scripturum

312 2767 478 2817 fuisse
507 2768 629 2816 Cum
649 2780 792 2828 agere
824 2771 924 2816 tam
960 2765 1126 2815 bonum
1156 2767 1392 2816 consulens

305 2859 474 2909 posses
488 2859 510 2902 ,·
542 2857 766 2905 mag-nans
786 2843 1007 2904 eruam.
1075 2840 1394 2893 conferatur

316 2927 370 2971 et
398 2919 715 2970 Arntzenins
736 2919 799 2967 ad
824 2918 877 2969 h.
899 2920 933 2968 l.
955 2918 1199 2969 Schwars.

381 2998 627 3058 Magnum
668 2999 761 3056 est,
800 2994 1024 3061 differre]
1061 2996 1393 3061 christopho-

316 3090 409 3129 rus
448 3075 674 3125 Bebrius
696 3075 808 3124 liaec
846 3074 1007 3124 verba
1032 3089 1132 3124 non
1166 3077 1300 3128 male
1321 3075 1395 3127 ita

318 3151 594 3216 explicat3
649 3149 862 3212 Maguoe
909 3149 1077 3199 laudis
1110 3160 1212 3209 est,
1255 3149 1395 3216 quod

314 3227 506 3279 honori
546 3227 690 3277 tertii
729 3228 1032 3278 consulatus
1068 3242 1229 3294 usque
1265 3228 1398 3279 adeo

319 3319 426 3358 non
463 3302 698 3363 initiasti,
718 3308 777 3352 ut
799 3317 915 3352 eum
942 3301 1137 3353 differri
1163 3304 1400 3354 volueris.

320 3380 543 3444 Majoris
580 3378 742 3442 istud,
775 3379 937 3446 quod,
963 3395 1079 3430 cum
1117 3382 1277 3433 tertio
1310 3381 1399 3432 illo

322 3459 597 3511 consulatu
623 3457 839 3521 gloriam
861 3472 1097 3521 maguam
1121 3459 1216 3509 tibi
1251 3466 1400 3513 certo

324 3540 727 3600 comparaturus
742 3548 877 3584 esses
894 3549 910 3596 ;
946 3542 1136 3594 tamen,
1154 3535 1276 3601 quia
1290 3549 1400 3586 cre·

324 3613 530 3674 didisti,
552 3619 608 3663 et
632 3612 779 3669 alios,
811 3621 1009 3676 praeter
1033 3619 1108 3677 te,
1127 3612 1309 3675 bonos,
1344 3620 1401 3665 et

325 3692 482 3753 rebus
505 3690 747 3755 gerendis
770 3697 921 3753 aptos
940 3704 1071 3748 esse,
1087 3690 1200 3741 illos
1220 3705 1401 3755 passus

329 3782 386 3818 es
425 3782 457 3817 e
490 3765 761 3830 republica
794 3766 1010 3830 gloriam
1038 3767 1191 3817 istam
1224 3782 1400 3833 repor-

330 3852 467 3901 tare,
488 3857 642 3909 quam
666 3849 719 3892 tu
746 3856 941 3906 posses.
990 3843 1266 3896 Breviter:
1302 3859 1402 3897 nec

331 3936 508 3975 rerum
534 3918 874 3987 gerendarum
891 3918 1114 3977 laudem,
1129 3935 1245 3973 cum
1269 3922 1399 3973 invi·

330 4004 421 4054 dia
443 4016 573 4066 erga
595 4002 741 4063 alios,
764 3998 1007 4051 affectas.
1027 4002 1185 4054 Idem.

403 4075 635 4140 Gestum]
656 4077 974 4129 Secundum.
993 4078 1130 4143 Lips-

403 4153 609 4217 G'estus]
635 4152 851 4203 Exactis
874 4154 1234 4216 regibus,cum
1250 4153 1299 4202 in
1314 4167 1402 4204 eo·

338 4249 450 4287 rum
468 4233 634 4283 locum
648 4232 1021 4281 successissent
1040 4231 1293 4288 consules,
1309 4232 1405 4281 sic·

337 4318 398 4369 ut
421 4326 452 4362 a
475 4307 686 4374 regibus
708 4306 830 4359 olim
871 4307 1030 4373 bella,
1051 4307 1125 4360 ita
1156 4317 1211 4359 et
1235 4316 1354 4372 post
1375 4322 1406 4357 a

1890 396 1942 447 1.
1974 380 2083 447 56.
2377 381 2511 448 799

1442 537 1738 593 consulibus
1760 539 2281 597 administrabantur,
2296 540 2384 604 qui
2402 552 2512 591 taos

1445 633 1474 668 a
1497 619 1667 669 Bruto
1692 616 1757 667 ad
1781 618 2027 674 Marium,
2049 617 2134 683 qui
2167 617 2434 681 quinctum
2457 625 2515 668 et

1442 703 1648 745 sextum
1674 696 1852 745 consul
1886 694 1938 743 in
1975 694 2112 745 bello
2147 692 2268 755 fuit,
2291 694 2521 745 duravit.

1442 771 1699 834 Tempore
1723 785 1844 823 vero
1868 771 2027 834 Sylloe
2051 770 2294 828 obtinuit,
2312 777 2371 820 ut
2392 784 2514 821 con-

1444 849 1582 899 sules
1630 848 1808 899 Romae
1852 847 2211 910 magistratum
2255 853 2520 911 gererent,

1446 940 1552 990 quo
1587 926 1871 993 respiciens
1907 924 2156 975 Libauius
2189 925 2515 981 consulatum

1448 1001 1545 1052 sub
1577 1002 1978 1065 imperatoribus
2014 1002 2224 1053 vocavit
2260 999 2405 1065 ’γέρας
2435 999 2516 1050 ds·

1448 1087 1594 1136 πλον,
1616 1078 1838 1127 honorem
1861 1077 1972 1126 beni
1994 1078 2246 1128 immunem
2269 1078 2320 1126 in
2346 1077 2518 1128 Pane·

1450 1169 1564 1219 gyr.
1586 1153 1786 1207 Julian.
1818 1152 2043 1218 August.
2111 1155 2304 1205 Postea
2345 1160 2520 1205 tamen

1450 1231 1794 1295 imperatores
1827 1231 2154 1281 consulatum
2187 1237 2240 1284 et
2281 1231 2332 1281 in
2369 1245 2521 1283 exer-

1452 1308 1564 1361 citu
1591 1308 1731 1357 inter
1751 1320 1892 1357 arma
1914 1314 2151 1371 egerunt.
2176 1308 2330 1359 Beris.

1523 1384 1726 1448 Gesta-9]
1761 1385 1923 1435 Casus
1966 1393 2180 1450 quartus
2218 1390 2410 1448 gestam
2453 1398 2521 1437 ex

1453 1462 1702 1525 proximis
1728 1461 1901 1512 verbis
1918 1462 2175 1526 repetitur
2187 1462 2239 1512 in
2253 1463 2522 1513 codicibus

1452 1536 1748 1601 Vaticanis,
1783 1537 2270 1602 Guelplterbytauo,
2293 1545 2348 1588 et
2387 1552 2522 1588 meo.

1453 1616 1535 1667 Ex
1558 1621 1739 1665 nostro
1771 1613 1964 1664 indicio
1988 1628 2106 1664 eum
2130 1614 2289 1664 etiam
2312 1614 2523 1666 admisit

1454 1694 1738 1746 Gesnerus.
1772 1692 1843 1745 Et
1866 1695 2056 1751 fateor,
2080 1694 2215 1744 liunc
2238 1708 2413 1747 casum
2437 1708 2522 1745 ac-

1454 1772 1673 1823 cusandi
1697 1771 1818 1821 mihi
1836 1786 2040 1837 quoque
2059 1772 2289 1835 placere,
2307 1785 2417 1835 prae
2437 1785 2525 1820 ca-

1456 1864 1517 1899 su
1534 1850 1700 1912 primo
1710 1854 1893 1911 gestus,
1908 1849 1994 1912 qui
2017 1848 2068 1899 in
2085 1846 2320 1898 omnibus
2337 1847 2451 1899 aliis
2464 1847 2524 1896 li·

1457 1924 1565 1975 bris
1580 1926 1747 1976 locum
1767 1925 2009 1976 obtinuit.
2044 1925 2234 1990 Neque
2256 1932 2429 1975 tamen
2453 1924 2525 1974 vi·

1458 2002 1558 2053 deo
1576 2003 1923 2055 necessarium
1939 2016 2069 2063 esse,
2093 2008 2151 2053 ut
2187 1998 2399 2067 v'nlgata
2422 2002 2526 2052 lec-

1459 2080 1533 2130 tio
1549 2079 1613 2128 de
1632 2080 1955 2142 possessione
1971 2078 2264 2143 dejiciatur.
2283 2078 2528 2129 Schwart-

1523 2155 1799 2220 Barbaras]
1819 2155 2128 2207 Germanas.
2150 2155 2288 2219 Lipe.

1526 2231 1779 2282 Barbaros
1802 2232 1996 2297 gentes]
2020 2232 2083 2282 In
2114 2230 2419 2295 Germania,
2441 2230 2530 2289 ubi

1462 2309 1711 2361 Romanis
1734 2311 1900 2375 copiis
1921 2318 2168 2375 praeerat.
2189 2310 2411 2361 Potui-ol.

1530 2388 1640 2451 Illi]
1662 2389 1886 2439 Veteres
1909 2388 2166 2438 consules.
2197 2386 2334 2450 Lips.

1531 2462 1902 2526 Paludamento]
1925 2464 2029 2516 Qui
2064 2470 2378 2528 praetextam
2411 2476 2532 2512 con·

1463 2541 1686 2591 solarem
1713 2540 2000 2604 ponebant,
2020 2546 2074 2588 et
2110 2538 2241 2588 rotis
2265 2551 2534 2601 nuncupa·

1465 2617 1555 2679 tis,
1578 2617 1811 2681 paludati
1837 2614 2298 2680 proficiscebantur
2319 2615 2382 2664 ad
2422 2615 2533 2667 bel·

1463 2695 1589 2745 lum.
1656 2695 1672 2723 ‘
1693 2692 2128 2743 Paludamentum
2148 2691 2160 2714 '
2180 2699 2372 2752 autem,
2393 2691 2534 2740 clsla·

1466 2785 1579 2833 mys
1595 2770 1672 2835 (in
1693 2769 1882 2820 statuis
1906 2769 2228 2832 nummisque
2252 2768 2320 2816 im
2329 2773 2532 2831 perato-

1466 2862 1579 2899 rum
1605 2846 1857 2911 apparet)
1879 2846 1948 2898 ab
1966 2845 2192 2896 humeris
2211 2844 2536 2909 dependens,

1467 2925 1642 2976 colore
1655 2923 1819 2980 cocci,
1840 2923 1891 2973 id
1909 2930 2012 2984 est,
2025 2923 2289 2988 sanguinis
2304 2922 2535 2986 bellique

1467 3011 1612 3052 nota.
1681 3002 1795 3066 Ego
1837 3001 1902 3052 de
1939 3000 2136 3052 Militia
2164 3000 2256 3052 lib.
2289 3011 2354 3050 n.
2389 2999 2535 3051 Disl.

1470 3078 1670 3129 ultimo.
1697 3077 1850 3127 Idem.
2368 3072 2375 3077 “

1548 3152 1922 3216 Paludamento]
1965 3150 2423 3214 Fundamentum,
2458 3151 2539 3200 in·

1470 3231 1586 3295 quit
1601 3230 1982 3294 Lipsius‚‘erat
2008 3226 2277 3293 clllamys,’
2296 3229 2417 3279 utin
2435 3237 2540 3279 sta·

1472 3306 1577 3357 tuis
1617 3307 1942 3371 numinisque
1973 3306 2340 3370 imperatorum
2376 3318 2539 3369 appa·

1473 3392 1574 3441 ret,
1609 3384 1710 3434 ‘ab
1745 3384 1971 3434 humeris
2012 3381 2331 3448 dependens,
2367 3384 2541 3434 colore

1471 3462 1638 3519 cocci,
1652 3460 1704 3511 id
1724 3469 1824 3525 est,
1841 3461 2122 3525 sanguinis,
2138 3459 2365 3524 bellique
2382 3458 2542 3511 nota!

1476 3540 1721 3593 Colorem
1755 3538 1900 3591 cocci
1943 3536 2318 3600 paludamento
2362 3537 2541 3587 «latum

1473 3614 1645 3666 innuit
1670 3614 1809 3665 Ptin.
1830 3626 1977 3663 χιιι.
1999 3617 2050 3662 2.
2072 3613 2292 3662 Putat-ol.

1531 3692 1883 3742 Paludamento
1896 3694 2084 3740 mutare
2094 3687 2409 3752 pretextatus}
2425 3688 2543 3739 Hoc

1473 3768 1803 3830 μετωννμικῦε
1838 3764 2051 3826 dicitur,
2089 3779 2182 3827 pro
2220 3765 2236 3792 ‘
2264 3764 2400 3814 bello
2452 3779 2543 3828 pa·

1475 3857 1590 3893 cem
1634 3839 1878 3892 mutare.’
1945 3839 2104 3896 Nam,
2138 3840 2275 3906 quod
2307 3840 2431 3904 jani,
2454 3842 2544 3892 alii

1477 3926 1815 3976 annotarunt,
1851 3916 2011 3967 duces
2051 3916 2394 3975 exercituum,
2422 3931 2545 3969 con·

1476 3997 1633 4053 sules,
1651 4003 1706 4046 et
1724 3995 1822 4058 ipsi
1844 3994 2204 4056 imperatores,
2221 3993 2345 4043 ituri
2364 3994 2414 4042 in
2440 3994 2550 4044 bel·

1476 4074 1605 4138 lun»,
1621 4074 1753 4122 votis
1769 4071 2101 4135 nuncupatis,
2120 4070 2386 4134 positaque
2411 4086 2549 4135 praez

1480 4158 1646 4213 texta,
1667 4149 1954 4202 induebant
1971 4147 2409 4212 paludamentum,
2435 4159 2548 4198 ves·

1481 4235 1588 4278 tem
1624 4234 1964 4288 castrensem,
1990 4233 2047 4276 et
2081 4223 2291 4290 quidem
2325 4226 2549 4290 impera-⁶.

1482 4307 1686 4363 torism.
1755 4306 1924 4358 Quem
1948 4317 2142 4356 morem
2175 4304 2408 4377 respexit
2434 4303 2550 4355 Ma·
