3017 4942
702 443 768 493 c.
817 440 1059 492 ruit-m
1106 440 1439 492 ¹enemim
1491 440 1767 490 ranno.
1846 440 1902 490 1.
1931 423 2040 488 ¹75.

265 586 508 656 exempla
548 586 786 651 ponimus
835 599 1138 651 paucorum,
1194 584 1333 651 quod

263 678 446 713 omnes
459 662 635 713 facere
652 660 965 715 affirmamus
974 660 1010 712 ?’
1035 663 1169 713 Hanc
1183 663 1338 712 Laur.

264 740 459 801 Valla3
493 740 641 805 cujus
664 753 789 790 vero
824 740 1118 791 observatio
1141 739 1334 791 dudum

264 832 296 877 a
319 816 524 879 Bangio
557 816 594 864 l.
628 830 678 866 c.
716 823 772 866 et
807 830 839 865 a
873 817 1061 866 Vossio
1097 817 1163 866 de
1203 817 1334 866 Arte

261 891 500 942 Gramm.
525 906 627 941 vn.
651 897 733 941 65.
757 890 1072 942 labefactata
1093 901 1191 943 est.
1224 893 1333 943 Ha·

261 967 387 1033 bent
407 968 617 1032 quidem
635 983 810 1018 casum
829 968 1103 1018 accusandi
1127 968 1334 1033 probati

264 1053 538 1106 auctores;
575 1059 626 1095 ν.
650 1060 702 1108 g.
732 1052 929 1108 prater
971 1045 1194 1103 Livium,
1222 1046 1334 1097 Cic.

265 1122 500 1186 Philipp.
524 1135 565 1172 ι.
584 1125 666 1172 10.
686 1129 703 1154 ·
720 1120 874 1175 Quod
897 1123 997 1173 erit
1015 1124 1088 1172 ita
1111 1130 1336 1187 gestum,

264 1198 318 1247 id
343 1200 433 1249 lex
457 1200 580 1263 erit,
602 1206 659 1249 et
682 1200 733 1248 in
753 1214 825 1249 oes
847 1199 1008 1250 incidi
1034 1200 1336 1261 videbitis3’

263 1281 320 1324 at
336 1275 478 1324 idem
499 1275 655 1326 etiam
671 1273 1130 1336 casum‚auferendi
1149 1275 1330 1341 adjun-

265 1353 340 1415 git
357 1352 410 1400 in
430 1353 587 1401 Verr.
611 1356 785 1401 ιν.66.
801 1357 817 1381 ·
835 1351 901 1401 Id
926 1367 1028 1401 non
1050 1351 1200 1401 modo
1223 1360 1332 1402 tum

262 1427 609 1491 scripserunt,
629 1441 806 1477 verum
826 1426 981 1478 etiam
1003 1429 1055 1476 in
1081 1441 1183 1477 aere
1206 1429 1331 1478 inci·

262 1517 375 1552 sum
415 1502 565 1553 nobis
590 1502 953 1553 tradiderunt.’
1018 1500 1157 1553 Plin.
1197 1502 1334 1553 Hist-

261 1579 390 1633 Nat.
411 1593 617 1630 xxxiv,
636 1583 688 1629 9.
710 1580 729 1609 ‘
749 1578 887 1628 Usus
913 1580 1033 1629 eris
1057 1579 1122 1629 sd
1148 1594 1331 1643 perpe·

260 1656 508 1706 tuitatem
544 1655 968 1706 monumentorum
984 1656 1095 1719 jam
1132 1656 1331 1720 pridem

261 1733 551 1782 translatus
572 1739 655 1782 est
678 1732 868 1782 tabulis
891 1733 1060 1792 &reim
1075 1734 1126 1782 in
1148 1734 1333 1799 quibus

186 1827 192 1835 ⁴
259 1809 487 1872 publicae
542 1809 946 1858 constitutiones
1000 1809 1333 1860 inciduntur-,⁹

258 1885 481 1935 Sueton.
504 1886 643 1936 Coes.
661 1899 712 1935 c.
749 1888 832 1935 28.
854 1892 870 1916 ⁸
892 1885 1031 1945 Lege
1047 1886 1160 1948 jam
1184 1886 1239 1935 in
1262 1900 1334 1937 aes

259 1962 447 2025 incisa,
470 1962 599 2013 etin
623 1963 863 2012 erarium
884 1961 1135 2011 condita-⁹
1181 1962 1256 2013 At
1278 1963 1332 2012 in

259 2036 397 2100 Aug.
419 2051 539 2102 cap.
564 2042 680 2087 101.
715 2037 732 2066 ‘
751 2036 990 2099 Iudicem
1025 2052 1196 2088 rerum
1223 2052 1257 2087 a
1276 2052 1332 2089 se

261 2122 527 2177 gestarum
552 2114 711 2163 vellet
732 2112 894 2162 incidi
920 2113 971 2162 in
992 2113 1149 2163 oeneis
1182 2114 1332 2164 tabu·

260 2189 489 2256 lia,quae
526 2198 648 2240 ante
671 2190 996 2240 Mausoleum
1030 2198 1328 2241 statueren-

263 2266 383 2314 tur.’
437 2265 504 2315 In
524 2265 879 2317 vdtnstissima
903 2266 1084 2316 tabula
1107 2282 1251 2317 aenea
1265 2268 1330 2317 de

261 2341 695 2398 Bacchanalibus,
735 2358 851 2408 quae
889 2357 1026 2394 nnnc
1065 2343 1329 2395 Vindobo-

260 2432 342 2469 nae
362 2427 667 2470 asservatur
686 2436 698 2467 ε
725 2433 871 2470 n‘rm·
886 2433 1053 2472 noct.
1069 2435 1331 2474 murano-

260 2507 394 2547 un.
418 2508 686 2547 ananan.
701 2509 1118 2550 incarnatam-is.
1134 2500 1331 2550 Plinius

176 2590 178 2595 >
258 2582 442 2645 noster
484 2587 657 2636 snpra,
701 2586 792 2622 mr.
833 2578 879 2623 1.
915 2575 1181 2626 ‘Quando
1225 2591 1330 2626 uon

263 2648 512 2705 trabibus,
534 2657 626 2698 aut
663 2649 821 2714 saxis,
845 2664 1027 2700 nomen
1051 2659 1215 2713 tuum,
1237 2654 1328 2703 sed

260 2727 595 2776 monimentis
609 2734 820 2777 aeternoe
838 2727 1024 2791 laudis,
1044 2729 1331 2780 inciditur)

261 2801 410 2852 Idem
438 2794 604 2866 Epist.
631 2815 760 2852 vm.
781 2807 929 2855 6.13.
949 2805 966 2831 ⁸
986 2806 1330 2857 Senatuscon-

258 2882 395 2931 sulta
417 2880 487 2929 de
508 2881 570 2929 iis
594 2880 746 2930 rebus
769 2879 912 2930 facta
935 2882 983 2931 in
1010 2896 1112 2932 aere
1135 2883 1327 2933 incide·

259 2966 462 3015 rentur,
479 2957 638 3021 idque
655 2971 729 3006 ωε
745 2957 992 3020 figeretur
1009 2958 1075 3007 ad
1099 2967 1328 3011 statuam

259 3033 530 3085 loricatam
557 3035 631 3083 D.
647 3032 811 3084 Julii.’
877 3033 964 3084 Sic
987 3032 1171 3096 Aldus,
1190 3034 1327 3101 Gry·

260 3111 428 3174 phius,
451 3110 761 3171 Cratander,
780 3109 1075 3168 Sichardus,
1094 3111 1327 3175 Curtius,

261 3189 344 3250 qui
381 3187 624 3238 similiter
652 3187 708 3236 ἔτι
736 3200 834 3238 aere
872 3188 1072 3252 reperit
1093 3188 1146 3237 in
1181 3189 1327 3238 codi-

261 3264 404 3314 cibus
443 3265 568 3314 Μαι.
597 3278 892 3328 quanquam
924 3279 1029 3315 non
1071 3266 1201 3315 nulli
1238 3266 1324 3316 alii

260 3337 455 3390 ibidem
476 3340 704 3390 habeant
724 3340 779 3389 s'n
797 3355 882 3390 oes.
950 3341 1148 3391 Eodem
1173 3343 1225 3391 in
1251 3343 1326 3392 lo·

263 3430 341 3478 co,
396 3417 572 3480 paullo
616 3417 855 3479 inferius,
909 3419 1046 3469 idem
1106 3420 1323 3478 Plinius,

260 3500 274 3520 ⁸
293 3493 467 3544 Incisa
487 3501 545 3542 et
566 3493 822 3558 insculpta
844 3501 967 3546 sunt
1000 3496 1220 3559 publicis
1255 3510 1323 3546 as·

263 3571 529 3634 ternisque
557 3570 887 3620 monimentis
926 3573 1176 3634 proetoria
1213 3587 1323 3622 mo·

264 3645 492 3694 nimenta
527 3644 798 3700 Pallantis,
829 3645 905 3695 sic
939 3647 1088 3711 quasi
1122 3645 1323 3697 foedera

264 3722 496 3785 antiqua,
511 3722 585 3770 sic
598 3721 744 3786 quasi
765 3735 930 3771 sacrm
947 3721 1129 3785 leges!
1153 3722 1324 3787 Leges

264 3804 316 3845 et
334 3799 613 3859 orationes,
634 3799 686 3846 in
702 3814 792 3860 aes,
810 3799 1037 3864 aliasque
1060 3800 1327 3864 materias,

264 3869 421 3920 incidi
446 3874 801 3936 consuevisse,
826 3864 1069 3937 'pluribus
1092 3889 1326 3940 compro-

263 3945 349 3996 hat
375 3948 661 3998 Matthaeus
684 3949 963 4013 AEgyptius
986 3950 1037 4001 in
1059 3952 1328 4016 Explicat.

264 4022 447 4073 Tabul.
462 4024 530 4074 de
542 4026 977 4082 Bacchanalibus.
987 4042 1040 4092 p.
1054 4033 1168 4083 164.
1183 4045 1329 4098 seqq.

264 4099 502 4152 Schmun.

324 4183 473 4237 Ante,
495 4178 758 4243 orationes]
776 4180 941 4232 Immo
957 4196 1036 4233 eae
1052 4197 1157 4235 non
1181 4184 1235 4235 iu
1251 4201 1325 4238 ωε

269 4259 485 4318 tautum,
507 4256 597 4306 sed
635 4272 816 4307 aurum
849 4265 1225 4323 argentumque
1248 4261 1323 4310 in-

266 4333 398 4398 cisae,
441 4344 500 4385 et
546 4333 774 4385 lectione
817 4334 1030 4398 publica
1060 4337 1325 4401 repetita.

1374 4033 1611 4088 ·tander.
1684 4028 1816 4078 Rob.
1866 4024 2179 4088 Stephanus,

1411 583 1550 634 Vide
1574 598 1675 648 me,
1697 583 1740 634 si
1761 581 1929 646 lubet,
1943 596 2102 646 super
2120 581 2217 632 hoc
2249 595 2391 632 more
2406 579 2474 631 ad

1411 664 1603 716 Annal.
1639 679 1759 716 xiv.
1790 664 1981 727 Taciti,
2005 663 2138 714 haud
2174 664 2354 729 procul
2380 663 2474 713 ini-

1410 743 1504 791 tio.
1527 740 1665 806 Lips-
2375 774 2380 779 -
2432 787 2439 793 .

1472 816 1852 868 Acclamation&
1861 817 2050 880 quidem
2071 815 2273 879 aostrae]
2299 816 2474 869 Parti-

1409 897 1529 945 cula
1567 897 1770 959 quidem,
1814 896 1865 943 in
1907 893 2172 945 codicibus
2210 894 2473 943 Vaticanis

1410 976 1558 1022 1775.
1581 979 1634 1022 et
1655 975 1806 1022 3461.
1827 972 1956 1021 item
1980 970 2034 1020 in
2060 970 2477 1034 Guelpherbyta-

1407 1061 1496 1110 no,
1519 1049 1707 1099 omissa
1730 1055 1813 1098 est
1833 1064 1851 1111 ς
1881 1047 1974 1099 sed
1999 1049 2149 1108 male,
2166 1062 2285 1098 cum
2303 1048 2475 1109 singu-

1406 1123 1569 1175 larem
1594 1122 1800 1188 ἔμφασιν
1821 1122 1982 1174 addat
2019 1124 2259 1179 orationi,
2294 1132 2351 1173 et
2385 1138 2475 1172 ex-

1407 1200 1588 1264 plicari
1609 1201 1799 1265 possit:
1824 1198 1979 1251 Quod
1999 1213 2124 1250 vero
2139 1198 2203 1247 ad
2220 1200 2476 1249 acclama-

1407 1278 1577 1327 tiones
1601 1286 1804 1327 nostras
1823 1276 2033 1338 attinet,
2055 1277 2156 1326 stc.
2221 1276 2311 1326 Sic
2334 1289 2479 1324 usur-

1407 1361 1562 1418 patur
1581 1352 1736 1402 etiam
1759 1351 1812 1402 iu
1832 1351 2063 1415 proximo
2082 1351 2256 1416 capite
2278 1363 2477 1402 nxxvt.

1406 1435 1455 1481 3.
1481 1433 1496 1458 ‘
1515 1429 1694 1479 Ceteri
1717 1427 1925 1494 quidem
1949 1426 2129 1490 defixi,
2150 1437 2204 1477 et
2228 1426 2481 1478 attoniti.’

1407 1507 1521 1556 Cic.
1543 1506 1701 1556 Verr.
1725 1519 1802 1556 tv.
1824 1509 1907 1556 33.
1947 1505 1963 1532 ‘
1984 1504 2104 1554 Hoc
2142 1504 2475 1554 simulacrum

1407 1582 1611 1642 Dianae,
1644 1582 1955 1632 translatum
1980 1580 2369 1645 Carthaginem,
2391 1581 2469 1630 lo·

1406 1673 1523 1708 cum
1579 1664 1783 1707 tantum
1837 1658 2170 1721 hominesque
2230 1665 2476 1717 mutarat,

1405 1734 1705 1797 religionem
1737 1734 1945 1799 quidem
1987 1733 2261 1796 pristinam
2297 1747 2475 1782 serva·

1406 1810 1534 1861 bat!
1571 1813 1752 1874 Nepos
1768 1811 1819 1859 in
1840 1811 2127 1871 Phocione,
2149 1825 2197 1858 c.
2212 1814 2259 1859 3.
2274 1812 2289 1838 ⁸
2310 1809 2474 1859 Caus-

1405 1903 1515 1938 sam
1538 1888 1676 1952 apud
1694 1887 1997 1951 Philippum
2018 1899 2193 1948 regem
2211 1886 2389 1949 verbo,
2414 1899 2472 1936 re

1406 1967 1523 2030 ipsa
1557 1966 1767 2032 quidem
1805 1964 1942 2030 apud
1980 1962 2478 2028 Polyperchontem,

1399 2044 1577 2113 jussus
1602 2049 1685 2092 est
1705 2041 1913 2092 dicere.'
1932 2039 2182 2107 Schmun.

1473 2119 1581 2169 Nec
1602 2115 1820 2180 senatus]
1859 2115 1982 2167 Nou
2003 2122 2238 2175 senatus,
2275 2114 2397 2179 quia
2420 2127 2476 2163 e·

1404 2208 1524 2246 rant
1561 2195 1871 2249 adulatoria,
1907 2191 2130 2257 ideoque
2168 2192 2291 2240 viris
2330 2193 2476 2254 inge-

1404 2274 1523 2323 nuis
1547 2272 1723 2335 turpia
1744 2277 1800 2320 et
1813 2268 2058 2332 indigna:
2087 2282 2190 2316 non
2209 2268 2473 2330 princeps,

1405 2348 1527 2413 quia
1566 2347 1698 2397 falsa
1736 2353 1888 2396 eraut
1911 2351 1966 2394 et
2002 2342 2288 2404 mendacis,
2326 2348 2381 2391 et
2405 2356 2473 2390 ex

1405 2426 1593 2489 timore
1633 2424 1869 2488 prolata3
1905 2435 2009 2471 non
2034 2434 2101 2471 ex
2124 2427 2264 2477 voto,
2288 2434 2382 2469 uec
2404 2434 2472 2469 ex

1404 2503 1481 2554 rei
1509 2503 1752 2556 veritate.
1775 2499 1995 2549 Putat-ol.

1472 2579 1579 2628 Nec
1597 2577 1833 2643 princeps,
1868 2573 2081 2638 possent]
2123 2570 2258 2622 Haec
2292 2571 2471 2634 vulga-

1407 2655 1606 2705 tissima
1630 2661 1711 2703 est
1733 2650 1910 2707 lectio,
1948 2657 2004 2700 et
2040 2649 2271 2714 plurimis
2308 2649 2468 2698 etiam

1404 2730 1678 2783 codicibus
1716 2729 1847 2779 Μαι.
1883 2726 2218 2776 conveniens.
2287 2724 2469 2775 Codex

1405 2817 1578 2860 autem
1599 2803 2014 2868 Salisburgensis
2052 2802 2211 2851 habet
2250 2801 2467 2851 verbum

1402 2884 1679 2949 singularis
1702 2879 1922 2935 numeri,
1940 2883 2115 2942 posset.
2163 2877 2293 2928 Cod.
2317 2877 2470 2927 Vati·

1401 2976 1563 3012 canus
1585 2963 1733 3009 3461.
1751 2956 2077 3010 Parmensis,
2099 2960 2153 3003 et
2178 2953 2471 3017 Guelpher·

1403 3037 1648 3102 bytanua,
1676 3034 1907 3096 retinent
1943 3030 2161 3081 verbum
2201 3030 2252 3078 in
2288 3043 2466 3078 nume·

1404 3128 1462 3162 ro
1478 3109 1839 3171 multitudinis,
1849 3111 2072 3172 ponent,-
2104 3105 2264 3155 sedin
2284 3106 2469 3154 eodem

1402 3203 1622 3241 numero
1643 3188 1802 3238 ctiam
1836 3185 2138 3248 exprimunt
2168 3196 2355 3232 nomen
2379 3197 2472 3232 an·

1402 3267 1652 3318 recedens
1674 3263 1930 3329 principes.
1963 3260 2228 3310 Schwarz.

1468 3344 1576 3393 Nec
1591 3339 1832 3407 princeps]
1854 3339 1953 3389 Nec
1969 3335 2207 3402 principes
2228 3335 2289 3385 C.
2307 3334 2475 3384 Licin.

1465 3422 1531 3470 In
1551 3421 1721 3482 culgm
1738 3415 1897 3482 exire]
1923 3415 2054 3464 Haec
2077 3412 2236 3462 lectio
2267 3412 2335 3461 ab
2358 3425 2468 3460 om-

1399 3497 1552 3546 nihus
1584 3493 1850 3545 codicibus
1882 3489 2073 3540 nostris
2110 3485 2465 3541 confirmatur,

1399 3578 1626 3636 excepto
1644 3569 1825 3620 codice
1841 3563 2176 3625 Patavino,in
2190 3577 2293 3628 quo
2306 3561 2468 3624 scrip·

1401 3658 1511 3699 tum
1536 3654 1616 3696 est
1646 3647 1700 3694 ἐκ
1720 3643 1935 3705 singulus
1957 3640 2089 3690 exire
2101 3654 2122 3698 ‚·
2157 3647 2211 3687 et
2234 3646 2463 3701 excepto

1398 3724 1534 3775 libro
1555 3722 1831 3781 vossiano,
1850 3718 1903 3769 in
1923 3732 2029 3782 qno
2053 3722 2360 3765 annotatum
2384 3727 2464 3764 est

1398 3803 1452 3851 ἐκ
1463 3799 1673 3862 singulis
1693 3801 1845 3847 exire.
1910 3793 2091 3845 Nihilo
2110 3793 2276 3841 minus
2299 3792 2465 3841 Pute-

1400 3880 1601 3939 olanus,
1624 3873 1931 3932 Beroaldus,
1957 3872 2255 3930 Catanaeus,
2276 3867 2462 3925 Aldus,

1400 3956 1585 4015 Junta,
1622 3953 1927 4011 Rhenanus,
1959 3947 2305 4001 Philomnsus,
2338 3945 2465 3994 Cra-

2250 4024 2469 4084 Navius,

1402 4107 1795 4161 Kirchmaierus
1835 4101 2116 4166 prodidere
2154 4099 2209 4147 in
2258 4099 2465 4160 singulis

1400 4186 1572 4243 exim,-
1635 4183 1762 4232 item
1820 4175 2108 4240 Gryphius,
2165 4173 2464 4236 Sichardns,

1401 4262 1617 4317 Navius,
1643 4256 1712 4307 Η.
1733 4254 2049 4319 Stephanus,
2070 4251 2353 4315 Livineius,
2375 4252 2465 4301 El·

1400 4337 1560 4394 sevir,
1581 4341 1639 4386 et
1660 4331 2005 4395 Boxhoruius,
2037 4328 2126 4396 qui
2160 4337 2335 4379 tamen
2374 4340 2461 4378 ve·

2341 422 2473 489 949
2581 481 2587 487 .
