3017 4942
776 321 846 410 ὁ.
892 358 1137 409 eumn
1187 358 1522 410 saeuum
1575 360 1852 415 ritune.
1927 361 1982 412 ι.
2008 346 2118 413 81.

336 497 600 565 &quaint-
666 498 826 563 Cujus
859 500 900 549 si
936 499 1056 551 talis
1083 500 1283 551 animus
1303 507 1406 566 est,

334 578 594 625 solvamus
618 589 709 625 nos
730 575 840 640 ejus
860 577 1086 641 vincula,
1102 585 1158 627 et
1179 579 1403 629 claustra

334 650 699 715 refringamus,
718 661 776 700 ut
797 665 1071 714 erumpere
1096 654 1185 703 din
1208 654 1402 705 coerci-

332 735 438 777 tam
464 729 590 778 iram
613 728 666 778 in
685 729 859 780 bostes
882 743 1178 779 communes
1200 728 1402 794 possit?

331 804 534 854 Statius
552 804 680 855 Silv.
709 819 775 855 ιι.
796 808 847 854 4.
868 804 935 854 de
958 805 1134 856 Leone
1165 819 1403 857 mansue·

331 890 422 934 to:
468 884 486 911 4
505 882 646 936 Quid
661 881 850 948 {quod
894 883 1037 933 abire
1075 884 1250 944 domo,
1288 897 1399 933 rur·

2418 350 2554 418 999

1478 500 1618 553 feste
1650 517 1973 567 expressam,
1995 518 2147 568 quam
2183 511 2311 569 puto
2340 506 2423 557 hic
2457 521 2552 572 pro

1477 581 1493 607 ‘
1519 578 1684 642 vero,'
1715 578 1828 629 sive
1870 580 1887 607 ‘
1912 578 2094 641 certe,'
2131 582 2269 645 poni.
2304 583 2413 634 Cic.
2453 597 2550 646 pro

1477 655 1740 717 Cluentio,
1759 670 1807 706 c.
1825 659 1907 706 19.
1930 661 1946 685 ⁴
1962 655 2140 705 Verbo
2163 656 2249 705 ille
2272 671 2390 707 rens
2408 665 2548 723 erat,

1476 744 1534 781 re
1563 731 1788 796 quidem.
1809 745 1951 789 vera,
1989 739 2043 783 et
2078 734 2328 797 periculo,
2351 741 2406 784 et
2430 742 2549 787 tota

1476 810 1830 872 accusatione,
1843 808 2211 873 Oppianicus.’
2235 809 2383 860 Idem
2399 810 2547 862 Fam.

1475 898 1517 935 1.
1551 890 1600 936 7.
1648 887 1785 937 ‘Cui
1821 885 2030 952 quidem
2070 887 2240 936 litera
2286 893 2391 938 tuae
2427 902 2547 953 per-

330 973 526 1025 susque
569 959 623 1008 in
667 959 896 1009 claustra
935 959 1133 1010 reverti
1170 957 1399 1010 Suetus.’
1464 962 1717 1027 jucunda
1754 962 2005 1014 fuerunt.’
2071 964 2144 1014 Et
2177 963 2300 1015 alibi
2336 966 2548 1029 passim·

329 1035 496 1085 Vides
538 1035 646 1097 hic,
680 1036 1069 1099 receptaculum
1110 1036 1274 1087 leonis
1312 1051 1400 1086 vo·

328 1113 443 1162 cari
480 1110 761 1175 ‘domum,'
792 1120 849 1162 et
883 1112 1200 1173 ‘claustra3’
1238 1119 1398 1178 atque

326 1186 545 1239 inferius
568 1189 728 1239 etiam
760 1194 777 1218 ‘
800 1202 1007 1239 caveam
1028 1188 1063 1238 ι’
1104 1190 1120 1219 4
1145 1190 1265 1240 Stat
1285 1204 1396 1241 car-

328 1265 455 1317 dine
505 1272 688 1329 aperto
729 1264 926 1315 Infelix
970 1264 1171 1317 cavea)
1236 1267 1396 1331 Apud

328 1342 607 1394 claudian.
642 1356 866 1408 quoque,
901 1357 965 1393 n.
995 1344 1206 1395 Consul.
1227 1345 1398 1396 Stilic-

325 1433 408 1468 νο.
426 1423 544 1470 272.
566 1420 617 1469 in
640 1434 758 1469 meo
793 1420 975 1470 codice
997 1421 1100 1471 Ms.
1122 1422 1300 1488 utique
1323 1424 1396 1473 le·

325 1510 418 1559 go,
466 1496 483 1524 4
509 1496 749 1560 Retibus,
805 1504 861 1547 et
916 1496 1178 1562 claustris,
1229 1500 1394 1551 dilata

325 1578 495 1623 morte
531 1574 784 1631 tenendas,
820 1573 1197 1640 Ducendaeque
1235 1575 1396 1627 serae.’

325 1648 561 1699 Martini.
593 1663 675 1699 ιιι.
696 1653 779 1700 73.
813 1649 882 1700 de
918 1652 1068 1701 leone
1101 1659 1160 1702 et
1193 1654 1390 1705 ariete:

324 1723 343 1753 ‘
368 1725 542 1775 Cavea
564 1724 893 1775 stabulantur
920 1726 971 1775 in
1008 1742 1128 1784 una,
1150 1729 1220 1779 Et
1257 1729 1392 1791 pari·

325 1807 412 1849 ter
431 1800 595 1851 socias
616 1802 790 1865 carpit
813 1809 1034 1868 uterque
1058 1805 1254 1868 dapes.'
1300 1807 1392 1860 Ita

324 1876 509 1926 videor
544 1877 719 1928 Plinio
750 1879 1014 1942 antiquam
1047 1895 1226 1932 vocem
1262 1883 1391 1934 etae-

322 1954 444 2002 strr's
510 1953 636 2018 jure
712 1955 1005 2021 meritoque
1080 1956 1390 2010 vindicasse.

326 2027 645 2083 Schwarzius.

391 2106 455 2155 In
486 2107 697 2170 ipsorum
731 2108 918 2172 quidem
953 2108 1235 2173 ludibrium]
1269 2110 1317 2161 1.
1337 2125 1387 2162 e.

322 2180 377 2233 in
416 2184 643 2248 ipsorum
681 2199 806 2234 vero
845 2185 1136 2250 principum
1173 2186 1389 2237 ludibri-

324 2274 442 2322 nm;
474 2266 661 2325 utpote
692 2262 776 2326 qui
812 2261 1100 2312 deridiculo
1121 2271 1388 2328 spectato·

322 2336 465 2386 ribus
506 2335 673 2396 fuere,
719 2339 858 2403 quod
902 2339 1181 2404 cupierant
1222 2341 1389 2393 videri

320 2412 608 2479 haberique
631 2424 927 2476 venatores,
945 2431 1061 2466 cum
1090 2421 1262 2466 tamen
1287 2431 1389 2468 non

322 2491 423 2540 nisi
460 2490 601 2540 feras
639 2492 878 2542 claustris
910 2490 1132 2543 domitas
1166 2490 1389 2543 fractas·

321 2581 443 2633 que,
461 2583 579 2634 quoe
603 2583 671 2619 ex
696 2569 798 2619 illis
821 2569 943 2632 ipsis
966 2570 1208 2621 claustris
1237 2571 1389 2620 emis·

321 2658 392 2694 sae
415 2651 801 2707 praestaeraut.
826 2655 1159 2698 venarentur.
1223 2647 1288 2697 In
1313 2647 1388 2697 his

318 2720 497 2771 verbis
520 2722 742 2773 Livineii
765 2725 974 2774 auribus
1009 2730 1255 2788 suspecta
1285 2725 1389 2776 fuit

320 2797 582 2862 particula
601 2800 822 2862 quidem:
842 2802 1076 2864 quamvis
1100 2802 1238 2859 libri,
1262 2818 1389 2868 quos

320 2874 585 2930 tractarit,
623 2889 726 2925 non
764 2876 1030 2927 variarint.
1094 2879 1387 2928 Emendan-

319 2950 446 3001 d'um
482 2951 641 3016 igitur
670 2953 890 3010 censuit,
922 2954 978 3003 in
1008 2955 1219 3018 ipsorum
1249 2955 1390 3021 (quid

318 3027 435 3092 2157)
453 3027 726 3079 ludibrium.
771 3031 946 3095 Atque
962 3031 1118 3081 ecce!
1152 3046 1254 3082 non
1276 3040 1387 3083 tau·

321 3111 434 3155 tum
457 3105 624 3156 codex
646 3106 1143 3171 Guelplierbytauus
1169 3124 1262 3172 pro
1281 3110 1384 3174 qui·

317 3181 446 3238 dem,
476 3181 688 3232 exbibet
721 3182 838 3246 quid
872 3183 943 3245 in,
976 3184 1113 3248 quod
1138 3183 1386 3237 facillime

318 3272 387 3309 ex
424 3260 541 3322 qaid
568 3260 623 3309 ns·
648 3258 924 3309 formatum
947 3260 1150 3323 credas,
1170 3264 1262 3312 sed
1287 3266 1386 3314 eti·

316 3349 402 3387 am
435 3336 630 3386 diserte
667 3337 784 3400 lego
819 3337 872 3386 in
909 3337 1095 3387 codice
1131 3339 1386 3391 Vaticano

317 3415 466 3463 3461.
489 3412 539 3462 in
562 3412 870 3475 Parisiensi,
890 3420 946 3463 et
969 3414 1177 3465 Veneto
1201 3421 1245 3465 l.
1269 3418 1386 3481 quia

314 3492 386 3542 ni.
456 3492 721 3555 Concedo,
750 3493 855 3541 levi
885 3493 1171 3543 mutatione
1202 3509 1267 3544 ex
1297 3510 1383 3545 vo-

316 3567 450 3616 culis
494 3568 611 3630 quid
646 3568 701 3618 ni
741 3569 975 3632 potuisse
1012 3569 1130 3619 fieri
1162 3571 1384 3635 quidem,-

314 3643 409 3693 sed
427 3644 536 3707 pari
561 3644 776 3694 levitate
796 3645 957 3695 lectio
980 3645 1151 3710 prisca
1177 3648 1385 3710 quidem,

315 3720 368 3769 in
389 3720 644 3769 nonnullis
665 3720 934 3771 codicibus
952 3716 1190 3771 converti
1212 3724 1385 3785 potuit

317 3797 370 3845 in
410 3798 527 3861 quid
560 3797 646 3856 ui,-
688 3804 746 3847 ut
780 3797 857 3848 sic
890 3797 1102 3848 dubium
1141 3800 1230 3862 sit,
1265 3808 1384 3850 utra

314 3874 478 3937 lectio
500 3872 713 3925 fluxerit
734 3886 801 3927 ea
827 3876 1027 3925 calamo
1052 3877 1229 3928 Plinii.
1281 3880 1381 3928 Ve-

315 3968 449 4014 rum,
483 3954 532 4003 in
570 3953 671 4004 ista
704 3955 1132 4015 commutatione,
1166 3956 1280 4019 quid
1311 3957 1382 4012 πί,

314 4030 719 4094 haudquaquam
753 4044 959 4093 possum
994 4045 1110 4080 cum
1149 4033 1384 4084 Livineio

312 4118 599 4169 agnoscere
631 4106 944 4170 singularem
978 4116 1303 4160 venustatem
1327 4118 1393 4178 et=

314 4184 555 4248 gratiam.
611 4183 851 4235 Proefero
873 4185 1049 4250 potius
1072 4188 1385 4250 particulam

315 4261 522 4326 quidem,
533 4259 587 4312 iu
599 4260 836 4313 omnibus
850 4261 1045 4313 ceteris
1061 4262 1383 4323 libr-ismani-

1474 1039 1630 1089 Idem.

1538 1116 1600 1165 Ia
1641 1117 1850 1179 ipsoram
1885 1116 2072 1180 quidem
2113 1116 2397 1182 ludibrium]
2446 1117 2542 1169 Su·

1471 1200 1709 1255 spectum
1756 1194 1843 1244 bic
1885 1196 2013 1244 meis
2054 1194 2266 1244 auribus
2312 1194 2543 1258 quidem.

1472 1267 1615 1317 Libri
1656 1275 1832 1319 tamen
1868 1283 1970 1317 non
2007 1268 2228 1325 variant,
2263 1283 2393 1332 quos
2426 1270 2543 1334 qui-

1470 1343 1589 1395 dem
1613 1346 1899 1396 tractarim.
1969 1345 2341 1408 Emendabam,
2376 1346 2430 1394 in
2463 1346 2540 1409 ip·-

1468 1434 1627 1469 sorum
1646 1420 1681 1484 (
1682 1422 1848 1485 quidni
1863 1427 1884 1471 7
1884 1421 1919 1483 )
1950 1420 2221 1478 ludibrium,
2243 1421 2346 1470 levi
2369 1426 2541 1471 muta-

1471 1496 1633 1557 tione,
1664 1497 1755 1546 sed
1793 1512 1894 1547 nou
1928 1499 2118 1561 exigua
2147 1498 2423 1547 sententiae
2446 1511 2538 1546 ve·

1469 1579 1682 1622 nustate
1718 1579 1776 1623 et
1808 1574 1991 1636 gratia.
2057 1572 2143 1622 Tu
2177 1573 2313 1631 vide,
2349 1574 2536 1632 lector.

1467 1651 1525 1697 et
1547 1661 1724 1697 cense-
1785 1648 1945 1712 Apud
1962 1649 2211 1698 Senecam
2236 1662 2440 1712 quoque
2463 1647 2542 1705 da

1466 1723 1754 1774 Beneficiis
1774 1739 1826 1774 v.
1848 1728 1931 1775 24.
1964 1724 2099 1774 idem
2128 1725 2413 1788 tentabam,
2437 1725 2540 1779 sed

1465 1799 1599 1850 baud
1629 1802 1758 1863 scio,
1785 1815 1851 1850 au
1887 1801 1998 1865 pari
2032 1814 2290 1851 successu.
2355 1799 2536 1853 Verba

1463 1876 1579 1927 baec
1615 1884 1769 1927 sunt:
1815 1877 1983 1926 ‘Cum
2022 1877 2200 1927 Coesar
2238 1876 2535 1927 meminisse

1465 1967 1521 2002 se
1562 1952 1815 2003 dixisset:
1860 1950 2148 2002 Meministi
2186 1951 2416 2017 quidem,
2451 1953 2532 2003 in-

1464 2032 1598 2096 quit,
1642 2030 1735 2081 sub
1776 2029 1997 2096 quadam
2036 2029 2224 2080 arbore
2261 2030 2530 2083 minimum

1462 2107 1661 2157 umbrae
1700 2113 1981 2172 spargente
2018 2121 2138 2156 cum
2193 2108 2357 2158 velles
2402 2109 2534 2159 resi·

1463 2184 1592 2236 dere
1620 2182 2009 2234 ferventissimo
2030 2182 2173 2240 sole,'
2207 2191 2264 2233 et
2298 2198 2414 2248 qum
2447 2198 2534 2235 se-

1462 2269 1712 2327 quuntur.
1783 2260 2137 2325 Reponebam,
2172 2261 2401 2326 inquam,
2422 2262 2536 2312 Me-

1462 2339 1650 2388 ministi
1692 2337 1830 2405 (quid
1884 2337 1937 2386 ni
1952 2334 2003 2401 2)
2040 2338 2217 2403 inquit,
2265 2338 2360 2397 sub,
2387 2341 2534 2403 quad.

1461 2419 1546 2482 &e-
1585 2417 1830 2467 Muretus
1853 2414 1920 2465 de
1944 2416 2173 2479 ingenio,
2192 2422 2247 2464 et
2272 2415 2392 2479 Jnre
2415 2430 2536 2480 suo,

1463 2508 1567 2543 non
1612 2508 1642 2547 e
1688 2492 1855 2547 libris,
1899 2492 2085 2548 edidit,
2109 2492 2387 2542 Meministi
2419 2508 2537 2557 quo·

1463 2563 1574 2635 qu'e,
1593 2570 1769 2634 inquit,
1799 2569 1887 2618 aab
1923 2569 2067 2632 qaud-
2140 2568 2277 2620 Jano
2300 2568 2534 2619 Grutero

1465 2646 1724 2712 placebat,
1759 2642 2081 2694 Meministin²
2109 2644 2236 2694 idem
2269 2644 2358 2694 sub
2390 2647 2536 2707 quud.

1466 2723 1606 2788 quod
1659 2723 1784 2772 mihi
1829 2720 2038 2787 quidem
2095 2734 2197 2769 non
2253 2719 2534 2773 admodum

1463 2801 1671 2865 probat.
1735 2798 1938 2849 Addam
1963 2797 2123 2847 Solini
2146 2812 2175 2846 e
2202 2798 2534 2861 Polyhistore

1463 2893 1583 2943 cap.
1620 2880 1701 2927 32.
1735 2876 1925 2939 locum,
1958 2874 2045 2939 qui
2084 2874 2369 2938 superioris
2404 2874 2535 2935 milii

1464 2954 1785 3018 conjecturae
1821 2958 2006 3002 auctor
2042 2955 2099 2999 et
2136 2959 2381 3015 tanquam
2415 2949 2533 3000 fun-

1465 3029 1561 3080 dus
1588 3037 1701 3080 est:
1735 3030 1751 3057 4
1769 3029 2141 3079 Garamantum
2174 3025 2424 3091 oppidum
2447 3035 2536 3081 est

1462 3106 1679 3163 Debris,
1712 3104 1858 3156 fonte
1891 3106 2044 3163 miro,
2075 3104 2166 3168 qui
2198 3103 2425 3168 denique
2456 3104 2535 3154 al·

1461 3185 1629 3235 ternis
1659 3183 1857 3233 vicibus
1890 3181 1976 3230 die
2008 3178 2221 3244 frigeat,
2239 3187 2396 3231 nocte
2422 3179 2539 3233 fer·.

1463 3258 1620 3310 vest?
1686 3259 1793 3311 Sed
1822 3258 2013 3308 eximie
2038 3257 2288 3323 Langiani
2312 3271 2373 3307 ac
2398 3258 2530 3307 Del·

1462 3340 1593 3389 riani
1629 3339 1859 3400 codices,
1876 3338 2024 3396 sonte
2054 3337 2197 3401 miro,
2234 3336 2379 3401 (quid
2409 3338 2461 3386 ai
2480 3338 2530 3401 2)

1460 3418 1543 3481 qni
1583 3419 1806 3479 alternis,
1847 3416 1932 3479 qe.
2000 3415 2263 3478 Corrupta
2308 3422 2365 3464 et
2415 3415 2528 3464 boec

1460 3495 1619 3545 Plinii
1645 3494 1818 3559 Epist.
1831 3506 1932 3542 vu.
1954 3495 2039 3541 30.
2061 3493 2370 3556 ‘Torqueor,
2384 3491 2527 3555 quod

1458 3572 1794 3636 discipulum,
1823 3578 1888 3620 ut
1920 3569 2127 3631 scribis,
2164 3570 2379 3633 optima
2414 3572 2530 3635 spei

1457 3648 1695 3696 amisisti.
1725 3646 1884 3709 Cujus
1900 3653 1957 3695 et
1974 3644 2270 3695 valetudine
2287 3650 2344 3695 et
2358 3654 2528 3705 morto

1458 3721 1714 3786 impedita
1752 3720 1928 3770 studia
1972 3726 2063 3768 tua
2097 3719 2221 3782 quid
2262 3720 2526 3771 nesciam?-

1458 3815 1577 3852 cum
1613 3800 1680 3849 sis
1713 3813 1850 3849 omn.
1883 3794 2040 3847 offic.'
2068 3799 2169 3847 &c.
2236 3797 2527 3862 Corrigam‚

1457 3879 1574 3942 quid
1606 3876 1661 3926 ui
1693 3877 1877 3925 sciam?
1917 3875 1999 3938 &c-
2066 3874 2314 3924 Ceterum
2337 3875 2530 3927 similia

1459 3969 1524 4004 ac
1564 3967 1713 4018 paene
1758 3950 1965 4015 gemina
1998 3955 2118 3999 sunt
2159 3949 2243 4005 iis,
2285 3965 2400 4015 quae
2441 3951 2528 4013 hic

1457 4031 1702 4083 dicuntur
1735 4029 1822 4078 illa
1844 4026 2199 4091 chrysostomi
2232 4025 2423 4077 Dionis
2456 4027 2530 4081 de

1458 4108 1740 4158 Persarum
1779 4104 1988 4170 regibus
2024 4108 2262 4161 extremo
2285 4117 2526 4155 sermone

1460 4188 1528 4237 de
1550 4186 1733 4250 Regno
1752 4198 1842 4234 ur.
1872 4182 2072 4233 Ἐκεῖνοι
2090 4178 2181 4242 μὲν
2198 4180 2294 4246 ’γὰρ
2310 4180 2528 4253 repansi-
2587 4225 2604 4237 .,

1459 4281 1568 4314 σοις
1603 4257 1961 4326 περιλαβόντες,
1998 4255 2145 4307 ὁπότε
2184 4255 2534 4323 ἐπιθυμήσειαν,
