3017 4942
729 415 795 463 c.
845 411 1089 463 ammi
1140 411 1476 462 saeuum
1528 410 1803 462 nuno.
1881 411 1929 460 ι.
1970 394 2080 463 52.

363 555 668 621 Cubiculum]
705 558 875 610 Quale
900 558 1131 609 Neronis
1155 557 1306 622 illud,
1329 571 1361 608 e

294 647 396 697 quo
418 635 710 698 spectabat.
757 635 839 685 De
864 636 979 699 ipso
1000 635 1220 686 Sueten.
1245 649 1360 699 cap.

298 714 377 760 12.
430 711 601 763 Julius
661 725 869 777 quoqne
917 712 1093 762 Caesar
1144 712 1361 776 speciali

293 796 543 852 suggestu
570 805 710 853 usus,
734 789 920 840 eodem
946 797 1102 847 teste,
1136 805 1250 855 cap.
1279 794 1363 840 76.

293 865 413 915 Mos
435 866 523 916 hic
542 860 600 917 et
623 866 875 917 Asiaticis
903 868 1245 931 principibus,
1268 881 1361 916 un-

293 940 359 991 de
397 943 552 997 luxus
581 944 798 993 Romam
831 942 1102 1000 advectus,
1136 942 1360 992 solennis

289 1016 412 1071 fuit.
447 1020 685 1070 Tradunt
718 1019 1005 1069 Athenaeus
1039 1019 1281 1069 lib.x1u.
1305 1024 1362 1068 et

292 1097 570 1148 Plutarch.
590 1097 643 1147 in
666 1096 951 1146 Phocione.
988 1096 1209 1145 Pater-ol.
1283 1123 1304 1131 -

360 1175 587 1238 Quinque
615 1173 792 1237 millia]
826 1172 1106 1236 ConJectat
1134 1170 1360 1236 Lipsius,

291 1246 577 1315 legendum
603 1251 956 1314 quinquaginta
976 1251 1191 1300 millium.
1225 1249 1308 1300 Id.

358 1328 585 1393 Quinque
624 1327 799 1391 millia]
831 1328 1029 1377 Merito
1065 1336 1361 1392 suspectus,

288 1397 551 1469 nimisque
576 1406 819 1467 minutus,
846 1405 929 1456 hic
953 1419 1199 1455 numerus
1222 1406 1362 1456 visus

288 1489 376 1535 est
400 1481 600 1546 Lipsio,
625 1496 775 1546 quem
812 1482 957 1531 adire
996 1482 1137 1533 licet.
1201 1483 1361 1546 Equi-

289 1558 411 1608 dem
448 1559 703 1609 cellarius
746 1558 1090 1616 existimavit,
1131 1558 1360 1609 Plinium

288 1648 566 1684 numerum
601 1633 797 1683 sedium
838 1633 889 1682 in
922 1633 1062 1683 circo
1092 1641 1361 1685 auctarum

289 1711 354 1760 ad
380 1725 654 1761 numerum
692 1710 1031 1774 ingenuorum
1066 1711 1362 1761 restrinxis-

285 1802 363 1846 se,
404 1802 538 1853 quos
581 1788 791 1838 alendos
837 1797 1146 1852 susceperat
1185 1789 1361 1853 Traja-

287 1879 417 1925 nus;
458 1869 617 1927 prout
652 1864 852 1914 Plinius
883 1877 1041 1926 supra
1072 1876 1283 1913 xxviii.
1310 1867 1361 1914 4.

287 1939 535 1990 tradidit.
598 1939 703 1989 Sed
727 1937 845 1988 milii
869 1937 1076 1988 videtur
1104 1939 1272 2003 potius
1306 1938 1364 1988 li·

287 2018 499 2069 brarius
538 2018 747 2079 qnidam
776 2021 890 2083 jam
925 2019 1047 2068 olim
1084 2019 1237 2069 istum
1269 2034 1361 2070 nu·

285 2107 511 2149 merum.
537 2108 897 2159 quemcunque
920 2094 1127 2144 demum
1152 2109 1363 2159 expres·

283 2171 417 2221 serit
442 2157 665 2233 Plinius,
690 2185 757 2221 ex
790 2187 908 2235 cap.
935 2184 1150 2222 xxvtu.
1176 2172 1364 2222 intem-

288 2247 501 2311 pestive
539 2256 840 2312 temereque
881 2249 1189 2299 correxisse.
1251 2248 1363 2299 Pli-

287 2324 406 2373 nius
446 2329 624 2374 autem
663 2325 837 2388 potius
874 2323 1064 2387 innuit,
1092 2338 1361 2375 numerum

289 2402 663 2465 ingenuorum,
686 2419 813 2469 quos
841 2404 1126 2454 liberaliter
1149 2405 1363 2457 alendos

287 2488 598 2546 susceperat
628 2482 851 2540 Plinius,
876 2490 931 2533 et
963 2496 1107 2547 spem
1138 2484 1361 2546 plurium

286 2560 342 2614 in
356 2569 626 2625 posterum
638 2560 1248 2624 suscipiendorum‚circo
1261 2576 1361 2610 am·

289 2637 506 2701 pliando
526 2638 849 2689 occasionem
879 2636 1107 2687 dedisse.
1141 2637 1362 2688 Schwar-

289 2727 412 2764 zius.

357 2791 586 2850 Quinque
601 2790 776 2855 millia]
811 2793 1003 2856 Supra,
1019 2798 1040 2835 θ
1061 2790 1248 2840 Paullo
1266 2790 1361 2841 mi-

292 2882 392 2918 nus
416 2868 482 2919 P.
506 2868 568 2918 C.
590 2869 814 2934 quinque
839 2869 999 2918 millia
1019 2870 1360 2933 ingenuorum

288 2941 529 3005 fuerunt,
545 2959 660 3007 quse
676 2944 962 2994 liberalitas
979 2946 1226 3009 principis
1242 2960 1361 2995 nos·

294 3020 361 3069 tri
385 3020 721 3086 conquisivit,
747 3021 963 3085 invenit,
988 3021 1216 3073 ascivit.’
1253 3022 1362 3072 Ita-

288 3112 393 3164 que
416 3099 556 3149 circo
580 3098 868 3164 inscripsit,
890 3114 1139 3164 capacem
1164 3116 1221 3150 se
1243 3110 1359 3151 eum

291 3176 474 3239 populi
503 3175 726 3225 Romani
750 3178 1017 3241 statuisse,
1049 3193 1167 3228 eum
1199 3179 1361 3228 alicu·

288 3252 345 3306 bi
368 3259 674 3315 corruptum
700 3268 801 3318 qua
825 3255 1087 3318 majorem,
1112 3269 1214 3318 qua
1248 3255 1361 3318 pul-

289 3328 983 3392 ebriorem,exaedificasset.
1045 3331 1363 3397 xiphilinus.

290 3404 459 3455 Livia.

358 3483 583 3547 Quinque
615 3483 792 3547 millio]
822 3483 928 3535 Hic
962 3498 1205 3535 numerus
1236 3485 1359 3534 mihi

291 3568 587 3624 suspectus,
610 3567 666 3610 et
689 3562 916 3611 minutus
933 3568 1030 3612 est.
1064 3562 1201 3614 Quid
1220 3576 1360 3626 mag-

292 3636 367 3704 ni,
401 3636 495 3686 ubi
535 3643 614 3686 tot
649 3639 833 3701 millia,
866 3639 1073 3702 quiaque
1106 3637 1360 3691 duntaxat

292 3714 583 3778 adjecisse?
653 3714 725 3765 At
767 3717 905 3766 enim
951 3730 1108 3777 supra
1147 3729 1362 3766 xxviu.

291 3794 342 3841 3.
366 3791 504 3840 dixit
539 3796 555 3820 ‘
574 3793 805 3856 quinque
828 3792 990 3841 millia
1017 3792 1360 3856 ingenuorum

293 3865 624 3932 conquisita-³
691 3867 798 3931 Ita,
843 3868 935 3917 sed
991 3868 1055 3918 ad
1094 3869 1359 3933 alendum,

291 3936 464 4009 (quod
494 3944 637 3993 aliud
661 3944 810 3995 valde
842 3945 973 4009 est,)
997 3960 1095 3995 uon
1121 3947 1186 3996 ad
1209 3962 1360 4012 spec-

294 4020 528 4071 tandum.
563 4021 805 4086 Denique
820 4021 893 4072 iili
917 4023 932 4050 ‘
949 4022 1195 4086 ingenui,’
1212 4038 1360 4086 spec·

291 4103 570 4153 tantvero
614 4104 670 4146 et
702 4096 948 4148 libertini.
1012 4100 1235 4150 Moveor
1261 4101 1360 4150 eti-

298 4187 395 4231 am,
421 4171 563 4238 quod
589 4173 641 4223 in
666 4174 842 4226 Plinio
865 4177 1050 4240 legam,
1074 4177 1089 4204 ‘
1108 4178 1362 4228 Circuma

298 4249 501 4301 Caesare
549 4250 807 4303 dictatore
847 4261 1124 4318 structum,
1168 4255 1234 4306 ad
1279 4270 1359 4305 se·

298 4326 419 4390 dem¹
448 4341 604 4378 cccx.
643 4329 891 4379 millium.’
953 4331 1035 4384 Ac
1068 4337 1273 4398 postea,
1306 4333 1358 4382 in

422 4409 597 4473 Delph.
619 4415 665 4461 el
693 4410 810 4464 Vur.
831 4411 960 4462 elus.

1236 4415 1442 4478 Poneg„
1459 4413 1569 4465 Vct.
1621 4416 1629 4423 “

2368 392 2502 462 758

1439 556 1679 622 Victore,
1726 556 1743 586 ‘
1765 557 2001 622 cepisse’
2051 556 2296 609 scribitur
2348 557 2500 606 ‘loca

1434 646 1755 684 cccnxxxv.
1776 634 1934 684 millia
1953 634 1987 697 ;’
2016 634 2147 698 sive,
2169 643 2225 684 ut
2252 633 2424 682 verius
2446 633 2498 680 in

1436 710 1644 760 Notitia
1677 711 1914 776 Imperii,
1945 719 2000 761 et
2031 711 2251 775 integris
2290 708 2500 760 vocibus

1435 787 1809 851 perscriptum,
1829 794 1845 818 ⁶
1863 788 2243 852 quadringenta
2265 788 2500 850 octogin-

1437 871 1492 914 ta
1527 865 1791 930 quinque-⁸
1857 865 2030 930 Igitur
2075 871 2198 931 post
2241 866 2498 916 Caesarem

1436 941 1653 1002 largiter
1688 956 1814 992 sane
1851 943 1901 991 ei
1935 942 2221 1006 adjectum,
2261 947 2317 990 et
2347 954 2499 1005 paeue

1436 1017 1673 1082 duplum.
1741 1018 1820 1068 Ac
1858 1017 2049 1080 fateor,
2073 1019 2200 1068 alios
2239 1017 2499 1081 principes

1436 1096 1671 1161 potuisse
1695 1111 1907 1160 augere,
1922 1096 2012 1145 sed
2031 1094 2240 1160 publica
2264 1095 2499 1144 testimo·

1435 1171 1520 1220 nia
1557 1171 1831 1236 inclinant,
1864 1171 2107 1221 eximium
2144 1169 2341 1236 aliquid
2377 1170 2501 1219 Tra·

1425 1248 1610 1312 janum
1636 1258 1888 1313 patrasse.
1954 1247 2106 1297 Basis
2129 1248 2308 1296 Romae
2331 1252 2504 1296 exstat

1434 1325 1555 1374 huic
1577 1326 1856 1389 inscripta:
1891 1336 2110 1375 Tainvs.
2135 1338 2317 1374 xxxv.
2341 1335 2499 1377 avon

1435 1414 1863 1452 ιιιιειυιιτᾼτε.
1909 1414 2132 1452 omnn-
2197 1413 2498 1450 rumeins.

1431 1494 1733 1532 commona-
1756 1494 1968 1531 mum.
2000 1493 2197 1529 mam.
2233 1491 2497 1529 nocouvsr

1433 1569 1797 1609 annectimus.
1834 1569 2144 1608 Amnum.
2178 1569 2317 1605 smr.
2383 1555 2498 1606 Etsi

1436 1647 1501 1683 ea
1525 1635 1692 1698 posita
1727 1635 1778 1684 in
1801 1634 2071 1684 consulatu
2087 1635 2197 1698 ejus
2218 1647 2272 1683 v.
2297 1632 2501 1683 diutule

1436 1719 1560 1776 post
1582 1712 1749 1775 ipsum
1783 1709 2000 1773 factum,
2034 1711 2154 1759 dum
2179 1708 2498 1770 decernitur,

1436 1787 1559 1837 dum
1603 1795 1814 1851 paratur
1859 1792 2050 1844 statua,
2095 1793 2153 1835 ut
2196 1785 2349 1835 solet.
2433 1785 2498 1834 In

1436 1863 1621 1913 Dionis
1655 1866 1815 1914 etiam
1857 1863 2197 1926 compendio:
2233 1861 2370 1912 οὕτω
2404 1860 2500 1926 γάρ

1434 1957 1530 1989 που
1556 1939 1634 1989 καὶ
1662 1938 1982 2004 μεγαλόφρων
2006 1939 2082 1989 καὶ
2112 1939 2501 2002 perdomabitur

1437 2014 1545 2080 ἔφυ,
1571 2015 1697 2067 ὥστε
1726 2017 1806 2067 καὶ
1826 2019 1901 2080 τῷ
1931 2015 2200 2082 ἱπποδρόμῳ
2230 2016 2498 2080 ἑάιγράψαι,

1437 2093 1515 2144 ὅτι
1547 2095 1833 2159 &capenam
1864 2095 2011 2145 αὐτὸν
2040 2098 2108 2158 τῷ
2138 2098 2234 2146 τῶν
2264 2095 2502 2158 Ῥωμαίων

1435 2169 1568 2234 δήμῳ
1611 2172 1851 2232 ἐποίησεν,
1885 2173 2044 2233 ἐπειδὴ
2075 2173 2390 2239 διαφθαρέντα
2430 2193 2500 2235 πη

1435 2247 1517 2298 καὶ
1537 2247 1680 2312 μείζω
1696 2249 1775 2299 καὶ
1790 2249 2223 2315 remmio-uper
2234 2250 2501 2315 ἐξειργάσω·

1433 2342 1511 2374 το.
1566 2328 1699 2377 Adeo
1721 2334 1878 2378 autem
1898 2334 1947 2378 et
1968 2331 2135 2390 magni
2151 2331 2302 2380 animi
2324 2336 2373 2379 et
2391 2346 2502 2380 con-

1432 2407 1600 2466 ceptus
1631 2408 1752 2466 erat,
1791 2409 1845 2453 ut
1877 2405 2003 2455 circo
2035 2406 2349 2471 inscripserit,
2380 2409 2505 2471 quod

1434 2494 1650 2543 capacem
1665 2483 1829 2545 populi
1857 2483 2063 2532 Romani
2075 2485 2336 2534 struxisset
2351 2500 2369 2533 .·
2391 2486 2504 2548 quia

1432 2556 1620 2609 scilieet
1650 2564 1942 2622 corruptum,
1969 2564 2017 2610 et
2053 2560 2295 2621 maiorem,
2325 2567 2374 2611 et
2408 2563 2502 2613 ele-

1431 2634 1703 2697 gantiorem
1723 2637 1931 2696 fecerat.
1999 2638 2077 2687 Ex
2107 2638 2183 2686 liis
2211 2638 2500 2704 talibusque

1340 2754 1348 2761 .
1434 2710 1629 2773 inclino
1672 2713 1851 2776 legere
1892 2715 2245 2779 quinquaginta
2280 2716 2499 2779 millium,
2552 2762 2555 2765 ,

1436 2796 1530 2839 aut
1573 2790 1729 2852 ultra,
1767 2791 1810 2839 si
1854 2792 1971 2854 quis
2007 2792 2322 2855 φιλορωμαῒος
2358 2791 2502 2842 velit.

1433 2864 1522 2916 Ad
1566 2865 1696 2917 hanc
1738 2875 1912 2917 autem
1950 2869 2077 2918 circi
2121 2869 2498 2929 reparationem

1434 2942 1670 2993 Suetonii
1694 2943 1782 2993 illa
1805 2931 2068 3008 spectant,
2085 2944 2366 2993 Domitiani
2382 2960 2498 3010 cap.

1434 3024 1484 3070 5.
1522 3019 1705 3069 ‘Fecit
1745 3019 1949 3078 odeum,
1980 3029 2036 3070 et
2072 3021 2447 3085 naumachiam,
2470 3037 2500 3072 e

1434 3095 1582 3163 cujus
1615 3103 1798 3160 postea
1835 3097 2007 3162 lapide
2033 3099 2285 3146 maximus
2309 3097 2502 3156 circus,

1436 3171 1634 3223 deustis
1674 3173 1938 3239 utrimque
1967 3175 2235 3231 lateribus,
2265 3183 2501 3227 exstruc-

1436 3256 1520 3301 tus
1542 3251 1660 3303 est.'
1725 3252 1941 3311 Postea,
1974 3269 2162 3321 nempe
2188 3272 2219 3305 a
2247 3255 2501 3321 Trajauo.

1434 3327 1575 3393 Dips.
2490 3362 2495 3369 ·

1507 3406 1857 3472 Mqioremque]
1903 3409 2042 3473 Ergo
2081 3424 2183 3459 non
2225 3409 2289 3459 ad
2334 3410 2497 3459 solum

1416 3468 1565 3534 'iliud
1600 3493 1936 3546 augmentum
1960 3486 1976 3513 ‘
2001 3486 2225 3549 quinque
2250 3487 2465 3537 millium
2486 3486 2502 3509 ’

1437 3560 1729 3624 amplitudo
1749 3560 2158 3611 accommodata.
2194 3562 2347 3610 Idem.

1489 3637 1727 3693 Cannu.
1748 3638 2137 3701 mijamdudum]
2153 3640 2255 3688 Pro
2269 3654 2395 3689 voce
2408 3640 2502 3702 illi,

1433 3713 1727 3764 Beroaldus
1781 3714 1963 3765 vitiose
2004 3714 2171 3764 edidit
2215 3715 2375 3773 idem3
2409 3716 2501 3763 ali·
2556 3746 2563 3749 -

1436 3800 1684 3859 quantum
1709 3794 1997 3863 speciosius
2012 3793 2290 3841 Catauaeus
2311 3790 2463 3839 eidem
2477 3808 2500 3851 ,-

1435 3878 1493 3920 at
1525 3886 1701 3921 omnes
1726 3873 1908 3937 reliqui
1942 3870 2059 3920 libri
2085 3869 2217 3918 bene
2251 3877 2498 3931 reeteque

1434 3947 1630 3998 liabent
1643 3949 1734 3998 iun·-
1771 3948 1966 4005 Adbec
1986 3948 2037 3995 in
2053 3945 2287 3995 omnibus
2305 3946 2501 3997 codici·

1432 4026 1530 4076 bus
1548 4027 1681 4076 Mss.
1703 4026 1815 4075 liaec
1837 4023 2091 4081 voeabula
2119 4036 2219 4071 non
2253 4024 2387 4074 male
2423 4024 2499 4074 sic

1434 4103 1757 4167 transposita
1797 4101 2035 4166 legimus,
2067 4098 2352 4160 jamdudum
2392 4101 2499 4162 ilci,-

1433 4193 1502 4229 ne
1540 4179 1642 4228 duo
1677 4178 1909 4243 ejusdem
1948 4178 2498 4239 terminationis,.J’am-

1433 4255 1611 4307 dudum
1650 4254 1909 4317 radiatum,
1947 4268 2075 4303 sono
2122 4269 2300 4319 parum
2348 4263 2500 4318 grato
2546 4278 2549 4280 ·

1435 4341 1769 4385 concurrant.
1838 4335 2123 4400 Postquam
2156 4340 2279 4382 vero
2307 4332 2501 4382 Plinius

2256 4417 2286 4462 3
2320 4413 2366 4462 Β
