3017 4942
487 361 664 430 1060

485 522 686 574 virtute
714 519 975 573 fortunam
1010 513 1346 583 adaquavit!
1410 513 1553 564 Veli.

482 615 552 652 11.
571 603 655 650 47.
689 601 706 629 ‘
725 600 885 659 Julia,
912 612 1042 648 uxor
1059 594 1264 660 Magni,
1286 590 1552 643 decessit?

484 677 677 742 Neque
699 677 859 726 solum
886 676 1079 726 Graeca
1104 687 1232 722 voce
1253 668 1435 732 Μέγας,
1459 668 1552 718 sed

486 759 544 804 et
599 760 811 804 retenta
880 753 1111 801 Romana
1179 746 1552 813 appellatione,

485 827 682 892 Μάγνος
723 828 896 880 dictus
940 843 970 877 a
1011 827 1287 885 Strabone,
1330 823 1554 874 Nicolao

484 907 835 960 Damascene,
878 903 1130 967 Josepho,
1176 900 1371 957 Dione,
1410 898 1555 948 Zosi-

483 996 591 1044 mo,
616 982 850 1045 aliisque,
869 983 1022 1043 prout
1039 977 1382 1041 spanhemius
1397 989 1554 1025 anno-

486 1060 642 1123 tavit,
666 1061 700 1109 l.
728 1073 775 1108 c.
798 1072 920 1121 pag.
939 1061 1020 1106 66.
1045 1055 1133 1119 qni
1168 1052 1358 1104 ibidem
1382 1052 1556 1114 docet,

483 1135 584 1186 hoc
605 1147 888 1199 cognomen
914 1134 1071 1187 etiam
1108 1131 1172 1181 ad
1205 1129 1342 1181 filios
1377 1137 1554 1193 poste-

484 1226 672 1276 rosque
718 1212 819 1261 Cn.
858 1208 1100 1273 'Pompeii
1158 1207 1452 1269 transiisse3
1498 1213 1556 1256 et

484 1289 688 1354 pridem
713 1294 870 1337 antea
894 1287 982 1335 illo
1006 1292 1023 1315 ³
1045 1285 1232 1349 Magni
1255 1283 1270 1306 ’
1292 1283 1554 1347 cognomi·
1580 1336 1587 1341 ,

482 1379 553 1415 ne
595 1364 897 1427 insignitum
938 1360 1101 1412 fnisse
1141 1361 1206 1410 P.
1251 1358 1556 1410 Africanum

483 1442 755 1504 majorem.
818 1440 1026 1490 Seneca
1067 1436 1298 1502 quidem,
1338 1437 1404 1486 de
1448 1437 1557 1498 Ira,

483 1533 526 1569 1.
551 1522 633 1567 16.
671 1517 854 1574 tradit,
892 1518 907 1544 ⁴
936 1529 1180 1579 magnum
1202 1514 1217 1537 '
1251 1514 1485 1577 separari
1526 1528 1557 1562 a

483 1599 501 1626 ⁸
518 1596 655 1647 bono
673 1595 687 1616 ’
712 1610 811 1645 non
833 1609 1019 1659 posset
1060 1600 1074 1623 ⁸
1095 1594 1217 1644 Non
1234 1591 1351 1647 est‚'
1370 1592 1558 1656 inquit,

486 1679 503 1703 ‘
527 1672 663 1737 quod
703 1671 989 1732 existimes,
1026 1683 1203 1719 verum
1238 1682 1374 1727 esse,
1416 1667 1555 1732 qnod

485 1749 624 1813 apud
669 1747 1063 1799 disertissimum
1106 1745 1289 1802 virum,
1336 1743 1559 1800 Livium,

486 1827 712 1878 dicitur:
768 1828 867 1877 Vir
910 1824 1108 1888 ingenii
1155 1823 1331 1886 magni
1377 1821 1559 1884 magis,

485 1918 642 1968 quam
669 1903 823 1964 boni;
859 1916 962 1952 non
1000 1906 1172 1964 potest
1194 1898 1320 1947 illud
1345 1911 1558 1960 separa-

481 1982 567 2030 ri:
605 1989 696 2031 aut
731 1992 977 2043 magnum
1000 1983 1055 2026 et
1087 1977 1278 2026 bonum
1312 1975 1434 2036 erit,
1467 1980 1561 2023 aut

485 2070 587 2105 nec
604 2070 843 2120 maguum
860 2055 1002 2119 quis3
1020 2051 1430 2117 magnitudinem
1452 2052 1558 2099 ani-

486 2132 560 2181 mi
597 2132 952 2181 inconcnssam
988 2128 1246 2191 intelligo,
1279 2134 1336 2176 et
1368 2126 1559 2176 intror-

487 2221 573 2258 sus
612 2208 848 2264 solidam,
885 2206 951 2257 ab
980 2205 1081 2255 imo
1119 2219 1296 2267 parem
1334 2202 1561 2252 firmam·

488 2297 629 2348 (μιᾶς
662 2283 831 2346 qualis
856 2283 1025 2332 inesse
1051 2281 1195 2330 malis
1214 2280 1436 2344 ingeniis
1457 2294 1561 2328 non

487 2358 708 2425 potest!
757 2359 861 2409 Sed
886 2359 971 2408 hic
990 2357 1202 2408 disserit
1220 2358 1423 2408 Seneca
1447 2356 1561 2421 phi·

486 2436 773 2500 losophice,
791 2450 856 2487 ex
879 2436 1119 2485 doctrina
1142 2434 1469 2494 Stoicorum3
1502 2439 1561 2483 at

485 2514 612 2565 alibi
635 2529 699 2564 ex
726 2514 924 2578 vulgari
955 2527 1048 2562 usn
1070 2514 1087 2541 ‘
1111 2513 1286 2577 magni
1310 2511 1324 2532 ’
1350 2519 1404 2561 et
1426 2515 1442 2541 ‘
1469 2512 1557 2562 bo·

486 2591 545 2641 ni
566 2590 581 2615 '
616 2591 801 2655 utique
835 2595 1165 2654 separantur.
1234 2590 1305 2638 Et
1335 2589 1410 2637 sic
1445 2588 1559 2651 ipse

490 2667 605 2717 hoec
632 2666 804 2730 elogia
837 2665 1101 2728 separavit
1122 2664 1325 2714 Seneca
1347 2664 1398 2712 in
1423 2664 1558 2713 Con-

488 2744 644 2795 solat.
689 2741 755 2791 ad
808 2741 1083 2804 Marciam,
1134 2754 1253 2803 cap.
1299 2744 1379 2789 16.
1432 2739 1559 2789 ‘Ti.

491 2819 792 2870 Gracchum
815 2825 871 2868 et
899 2818 1104 2878 Caium,
1140 2830 1266 2880 quos
1293 2817 1451 2865 etiam
1472 2817 1559 2881 qui

489 2895 653 2945 bonos
690 2896 825 2944 viros
857 2894 1148 2956 negaverit,
1184 2907 1399 2957 magnos
1425 2891 1559 2943 fate-

488 2971 673 3030 bitnr‚’
695 2975 794 3021 διο.
826 2971 1073 3021 Schmun.

559 3047 785 3110 Optimus
819 3045 1060 3110 princeps]
1110 3045 1318 3108 Nempe
1363 3047 1567 3107 Nerva,

494 3137 561 3173 ex
603 3122 754 3185 cujus
789 3123 1070 3186 adoptione
1101 3122 1355 3185 Trajanus
1385 3121 1560 3171 dictus

491 3207 574 3250 est
605 3200 684 3249 Μ.
719 3199 910 3263 Ulpius
946 3200 1125 3249 Nerva
1157 3199 1427 3262 Trajanus.
1494 3198 1558 3247 In

491 3276 782 3327 Boxhornii
807 3283 862 3325 et
887 3277 1101 3327 Cellarii
1126 3275 1445 3325 editionibus
1464 3290 1562 3340 pro

492 3342 620 3401 casu
644 3350 828 3414 primo,
847 3350 1071 3414 optimas,
1086 3352 1216 3400 male
1239 3360 1453 3415 quartus
1470 3366 1556 3400 ex·

431 3430 437 3435 “
477 3442 646 3479 cuens
665 3435 744 3478 est
757 3431 1016 3492 optimum5
1051 3428 1137 3478 ubi
1156 3442 1331 3477 omnes
1355 3427 1562 3478 codices

475 3506 626 3555 -Mss.
651 3506 914 3569 ceterique
938 3504 1174 3568 impressi
1199 3511 1345 3554 recte
1367 3504 1563 3554 habent

492 3586 698 3647 optimus
743 3583 965 3646 princeps
984 3598 1003 3641 ς
1059 3590 1114 3633 et
1165 3580 1282 3632 talis
1350 3581 1561 3647 quidem

493 3660 673 3710 Nerva
710 3674 805 3725 per
828 3660 1074 3722 elogium,
1104 3673 1207 3708 nou
1239 3673 1335 3722 per
1370 3672 1561 3722 cogno-

492 3749 636 3798 men,
658 3736 868 3786 dicitur.
915 3736 1009 3785 sae
1033 3736 1189 3784 etiam
1214 3721 1381 3786 codex
1403 3736 1561 3785 saus-

496 3814 774 3877 burgeusis
799 3820 854 3863 et
885 3827 1050 3876 meus,
1085 3813 1135 3861 iu
1172 3812 1420 3876 proximis
1448 3827 1563 3862 ver·

494 3890 577 3939 bis
601 3903 875 3954 perperam
898 3888 1148 3939 exhibent
1180 3894 1371 3938 senatus
1403 3890 1456 3938 in
1478 3903 1562 3951 op-

495 3967 665 4017 timum
681 3980 882 4024 nomm,-
916 3965 1003 4015 ubi
1028 3979 1206 4014 omnes
1230 3965 1414 4029 reliqui
1440 3964 1560 4013 libri

494 4042 691 4091 rectius
724 4042 920 4093 habent
951 4046 1145 4091 senatus
1179 4044 1248 4090 ἐπ’
1271 4042 1457 4106 Optimi
1478 4056 1562 4091 no-

494 4132 617 4169 men.
660 4119 828 4169 Idem.

561 4195 626 4243 In
645 4195 805 4258 suum]
839 4187 1045 4246 Nomen
1071 4197 1334 4247 videlicet.
1380 4198 1563 4262 Traja-

496 4284 591 4321 nus
616 4269 752 4321 enim
776 4271 829 4322 in
852 4272 1102 4323 honorem
1140 4273 1374 4338 adoptivi
1400 4273 1562 4338 patris

1167 370 1385 422 ⁸0¹1·AE
1434 365 1846 418 vAnloRuu
1899 364 1979 416 m

1630 524 1932 576 prenomen
1949 507 2194 560 assumsit
2215 508 2424 564 Nerroe.
2441 513 2499 558 nt
2524 507 2712 558 videre

1631 588 1786 637 estin
1811 586 2048 637 nummis.
2086 586 2306 636 Patarol.
2678 600 2685 605 ·

1695 664 1759 714 In
1790 662 1953 727 sunm]
1995 663 2176 714 Nerva
2217 662 2471 726 Trajanus
2509 661 2712 711 dictus.

1627 740 1645 770 ‘
1670 742 1740 791 Et
1756 741 2034 796 Octavius.
2057 739 2337 802 adoptatus
2353 739 2406 789 in
2432 753 2626 788 nomen
2650 745 2713 788 et

1628 816 1874 866 familiam
1900 815 2029 877 ,unii
2063 814 2305 872 Caesaris.
2340 814 2499 865 Caius
2534 814 2714 864 Julius

1631 894 1810 944 cnm
1826 892 2152 943 Octavianus
2175 890 2386 944 dictus-⁹
2421 892 2613 941 Senec.
2635 890 2711 941 de

1626 970 1789 1020 Brev.
1809 968 1921 1020 Vit.
1936 984 1986 1019 c.
2008 972 2087 1019 16.
2111 967 2258 1018 Suet.
2277 966 2464 1017 Claud.
2483 981 2607 1030 cap.
2624 970 2713 1017 39.

1630 1045 1788 1097 Galb.
1810 1060 1928 1109 cap.
1949 1049 2034 1095 17.
2096 1045 2356 1108 Vopiscus
2380 1043 2435 1093 in
2462 1042 2710 1093 Aurelia-

1629 1135 1716 1173 no.
1783 1122 1886 1172 Dio
1908 1122 1944 1171 l.
1973 1134 2128 1171 xxm.
2152 1120 2222 1170 de
2246 1119 2448 1183 Adopt.
2469 1119 2710 1169 Octavii.

1631 1196 1860 1262 Appian.
1877 1197 1972 1247 lib.
1995 1211 2086 1247 nr.
2132 1196 2407 1247 claudian.
2431 1195 2482 1244 in
2502 1195 2710 1245 Honor.

1632 1281 1646 1303 ¹
1671 1272 1724 1323 in
1748 1287 1934 1324 nomen
1962 1272 2207 1324 Romanis
2231 1271 2386 1322 rebus
2411 1271 2711 1335 adoptans!

1632 1351 1788 1402 Rern.

1700 1427 1915 1492 Definite
1935 1426 2285 1490 distincteque}
2318 1424 2539 1474 Plurimi
2562 1424 2711 1474 codi-

1633 1518 1721 1553 ces
1761 1505 1893 1554 Mss·
1921 1489 2160 1555 ordinem
2203 1503 2382 1550 horum
2431 1500 2712 1550 adverbio-

1634 1594 1748 1630 rum
1785 1580 1861 1630 sic
1904 1580 2192 1636 invertunt,
2227 1577 2459 1629 distincte
2486 1576 2712 1641 definite·

1631 1675 1756 1724 qne,-
1789 1660 1883 1710 sed
1913 1661 2115 1710 retineo
2149 1656 2384 1708 ordinem
2414 1657 2468 1705 in
2505 1656 2710 1706 ceteris

1633 1738 1779 1787 libris
1804 1738 2094 1801 vulgatum,
2111 1749 2228 1785 cnm
2253 1742 2306 1784 et
2324 1733 2514 1784 Cicero
2538 1733 2600 1783 iis
2622 1748 2712 1782 eo-

1635 1813 1753 1863 dem
1778 1813 1960 1863 ordine
1977 1827 2099 1862 usus
2121 1812 2209 1872 sit,
2228 1812 2280 1859 iu
2304 1810 2457 1859 Orat.
2479 1825 2602 1873 cap.
2624 1814 2712 1860 29.

1635 1897 1651 1920 ‘
1671 1891 1775 1942 Qui
1801 1890 1929 1939 nihil
1963 1894 2138 1954 potest
2165 1886 2401 1946 definite,
2433 1888 2716 1943 distincte.

1636 1964 1830 2022 facete,
1854 1964 2067 2015 dicere-⁹
2130 1964 2194 2013 In
2218 1962 2474 2012 nonnullis
2509 1962 2714 2012 codici·

1638 2041 1736 2091 bns
1760 2043 1889 2091 Mss.
1913 2048 1969 2092 et
1991 2039 2138 2091 libris
2169 2039 2458 2104 antiquitus
2491 2040 2717 2102 impres·

1636 2119 1726 2175 sis,
1750 2133 1846 2181 pro
1874 2132 2016 2169 more
2040 2117 2196 2167 medii
2223 2117 2321 2166 aevi
2344 2116 2605 2178 scriptum
2628 2122 2716 2165 est

1635 2196 1876 2262 ⁶²:17²&ssss
1927 2196 2021 2245 sed
2067 2186 2334 2258 sequimur
2389 2193 2711 2255 scripturam

1638 2273 1986 2322 usitatiorem.
2052 2272 2147 2321 Est
2181 2284 2304 2319 vero
2325 2269 2542 2334 definite,
2570 2268 2710 2333 qnod

1638 2349 1792 2411 vulgo
1819 2347 2016 2397 dicitur
2039 2354 2054 2378 ⁸
2078 2343 2363 2411 expresse.'
2396 2345 2649 2395 Schwart-

1705 2424 1980 2488 Optimum]
2038 2423 2262 2487 Propria
2316 2436 2377 2470 ac
2422 2420 2713 2483 peculiaria

1637 2502 1752 2551 Deo
1796 2501 1985 2565 cuique
2030 2499 2374 2564 cognomina3
2427 2498 2545 2547 haec
2583 2497 2710 2548 Jovi

1636 2578 1951 2644 Capitolino.
1983 2575 2180 2628 Arnob.
2207 2574 2412 2625 advers.
2437 2575 2599 2625 Gent.
2621 2575 2713 2624 lib.

1636 2671 1677 2707 ι.
1692 2658 1933 2707 Lactaut.
1957 2655 2195 2705 Institut.
2216 2655 2342 2704 Div.
2356 2666 2395 2702 ι.
2414 2656 2494 2701 10.
2518 2653 2537 2679 ‘
2554 2651 2714 2715 Opti·

1636 2734 1706 2783 mi
1753 2735 1916 2797 prins,
1955 2733 2079 2796 quia
2113 2732 2275 2797 majus
2298 2735 2417 2790 cst,
2456 2736 2712 2793 certeque

1637 2813 1837 2876 gratius
1862 2811 2099 2862 omnibus
2114 2802 2385 2874 prodesse,
2400 2822 2557 2871 quam
2583 2821 2713 2870 opes

1637 2891 1889 2940 maximas
1924 2887 2155 2939 babere?
2222 2888 2334 2938 cic.
2377 2884 2502 2934 Nat.
2542 2886 2713 2933 Deor-

1589 3019 1593 3023 ,
1637 2966 1728 3017 lib.
1747 2981 1787 3015 1.
1810 2973 1824 2995 ⁶
1849 2966 2063 3015 Maximi
2081 2964 2096 2989 ’
2119 2962 2331 3017 deinde.
2354 2962 2713 3025 quiaopulen-

1639 3051 1721 3093 tos
1755 3043 2098 3108 copiososque
2132 3043 2300 3091 salvos
2336 3047 2393 3088 et
2422 3038 2714 3087 incolumes

1637 3117 1818 3169 efficit.
1853 3120 2009 3168 Rern.

1708 3193 2034 3257 Fmgalitate]
2054 3194 2070 3222 ‘
2088 3194 2249 3243 Bonae
2269 3188 2589 3241 valetudinis
2604 3205 2715 3239 ma-

1638 3271 1756 3334 tre,’
1779 3280 1839 3321 ut
1863 3269 2102 3319 Valerius
2125 3266 2354 3332 loquitur
2376 3280 2440 3315 ιι.
2457 3270 2507 3316 5.
2533 3266 2602 3314 de
2622 3265 2718 3313 Pi-

1637 3348 1774 3397 sonis
1798 3346 2136 3397 abstinentia.
2200 3344 2351 3395 Idem
2372 3357 2453 3393 ιν.
2474 3347 2528 3392 3.
2541 3346 2624 3393 10.
2662 3342 2714 3392 I-

1635 3427 1758 3474 dem.
2119 3425 2125 3429 ’

1701 3501 1930 3565 Pisones]
1981 3501 2058 3551 Ut
2096 3500 2410 3565 Calpurnius
2449 3499 2600 3564 Piso,
2641 3499 2713 3549 de

1636 3593 1739 3643 quo
1763 3579 1877 3628 Val.
1901 3579 2048 3628 Max.
2066 3581 2208 3627 1v.3.
2238 3582 2317 3626 10.
2339 3583 2394 3626 et
2420 3574 2564 3627 Plin.
2586 3575 2717 3626 Nat.

1638 3655 1779 3705 Hist.
1804 3669 2018 3705 xxxin.
2039 3660 2089 3705 2.
2126 3655 2352 3704 Putat-ol.

1701 3732 1871 3796 Latii]
1906 3733 1971 3782 C·
1994 3733 2180 3784 Laelius
2205 3737 2418 3781 vocatus
2440 3733 2528 3779 est
2551 3745 2583 3778 a
2606 3730 2712 3778 Ro·

1634 3810 1799 3875 manis
1818 3809 2072 3872 Sapiens3
2106 3808 2246 3873 qtnia,
2284 3821 2405 3857 cnm
2441 3805 2717 3867 corrigere

1637 3886 1797 3934 vellet
1822 3883 2079 3950 quendam
2099 3884 2314 3934 abusum
2337 3882 2714 3944 Romanorum,

1638 3960 1826 4025 quibus
1850 3959 2223 4009 excolebantur
2256 3958 2404 4008 fundi
2440 3958 2506 4007 ab
2530 3972 2707 4022 ergas-

1641 4036 1763 4086 tulis
1788 4037 2021 4085 barbaris
2038 4035 2270 4098 expulsis
2294 4034 2519 4090 civibus.
2541 4034 2710 4084 desti-

1638 4116 1706 4165 tit
1744 4117 1999 4165 tumultus
2038 4124 2206 4171 metu,
2246 4128 2398 4178 quem
2442 4113 2709 4163 excitave-

1638 4202 1757 4245 rant
1807 4202 2067 4258 potentes.
2156 4189 2474 4242 Plutarchus
2522 4191 2580 4240 in
2627 4190 2710 4240 Ti.

1639 4271 1895 4324 Graccho.
1961 4273 2049 4322 De
2078 4270 2175 4321 hoc
2209 4268 2322 4333 ipso
2358 4267 2521 4318 Laelio
2546 4269 2709 4333 pinri-
