3017 4942
733 396 798 444 c.
845 394 1087 444 remu
1136 389 1474 444 saeuum
1527 387 1817 445 rauna:
1884 395 1933 445 ι.
1971 377 2086 446 45.

299 540 486 600 putant
535 550 592 585 se
647 535 880 593 vincere,
937 534 1153 589 vicere!
1230 531 1368 588 02oe

298 612 412 675 ipsa
448 613 610 661 verba
642 613 802 664 etiam
841 614 997 664 babet
1027 615 1141 665 Liv.
1182 628 1245 664 ιι.
1282 615 1368 664 a«.

298 689 602 746 Ascensius,
621 697 678 739 et
701 690 866 740 Henr.
883 692 1197 754 Stephanus,
1218 692 1368 741 item·

297 780 400 830 que
443 767 689 816 Elaevirii
741 783 824 817 an.
868 772 1011 818 1640.
1060 783 1154 832 pro
1187 770 1372 831 volum,

296 841 515 891 edidere
559 844 747 904 uoluat,
791 845 1003 907 vulgata
1047 852 1220 895 tamen
1264 847 1366 895 lee-

296 918 440 968 tione
462 920 603 969 inter
620 922 880 971 variantes
906 922 1154 971 lectiones
1171 931 1374 972 notata.

297 996 552 1046 Admittit
589 999 699 1047 liaee
726 999 882 1048 lectio
907 1014 1005 1049 non
1031 1008 1370 1049 contemnen-

297 1071 414 1122 dam
439 1075 951 1138 interpretationem,
981 1076 1023 1125 si
1048 1092 1158 1126 eam
1182 1076 1257 1126 ita
1280 1091 1374 1126 ex·

295 1150 611 1214 plicaverise
646 1157 710 1208 et,
745 1154 860 1202 dum
891 1154 1058 1202 nolunt
1080 1153 1193 1203 fieri
1230 1154 1370 1218 mali,

280 1227 438 1292 fiunt.
507 1226 603 1289 At,
639 1229 682 1277 si
718 1229 802 1278 hic
838 1228 1000 1280 fuerit
1035 1246 1218 1280 sensus
1261 1231 1370 1280 Pli-

298 1304 393 1361 nii,
418 1309 548 1354 tunc
572 1303 793 1355 fortasse
818 1306 1052 1356 dicturus
1088 1306 1272 1357 fuisset
1304 1311 1373 1365 et,

294 1380 514 1444 quamvis
536 1380 870 1445 nolint,fiunt.
937 1383 1110 1432 Multo
1136 1397 1261 1447 ergo
1287 1397 1370 1432 ae·

296 1457 677 1507 commodatior
726 1466 806 1507 est
849 1460 1070 1509 orationi
1116 1470 1170 1510 et
1210 1460 1372 1510 menti

296 1532 459 1582 Plinii
480 1534 690 1597 vulgata
706 1534 886 1598 lectio,
899 1538 1019 1585 tales
1041 1551 1138 1586 esse
1153 1542 1199 1586 et
1217 1538 1372 1586 videri

296 1610 482 1673 volunt,
505 1614 573 1666 et,
596 1613 707 1660 dum
728 1614 892 1662 volunt
916 1613 1064 1675 [esse
1090 1618 1145 1662 et
1169 1613 1374 1679 videri,]

283 1688 444 1753 fiunt.
481 1690 737 1740 Schwara.

347 1767 487 1816 CAP.
495 1779 622 1816 xm.
642 1768 709 1816 Et
717 1767 903 1831 priores
913 1769 1102 1832 quidem
1110 1770 1373 1834 principes,

298 1847 499 1906 excepto
512 1848 653 1906 putre
672 1849 774 1907 tue,
794 1850 1027 1908 preterea
1042 1862 1134 1896 uno
1155 1852 1240 1897 aut
1255 1849 1373 1897 ‹tlte-

297 1934 353 1968 ro
376 1919 450 1983 (et
477 1921 623 1970 nimis
659 1921 795 1986 dixi)
832 1923 968 1971 vitiis
983 1925 1147 1988 potius
1179 1926 1373 1982 civium,

298 2010 440 2057 quam
454 1996 736 2061 virtutibus,
749 1999 1059 2063 loetabuntur]
1076 2001 1268 2049 Parum
1285 2001 1375 2049 ab·

300 2081 382 2120 est
406 2073 692 2138 Livineius,
708 2075 831 2139 quin
852 2076 1127 2127 adseveret
1152 2087 1296 2127 recte
1318 2084 1375 2127 et

303 2148 547 2198 Pliniane
573 2149 674 2212 legi
700 2151 810 2200 dixi
828 2152 980 2216 poem‘s
999 2154 1158 2217 potius
1182 2155 1373 2211 civium,
1403 2153 1407 2160 ’

301 2225 384 2285 ξε.
406 2237 524 2273 meo
549 2226 737 2283 animo,
774 2242 1047 2291 perperam
1071 2247 1087 2289 ς
1122 2244 1238 2279 narn
1272 2230 1373 2279 etsi

302 2306 454 2350 extet
495 2301 624 2351 illud
664 2304 817 2366 ρει-πίε
860 2304 910 2353 in
954 2305 1136 2356 codice
1174 2307 1373 2371 scripto

305 2376 417 2426 viee
458 2377 640 2441 polius,
696 2380 853 2431 habet
918 2397 1125 2448 quoque
1177 2391 1232 2434 et
1287 2384 1374 2434 ille

300 2452 436 2502 liber
462 2456 763 2518 praecedens
800 2458 1009 2509 verbum
1032 2460 1199 2521 vitiis3
1232 2460 1371 2526 quod

305 2546 407 2595 qno
416 2532 538 2595 jure
555 2534 840 2597 ejiciamus,
865 2550 964 2585 non
985 2536 1152 2587 video.
1211 2538 1372 2587 Dein·

304 2607 394 2671 de,
418 2609 461 2657 si
490 2609 751 2674 principes
774 2610 857 2661 isti
890 2613 1089 2676 priores
1107 2615 1261 2677 poent's
1282 2630 1373 2679 po-

304 2679 406 2735 tins
452 2686 854 2737 delectabantur
893 2682 1045 2753 quam
1077 2691 1248 2749 vitiiu
1280 2706 1375 2742 cur

305 2763 537 2813 rationes
567 2762 785 2813 subditae
814 2763 945 2814 nibil
976 2765 1286 2818 confirmant
1310 2768 1379 2817 de¹

299 2840 477 2904 poeuis,
522 2840 613 2889 sed
660 2841 727 2890 de
773 2839 954 2892 vitiis?
987 2850 1043 2893 et
1081 2859 1203 2895 vero
1249 2847 1376 2895 niliil

305 2917 610 2968 mutandum
630 2934 645 2967 t
665 2918 864 2968 dictum
880 2921 1016 2970 enim
1037 2923 1220 2987 voluit,
1238 2924 1373 2989 quod

305 2995 589 3044 Sallustius
622 2994 675 3043 in
702 2995 856 3045 Catil.
879 3011 997 3060 cap.
1015 3001 1066 3048 7.
1102 3001 1117 3025 ‘
1146 3000 1375 3063 Regibus

305 3071 451 3130 boni,
490 3086 644 3135 quam
683 3072 823 3129 mali,
860 3074 1210 3138 suspectiores
1236 3081 1376 3134 sunt,

308 3160 624 3212 semperque
647 3146 724 3197 his
749 3148 920 3198 aliena
944 3149 1109 3199 virtus
1132 3150 1378 3202 formido-

307 3225 419 3274 losa
442 3223 575 3275 estt'
607 3238 758 3291 quam
785 3241 1022 3290 gnomam
1049 3228 1272 3291 plurium
1286 3244 1378 3279 ex-

309 3300 601 3363 emplorum
634 3302 844 3365 paribus
876 3303 1179 3355 confirmavi
1202 3305 1266 3355 ad
1292 3306 1380 3356 illa

308 3378 503 3435 Taciti,
518 3377 656 3428 Ann.
673 3394 763 3429 111.
777 3384 858 3430 28.
883 3380 899 3406 ‘
918 3380 1217 3432 Deterrima
1237 3397 1378 3446 quae-

312 3471 412 3520 que
448 3456 698 3520 impune;
731 3472 791 3512 ae
813 3458 976 3509 multa
1007 3458 1246 3523 honesta,
1269 3460 1379 3511 exi-

313 3533 386 3581 tio
405 3530 590 3582 fuere!
627 3534 776 3584 Grut.

383 3609 512 3672 Uno,
554 3615 641 3662 aut
668 3612 844 3676 altero]
883 3611 1142 3677 Augusto,
1175 3613 1372 3677 Vespa⁴

313 3687 478 3747 siano,
523 3687 679 3748 Tito;
715 3689 762 3738 si
808 3697 979 3738 tamen
1021 3690 1120 3741 hoe
1154 3689 1220 3740 de
1263 3691 1378 3755 ipso

312 3760 558 3825 Angusto
580 3761 684 3812 dici
711 3771 905 3827 potest,
935 3766 1022 3829 qui
1050 3779 1167 3816 suos
1189 3768 1377 3817 molliri

312 3837 557 3902 vincique
620 3839 978 3904 voluptatibus
1040 3841 1177 3891 baud
1237 3857 1377 3906 oegre

313 3913 628 3975 patiebatur.
697 3914 825 3966 Ideo
848 3924 1025 3966 noster
1056 3916 1150 3981 ait,
1183 3920 1199 3946 ‘
1226 3924 1280 3969 et
1303 3919 1378 3967 ni-

312 3989 404 4037 mis
427 3987 577 4037 dixi?
609 3989 826 4039 Patarol.

382 4064 508 4120 Uno,
545 4069 633 4113 aut
651 4066 826 4129 altero]
862 4067 924 4116 In
955 4066 1088 4118 libro
1119 4062 1379 4119 Vossiano

315 4146 460 4188 extat
484 4153 575 4189 uno
608 4145 656 4188 et
687 4141 854 4192 altero.
920 4139 1098 4208 Atque
1133 4144 1209 4193 ita
1239 4158 1379 4208 saepe

313 4213 594 4278 loquuntur
618 4225 825 4268 veteres
848 4226 1107 4288 auctores,
1143 4221 1186 4270 si
1210 4228 1225 4250 ‘
1253 4236 1379 4285 pau-

315 4292 573 4343 cissimos’
606 4292 899 4359 significare
925 4296 1124 4348 volunt.
1156 4297 1376 4363 Cic-pro

2376 343 2566 447 vos

1443 536 1652 586 Cluent.
1672 545 1791 601 cap.
1807 541 1889 589 18.
1919 538 2059 590 ‘Qui
2084 551 2201 587 eum
2227 551 2381 587 unum
2399 538 2515 602 jans

1441 619 1497 661 et
1513 614 1733 663 alterum
1749 613 1891 663 diem
1909 613 2333 665 desideraretur.’
2359 615 2513 666 Idem
2561 609 2564 614 ’

1442 688 1496 738 in
1513 689 1720 753 Fragm.
1732 688 1799 740 de
1815 689 1966 755 Fato,
1980 689 1996 718 ‘
2016 691 2145 741 Cum
2159 690 2335 755 Scipio
2355 706 2511 742 unum

1440 773 1498 815 et
1524 768 1745 816 alterum
1771 781 1835 817 ex
1866 767 1947 830 iis,
1982 768 2071 834 qui
2094 782 2210 818 eum
2234 771 2510 820 salutatum

1418 839 1715 901 'venereum
1757 844 2062 895 invitasset?
2128 846 2307 896 Nihilo
2346 846 2512 897 minus
2563 910 2567 915 η

1444 920 1588 973 doct.
1615 922 1924 973 Arntzenius
1948 921 2226 973 lectionem
2249 921 2514 988 vulgarem

1447 1007 1590 1048 reete
1610 998 1841 1050 vindicat
1866 1000 2073 1061 Plinio;
2103 1000 2300 1050 etenim
2335 1009 2391 1050 et
2424 1001 2514 1051 alii

1446 1084 1686 1128 auctores
1727 1076 1910 1127 eodem
1950 1078 2104 1128 modo
2137 1077 2438 1142 loquuntur,
2469 1078 2514 1128 si

1445 1155 1669 1204 maxime
1692 1151 1926 1206 dubitare
1950 1156 2214 1218 videntur,
2249 1167 2316 1204 a:
2355 1169 2514 1205 unum

1447 1236 1649 1280 tantuin
1686 1231 1982 1296 designare,
2018 1247 2083 1282 an
2127 1246 2247 1282 vero
2285 1233 2511 1282 alterum

1446 1305 1602 1356 liceat
1619 1308 1832 1358 addere.
1877 1308 1994 1359 Cic.
2011 1310 2157 1359 Fam.
2182 1324 2235 1359 v.
2255 1314 2339 1359 21.
2372 1316 2387 1339 ·
2407 1307 2512 1361 Qui

1443 1380 1788 1445 frequentant
1823 1383 2032 1434 domun
2073 1399 2258 1448 meam,
2290 1392 2516 1449 except·

1446 1474 1575 1521 uno,
1612 1470 1703 1510 aut
1740 1459 1806 1509 ad
1845 1473 2096 1510 summurn
2121 1461 2325 1512 altero.¹
2392 1462 2513 1525 Ipse

1447 1536 1653 1586 Plinius
1679 1545 1875 1594 noster,
1899 1538 2071 1601 Epist.
2098 1547 2179 1587 tv.
2203 1536 2255 1585 B.
2290 1541 2305 1566 ⁸
2332 1539 2514 1591 Qualis
2563 1596 2570 1600 ,

1445 1620 1569 1662 ante
1598 1620 1671 1675 te,
1695 1614 1859 1678 qualis
1884 1620 2004 1678 post
2028 1621 2103 1678 te,
2138 1611 2222 1663 vix
2247 1627 2397 1675 nnus,
2422 1622 2516 1664 aut

1448 1690 1616 1753 alter;
1650 1705 1751 1740 non
1775 1690 1897 1741 sinit
1922 1691 2060 1740 enim
2092 1689 2401 1741 verecundia
2425 1695 2514 1739 tua

1449 1764 1643 1824 dicere,
1675 1768 1839 1831 qualis
1866 1764 2052 1815 nemo!
2119 1765 2366 1816 Similiter
2392 1761 2515 1814 dici·

1450 1847 1558 1903 tur,
1574 1849 1587 1872 ·
1608 1857 1759 1907 unus,
1781 1843 1862 1892 vel
1878 1841 2048 1906 alter,’
2070 1843 2086 1870 ‘
2103 1856 2255 1905 unus,
2278 1837 2513 1891 alterve.'

1448 1917 1692 1968 Schwarz.
2437 1971 2443 1976 .

1517 1996 1579 2043 Et
1604 1996 1749 2045 nimis
1768 1996 1898 2059 dixi]
1931 1996 1996 2046 In
2027 1994 2403 2059 Salisburgensi
2426 1994 2516 2046 co·

1448 2069 1566 2120 dice
1610 2071 1857 2136 scriptum
1919 2078 2000 2123 est
2055 2077 2105 2121 et
2158 2072 2314 2121 minus
2369 2072 2477 2121 dixi
2496 2087 2518 2131 ‚⁴

1451 2147 1606 2210 quod,
1654 2149 1848 2211 nescio,
1883 2162 1948 2197 an
1984 2148 2144 2197 menti
2189 2148 2347 2198 Plinii
2392 2163 2515 2199 eon·

1449 2224 1645 2273 veniat.
1705 2223 2003 2288 christoph.
2039 2224 2280 2286 Bebrius,
2317 2227 2369 2273 in
2406 2224 2518 2273 edi·

1450 2302 1593 2351 tione
1650 2302 1971 2366 Gedanensi,
2024 2304 2208 2352 maluit
2262 2310 2310 2353 et
2374 2304 2517 2353 nimis

1448 2381 1623 2428 multos
1651 2379 1759 2428 dixi
1782 2396 1801 2440 ,-
1849 2379 1937 2429 sed
1978 2379 2117 2430 nullo
2161 2378 2518 2444 adstipulante

1448 2455 1606 2505 libro.
1641 2455 1793 2505 Idem.
2064 2500 2073 2509 ,

1516 2531 1681 2580 Nimis
1701 2530 1835 2594 dixi]
1858 2532 2087 2595 Cora-igit
2104 2546 2180 2594 se,
2204 2546 2300 2582 nee
2324 2531 2519 2584 frustra

1447 2604 1670 2658 fortasse
1707 2609 1759 2657 in
1806 2607 2062 2672 Augusto,
2097 2610 2183 2673 qui
2223 2618 2384 2665 recta,
2426 2617 2519 2660 aut
2573 2671 2578 2678 Α

1447 2675 1595 2735 certe
1610 2691 1806 2747 erecta,
1826 2700 1929 2735 non
1950 2685 2100 2735 nimis
2120 2686 2345 2735 amabat.
2380 2684 2518 2734 Suos

1434 2763 1608 2828 ³etiam
1655 2763 1789 2811 ludis
1830 2771 1885 2813 et
1932 2762 2286 2825 voluptatibus
2331 2760 2519 2810 molliri

1449 2846 1610 2904 atque
1651 2837 1871 2902 inflecti,
1905 2840 1959 2889 in
1996 2838 2134 2890 bono
2171 2845 2392 2903 tutoque
2415 2838 2518 2887 ›ba-

1447 2918 1624 2968 bebat.
1656 2917 1793 2981 Lips.

1522 2994 1671 3045 Vitiis
1686 2997 1847 3059 potius
1879 2995 2080 3061 civium]
2112 2995 2270 3045 Soleo
2293 2995 2345 3043 in
2370 2999 2517 3044 auto·

1450 3072 1663 3136 graphia
1695 3073 1839 3122 libris
1877 3087 1977 3123 non
2015 3074 2235 3123 virtutes
2258 3073 2421 3122 solum
2443 3073 2517 3121 le-

1452 3163 1579 3212 gere
1623 3158 1679 3200 et
1734 3150 2003 3214 excipere,
2047 3150 2138 3200 sed
2186 3150 2324 3213 ipsas
2364 3150 2532 3206 adeo,-

1452 3240 1568 3289 qnae
1604 3225 1865 3290 videntur,
1901 3226 2115 3277 mendas
2155 3227 2532 3290 introspicere?
2573 3291 2576 3292 γ

1452 3302 1524 3351 Et
1567 3310 1649 3352 est
1694 3303 1952 3367 profecto,
1998 3305 2050 3356 in
2090 3319 2193 3368 quo
2240 3304 2532 3369 aliquando'

1452 3393 1629 3443 operae
1654 3381 1880 3442 pretium
1912 3379 2023 3431 fiat.
2087 3382 2140 3431 N
2145 3396 2209 3430 on
2235 3382 2385 3444 louge
2410 3381 2532 3443 abi·⁶

1451 3470 1561 3506 ero.
1628 3457 1782 3508 Quod
1807 3457 1859 3506 in
1883 3457 1949 3507 V.
1970 3458 2220 3509 scribitur
2249 3459 2398 3521 poenis
2427 3460 2522 3507 civ.

1453 3545 1631 3595 parum
1672 3533 1840 3592 abest,
1881 3534 2004 3598 quin
2042 3548 2333 3583 asseverem
2374 3541 2517 3583 reete

1452 3615 1508 3657 et
1571 3609 1809 3657 Pliniana
1867 3609 2071 3674 concipi
2122 3609 2274 3672 poenis
2326 3610 2532 3657 civium.‹

1452 3687 1640 3751 Supra,
1683 3694 1698 3717 ‘
1732 3702 1848 3736 cum
1891 3687 2067 3736 orbem
2115 3695 2368 3740 terrarum
2412 3699 2532 3734 non.
2579 3679 2584 3684 ’

1454 3763 1691 3826 pedibus,
1713 3778 1866 3828 quiam
1897 3762 2153 3826 laudibus,
2180 3760 2532 3826 peragrares.':

1453 3839 1620 3902 Infra,
1644 3840 1974 3904 ‘Quanquam
1994 3854 2096 3889 non
2115 3839 2342 3900 ambitio,
2363 3852 2518 3903 qnam

1455 3916 1586 3969 livor
1627 3922 1681 3966 et
1726 3916 2040 3980 malignitas,
2090 3916 2255 3965 videri
2310 3915 2536 3981 potest.”

1455 3991 1699 4042 Imitatus
1723 3992 1821 4043 hoe
1846 3993 2105 4044 Nazarius
2135 3993 2185 4041 iu
2221 3992 2520 4044 Constanti-

1455 4082 1597 4124 num,
1631 4076 1647 4099 ‘
1666 4069 1721 4117 Si
1746 4068 2265 4134 eoncordiam,quani
2295 4068 2519 4126 veniam.

1455 4145 1707 4208 appellari
1729 4141 1810 4193 fas
1836 4144 1954 4194 est?
2001 4144 2258 4196 Arnobius
2272 4143 2530 4214 adversus

1457 4220 1656 4271 Gentes
1679 4219 1769 4271 lib.
1796 4235 1836 4270 1.
1867 4222 1883 4249 ‘
1910 4221 2031 4271 Non
2067 4222 2379 4272 simillimum
2410 4223 2519 4272 veri

1457 4305 1556 4358 est,
1593 4295 1749 4348 fidem
1785 4297 1966 4349 vicinis
1998 4304 2055 4349 et
2090 4298 2340 4363 finitimis,
2366 4312 2536 4365 quam?
