3017 4942
476 357 651 426 1020

477 533 542 568 ex
567 532 670 569 nno
693 516 919 584 quodam
955 515 1245 584 antiquiore
1272 519 1385 585 jam
1419 519 1546 570 olim

476 593 773 659 descriptus
806 609 924 647 esse
953 595 1211 645 videatur·
1279 596 1547 647 Librarius

403 672 407 679 '
478 673 580 722 mei
604 673 796 723 codicis
818 682 1001 737 aperte
1023 675 1236 738 scripsit
1256 689 1419 725 sensus
1434 691 1456 734 ,·
1489 681 1547 725 at

478 749 721 800 librarius
778 750 975 800 codicis
1029 750 1443 815 salisburgensis
1515 766 1547 801 a

439 848 452 857 ·
476 828 644 892 prima
672 841 825 877 manu
858 827 1006 877 dedit
1037 843 1234 879 secessus.
1300 829 1467 879 Immo
1488 836 1545 879 et

475 905 525 953 in
571 903 752 955 codice
799 905 1058 954 Patavino
1102 921 1134 954 a
1179 905 1348 969 prima
1390 920 1544 956 mann

471 981 722 1045 scripturn
755 981 858 1031 fuit
892 994 1115 1041 sensssrs3
1148 996 1438 1047 quanquam
1471 983 1544 1032 al-

425 1094 436 1109 .
476 1066 590 1108 tera
616 1072 794 1107 manns
829 1058 883 1109 id
914 1059 1192 1122 utrobique
1221 1058 1546 1108 converterit

473 1135 527 1184 in
549 1149 770 1184 secessus.
827 1135 959 1187 Quis
981 1134 1198 1185 definiet
1222 1135 1398 1198 igitur,
1419 1150 1543 1186 num

473 1211 576 1260 mei
615 1217 669 1261 et
706 1211 950 1262 Patavini
983 1211 1181 1262 codicis
1214 1211 1452 1262 librarius
1474 1226 1541 1262 ex

472 1286 671 1339 duabus
695 1289 859 1338 literis
883 1288 1207 1338 intermediis
1228 1304 1281 1339 ce
1299 1287 1542 1339 efforma-

472 1365 542 1414 rit
568 1366 770 1416 unicam
798 1366 1002 1415 literam
1026 1382 1078 1425 n,
1103 1381 1168 1415 sn
1190 1366 1354 1416 ceteri
1386 1366 1541 1416 libra-

473 1442 537 1491 rii
563 1457 627 1492 ex
654 1442 804 1492 unica
826 1443 981 1493 litera
1002 1441 1212 1504 n,.forte
1235 1443 1287 1492 iu
1312 1444 1540 1508 antiqui·

473 1531 566 1566 ore
587 1518 771 1568 codice
786 1518 898 1581 jans
914 1520 1265 1583 exolescente,
1284 1520 1539 1582 procude-

471 1594 574 1645 rint
616 1599 709 1645 ce?
786 1595 956 1648 Quam
1004 1610 1110 1645 rem
1159 1595 1237 1645 uti
1286 1595 1402 1646 aliis
1450 1611 1538 1648 ac·

470 1672 701 1723 curatius
736 1673 1133 1736 expendendam
1160 1673 1431 1738 relinquo;
1464 1674 1541 1724 ita

461 1748 575 1812 jam
610 1750 770 1800 etiarn
805 1751 1011 1801 tertiam
1047 1751 1319 1802 considero
1355 1752 1538 1802 lectio-

470 1837 607 1882 nem,
624 1840 778 1889 quarn
803 1827 999 1891 primns
1024 1828 1247 1891 recepit,
1267 1827 1537 1893 ediditque

468 1900 802 1960 Arntzeuius,
836 1904 1117 1968 intimosque
1150 1918 1373 1954 recessus.
1407 1942 1414 1945 ,
1443 1905 1534 1955 Fa·

469 1985 606 2040 teor,
648 1978 780 2029 hanc
823 1980 944 2029 mihi
969 1981 1125 2031 -mire
1182 1981 1445 2045 blandiri;
1490 1983 1537 2032 si

466 2055 757 2116 praesertim
779 2054 848 2105 ad
876 2063 1098 2107 mentem
1119 2072 1309 2109 revoco
1330 2074 1535 2111 versum

466 2131 762 2188 Claudiani,
784 2133 836 2181 in
867 2133 1020 2182 simili
1054 2145 1364 2198 argumento
1386 2151 1534 2186 usur-

464 2215 661 2270 patum,
685 2223 746 2258 ac
763 2210 872 2271 jam
899 2222 1057 2271 snpra
1076 2210 1328 2260 citatumz
1366 2210 1532 2262 ‘Abs-

463 2293 635 2335 trusos
672 2288 913 2348 explorat
936 2287 1096 2336 Fama
1119 2288 1389 2340 recessus?
1423 2291 1534 2341 Ne-

463 2377 566 2426 que
592 2377 692 2412 non
717 2362 961 2413 facillimo
982 2366 1133 2428 lapsu
1154 2365 1401 2430 deinceps
1422 2368 1533 2416 uni-

462 2457 526 2493 ca
571 2442 727 2493 litera
759 2444 788 2492 r
827 2444 880 2495 in
921 2459 948 2494 s
984 2444 1117 2495 verti
1168 2446 1358 2509 potuit.
1423 2445 1530 2497 Sed

464 2535 603 2584 segre
624 2519 755 2585 fero,
774 2536 946 2588 neque
969 2521 1185 2586 alicujus
1207 2523 1401 2573 codicis
1425 2515 1531 2575 M's.

460 2611 628 2662 neque
650 2599 865 2663 alicujus
889 2599 1005 2648 libri
1032 2599 1252 2649 antehac
1275 2600 1531 2663 impressi,

457 2677 824 2725 auctoritatem
860 2675 983 2725 hnic
1017 2677 1288 2726 variationi
1330 2675 1529 2728 favere.

460 2751 721 2802 Provocat
754 2752 957 2817 quidem
998 2754 1077 2802 vir
1113 2754 1428 2805 clarissimus
1460 2755 1528 2805 ad

458 2826 691 2879 codicem
715 2829 1269 2893 Guelpherbytanum3
1305 2831 1396 2880 sed
1421 2839 1526 2882 tes-

460 2909 566 2952 tem
612 2904 786 2955 excito
819 2905 1071 2956 ,Iacobum
1108 2907 1526 2971 Burckllardum,

457 2981 800 3031 consiliarium
846 2983 1304 3041 Brunsvicensem,
1344 2986 1525 3034 eximi-

454 3070 541 3105 um
564 3058 934 3122 elegantiarum
958 3061 1225 3110 literarum
1247 3061 1525 3124 vindicem,

454 3133 542 3182 cui
573 3134 710 3183 illius
742 3135 935 3184 codicis
959 3137 1222 3186 variantes
1251 3138 1525 3202 lectiones,

455 3212 840 3260 accuratissime
856 3212 1163 3276 descriptas,
1178 3212 1366 3275 debeo,
1382 3214 1434 3263 in
1457 3228 1521 3264 eo

365 3348 369 3353 ,
451 3287 569 3350 ipso
604 3286 784 3336 codice
822 3302 924 3337 non
957 3287 1258 3338 vocabulum
1293 3305 1523 3353 recessus,

452 3362 544 3410 sed
582 3376 807 3422 secessus,
829 3369 1045 3423 extare3
1080 3372 1237 3426 prout
1269 3358 1520 3430 neque'in

454 3439 618 3487 altero
656 3436 791 3487 libro
827 3437 1091 3500 Gudiano,
1124 3453 1294 3504 neque
1333 3442 1388 3491 in
1433 3458 1520 3492 co·

452 3515 570 3564 dice
593 3515 848 3565 Vaticano
873 3518 1019 3564 3461.
1055 3529 1170 3564 cum
1194 3532 1296 3581 quo
1329 3519 1519 3583 alioqui

451 3591 941 3655 Gueipherbytanus
997 3593 1336 3655 utplurimum
1392 3610 1518 3645 con·

450 3669 638 3731 spirat,
681 3682 890 3725 recessus
931 3668 1232 3729 invenitnr3
1281 3679 1341 3720 ut
1384 3670 1517 3721 adeo

448 3743 700 3806 suspicer,
723 3742 962 3799 amicum,
985 3743 1070 3792 cui
1091 3742 1405 3794 Arntzeuius
1430 3761 1521 3801 ex-v

446 3827 630 3883 cerpta
653 3819 851 3868 codicis
877 3819 1102 3882 Guelph.
1132 3828 1350 3884 accepts
1375 3828 1516 3871 retu-

446 3895 531 3959 lit,
570 3895 849 3958 aliquando
887 3909 1001 3943 suas
1039 3895 1356 3959 adspersisse
1393 3912 1517 3947 con·

437 3971 693 4034 jecturas.
760 3970 1015 4033 Equidem
1063 3972 1218 4035 Casp.
1270 3973 1517 4024 Barthius

442 4047 499 4096 in
538 4047 826 4097 Comment.
866 4047 932 4096 ad
968 4047 1106 4098 Stat.
1143 4056 1269 4099 tom.
1292 4063 1356 4099 ιι.
1392 4066 1515 4114 pag.

442 4125 560 4171 46⁷.
601 4128 655 4170 et
698 4121 760 4171 ad
801 4122 1070 4172 Claudian.
1109 4139 1231 4190 pag.
1267 4128 1383 4178 636.
1424 4129 1515 4178 ubi

443 4199 575 4247 citat
598 4199 737 4247 hunc
760 4198 918 4248 Plinii
951 4199 1141 4258 locum,
1162 4216 1267 4251 non
1291 4217 1519 4267 secessus,

445 4272 539 4336 sed
581 4286 809 4337 recessus,
850 4273 1107 4337 exhibet3
1156 4283 1264 4330 tam
1309 4287 1517 4333 certum

1168 372 1389 425 NOTAE
1439 370 1855 426 vammum
1900 374 1982 426 m

1621 532 1749 569 vero
1771 524 1871 578 est,
1892 533 2010 570 eum
2032 533 2101 571 ex
2123 518 2329 584 ingenio
2360 517 2502 572 illam
2527 522 2691 572 varia·

1621 595 1819 647 tionem
1865 597 2229 661 depromsisse‚
2273 613 2427 663 qnam
2466 605 2616 648 certo
2650 600 2691 648 i-

1621 672 1762 734 dem,
1800 673 2132 725 Ritterslrnsii
2156 674 2515 739 conjecturam
2548 690 2691 726 secu·

1621 754 1722 810 tus,
1745 749 1796 799 in
1821 750 2003 801 eodem
2039 750 2140 801 hoc
2175 753 2312 814 loco,
2333 766 2437 802 non
2465 752 2690 817 primam,

1619 826 1710 874 sed
1753 827 1963 890 privum,
2000 829 2280 893 expressit.
2346 830 2437 879 Sic
2476 836 2534 878 et
2574 843 2691 878 con·

1617 909 1738 959 stat,
1773 904 2123 968 Perizoninm,
2146 907 2252 971 qui,
2272 904 2540 955 referente
2558 903 2690 957 Arn-

1619 979 1806 1037 tzenio,
1831 981 2117 1044 exemplari
2147 995 2242 1031 sno
2263 983 2519 1032 alleves-at
2539 997 2691 1031 reces-

1616 1069 1715 1112 sus,
1766 1056 1912 1106 nullo
1968 1072 2118 1106 usum
2174 1072 2288 1108 esse
2344 1058 2531 1108 codice
2584 1059 2689 1107 Ms.

1620 1132 1822 1183 Quodsi
1845 1148 1971 1198 ergo
1994 1135 2144 1184 nobis
2168 1135 2222 1184 in
2241 1136 2343 1185 hoc
2371 1143 2690 1197 constamus,

1617 1217 1679 1258 ut
1706 1217 1811 1260 tam
1843 1209 1933 1259 din
1962 1225 2241 1275 sequamur
2276 1213 2558 1262 lectionem
2580 1214 2690 1261 vnl-

1616 1291 1807 1350 garam,
1824 1301 1940 1352 quse
1966 1289 2253 1350 praesertim
2276 1302 2374 1338 nec
2402 1303 2687 1352 paucorum

1615 1362 1850 1413 codicum
1889 1364 2020 1414 Mss.
2054 1363 2297 1429 suffragio
2329 1364 2687 1427 confirmatur,

1615 1439 1786 1503 quoad
1810 1454 1873 1489 ea
1895 1441 2018 1489 nihil
2055 1441 2402 1504 incongruens
2427 1447 2483 1490 et
2507 1441 2689 1490 absur-

1615 1515 1734 1565 dum
1771 1516 1964 1578 habet3
1998 1517 2247 1580 itemque,
2291 1526 2347 1567 ut
2393 1532 2495 1567 non
2544 1519 2686 1568 illico

1613 1601 1798 1642 contra
1841 1595 2205 1644 anctoritatem
2249 1603 2484 1645 veterum
2530 1596 2687 1645 libro·

1614 1683 1728 1720 rum
1755 1671 2039 1721 inseramus
2061 1672 2288 1737 antiquis
2312 1673 2546 1735 scriptis,
2568 1686 2684 1736 qna

1611 1746 1760 1799 nobis
1797 1755 2077 1811 nostroque
2113 1748 2322 1811 ingenio
2359 1747 2574 1799 meliora
2606 1748 2685 1797 vi-

1611 1823 1820 1886 dentur,
1845 1837 1910 1873 ne
1932 1823 1985 1872 in
2008 1823 2263 1873 infinitum
2289 1826 2574 1874 varietates
2602 1825 2685 1873 in·

1609 1899 1902 1963 ducantur3
1934 1901 2033 1951 hac
2058 1902 2214 1950 etiam
2239 1901 2288 1949 in
2307 1913 2432 1950 voce
2454 1915 2686 1964 secessus,

1611 1992 1761 2041 quam
1777 1978 2039 2044 hucusque
2060 1979 2109 2027 in
2126 1978 2366 2028 omnibus
2382 1979 2496 2027 aliis
2515 1978 2685 2042 scrip-

1611 2056 1676 2105 tis
1706 2055 2079 2120 impressisque
2110 2055 2270 2111 libris,
2293 2064 2486 2119 praeter
2508 2055 2684 2118 desig·

1607 2138 1780 2197 natos,
1804 2133 2039 2196 legimus,
2069 2132 2200 2182 nibil
2231 2140 2510 2183 mutamus.
2573 2132 2685 2182 Ve-
2726 2186 2731 2190 ,

1608 2223 1722 2258 rum
1777 2216 1883 2271 est,
1937 2209 2077 2274 quod
2140 2215 2289 2258 notat
2341 2208 2683 2270 Arntzenius‚

1605 2297 1816 2334 recessus
1850 2300 1966 2335 esse
2002 2287 2120 2335 loca
2143 2285 2325 2335 abdita
2361 2293 2418 2335 et
2451 2284 2679 2341 occulta,

1607 2360 1661 2409 in
1685 2361 1872 2427 quibus
1914 2376 2029 2412 sese
2064 2360 2384 2411 abscondunt
2422 2361 2680 2424 homines,

1607 2444 1664 2487 et
1686 2439 1900 2489 aliorum
1937 2439 2049 2488 usui
2072 2439 2319 2503 eripiunt.
2385 2436 2479 2500 At,
2503 2451 2676 2489 nonne

1605 2515 1786 2565 eadem
1812 2523 1891 2565 est
1914 2516 2055 2566 notio
2089 2517 2104 2543 ⁸
2122 2530 2413 2565 secessuum
2436 2513 2473 2564 Ρ
2542 2515 2677 2565 Pro-

1607 2593 1718 2656 prie
1742 2593 1878 2642 enim
1905 2608 2005 2641 non
2023 2592 2338 2657 significant,
2355 2591 2450 2640 nisi
2470 2591 2590 2640 loca
2605 2591 2673 2645 ab

1603 2668 1817 2718 aliorum
1834 2669 1980 2719 aditu
2001 2676 2220 2733 remota,
2245 2670 2294 2717 in
2319 2683 2435 2733 quae
2458 2666 2674 2718 secede·

1603 2744 1752 2808 bant,
1781 2747 1871 2809 qui
1907 2747 1991 2797 vel
2027 2747 2138 2796 otio
2175 2746 2259 2796 vel
2298 2745 2558 2810 voluptati
2595 2747 2672 2794 in·

1603 2822 1834 2885 dulgere,
1857 2824 1937 2873 vel
1962 2831 2100 2874 totos
2125 2838 2181 2872 se
2210 2822 2262 2872 in
2293 2823 2474 2872 literas
2507 2822 2677 2879 abde-2

1602 2913 1680 2961 re,
1735 2900 1818 2950 vel
1883 2900 2188 2966 ceteroquin
2247 2900 2438 2963 aliquid
2491 2899 2671 2949 arcani

1600 2979 2083 3034 tractaremellent.
2121 2979 2441 3044 Frequenter
2459 2977 2669 3043 quidem

1599 3059 1615 3082 ‘
1631 3068 1863 3104 secessus
1880 3053 1896 3077 ’
1927 3055 2237 3104 dicebantur
2254 3056 2370 3104 loca
2392 3068 2592 3104 amoena
2613 3054 2668 3104 in

1602 3143 1739 3185 rure,
1759 3138 1810 3180 et
1834 3131 2008 3188 litore,
2030 3138 2179 3180 extra
2214 3131 2431 3191 urbem;
2467 3140 2524 3179 et
2556 3132 2668 3179 ‘se-

1597 3205 1828 3269 cedere,’
1882 3208 1966 3273 qui
2013 3210 2066 3257 in
2092 3208 2402 3258 ‘istiusmodi
2447 3209 2563 3259 loca
2607 3222 2666 3258 se

1598 3283 1970 3347 conferebant3
2001 3299 2178 3334 verum
2204 3285 2507 3348 nentiquam
2532 3299 2665 3334 sem·

1596 3375 1717 3425 per.
1779 3361 1947 3411 Recte
1993 3361 2225 3410 Isidorus
2273 3360 2424 3424 Orig.
2474 3374 2571 3411 xv.
2614 3365 2664 3412 3.

1596 3441 1612 3466 ⁶
1632 3438 1922 3500 Secessus‚'
1955 3438 2143 3501 inquit,
2177 3439 2291 3487 ‘est
2327 3437 2470 3486 locus
2493 3451 2665 3488 secre-

1598 3521 1701 3571 tus,
1747 3515 1858 3565 sine
1903 3513 2153 3565 accessu!
2233 3515 2423 3579 Virgil-
2465 3515 2583 3566 AEn.
2628 3529 2667 3564 1.

1596 3595 1710 3640 159.
1736 3593 1891 3642 etiam
1927 3593 2118 3641 ‘sinum
2141 3591 2325 3641 maris'
2360 3601 2515 3642 vocat
2548 3595 2689 3641 ‘se-.

1593 3684 1795 3720 cessum
1817 3670 1851 3718 ε’
1884 3670 2011 3720 ‘Est
2051 3671 2103 3720 in
2143 3686 2350 3721 secessu
2390 3673 2550 3737 longo
2588 3674 2665 3722 lo·

1593 3745 1720 3795 cns.’
1787 3746 1858 3796 Et
1887 3761 1982 3809 pro
2015 3747 2257 3796 ‘recessu
2278 3745 2293 3768 ³
2323 3748 2470 3811 ponit
2501 3748 2662 3811 idem,

1593 3821 1712 3872 AEn.
1757 3837 1844 3873 ιιι.
1888 3827 2003 3874 229.
2049 3822 2308 3872 ‘Rursum
2352 3825 2405 3872 in
2448 3839 2659 3876 secessu

1593 3898 1747 3962 longo
1775 3899 1872 3948 sub
1906 3898 2034 3962 rupe
2057 3898 2282 3948 cavata!
2348 3900 2488 3949 Plin.
2516 3901 2659 3952 Hist.

1593 3976 1719 4024 Nat.
1738 3989 1868 4048 rur.
1889 3980 1971 4026 ⁶4.
1994 3976 2080 4025 ubi
2107 3976 2171 4025 de
2193 3975 2489 4027 histricibus
2512 3979 2655 4045 agit:

1587 4052 1828 4101 ‘Deinde
1863 4065 2101 4101 secessus
2134 4053 2184 4101 in
2225 4067 2411 4115 specus
2447 4068 2658 4117 separa·

1589 4127 1700 4183 tim,
1723 4128 1775 4177 in
1796 4127 1983 4188 quibus
2006 4128 2217 4191 pariunt
2245 4129 2508 4192 trigesimo
2531 4131 2657 4181 die.'

1591 4203 1749 4255 ovid.
1768 4203 1931 4253 Trist.
1954 4219 1992 4254 1.
2016 4208 2064 4254 1.
2100 4210 2115 4232 ‘
2131 4206 2374 4256 Carmina
2393 4221 2650 4259 secessum

1590 4282 1867 4336 scribentis
1890 4290 1945 4335 et
1966 4284 2077 4334 otis
2098 4284 2387 4349 quaerunt3'
2417 4285 2506 4337 nbi
2538 4291 2555 4316 ⁸
2570 4301 2663 4342 se·.
