3017 4942
759 327 825 374 c.
876 326 1121 381 perun
1171 324 1511 376 saeuum
1564 324 1838 374 nunc.
1918 309 2102 375 1.17.

326 470 493 520 dinem
515 468 748 526 navium,
772 468 823 518 in
854 469 1037 533 quibus
1061 475 1211 520 tanta
1231 467 1391 519 homi·

326 562 443 597 num
465 546 774 609 multitudo,
791 554 846 596 ut
867 547 1021 596 urbes
1044 548 1185 612 ipsas
1209 548 1260 596 in
1277 560 1392 611 reg·

324 638 443 674 num
470 623 748 686 Decebali,
768 637 870 675 uon
906 624 1077 674 illatas
1100 627 1290 675 classes
1313 637 1392 673 ar·

326 702 584 752 bitretur?
622 702 777 750 Bern-

387 779 526 829 CAP.
569 791 716 827 xvir.
784 779 899 828 Non
929 778 1095 841 spoliis
1124 777 1392 840 provincia-

321 855 455 919 rum]
491 855 569 904 Ut
592 856 749 903 moris
779 852 877 904 fuit
910 853 1230 914 Domitiano,
1249 853 1393 917 cujus

321 945 525 981 summa
562 930 825 994 rapacitas
861 937 1015 980 nota:
1065 944 1163 980 nec
1195 943 1300 979 non
1337 934 1394 979 et

323 1008 461 1063 aliis,
482 1008 575 1073 qui
598 1015 613 1036 ‘
639 1020 820 1056 aurum
857 1003 1225 1067 coronarium,’
1253 1003 1392 1070 quod

320 1099 355 1134 a
399 1083 686 1149 provinciis
743 1083 1045 1146 imperatori
1092 1080 1394 1131 solvebatur

321 1174 423 1224 pro
463 1174 626 1210 aurea
661 1173 874 1222 corona,
907 1159 1183 1225 quotannis
1219 1159 1284 1209 ab
1308 1158 1395 1208 iis-

319 1237 467 1298 dem,
504 1243 753 1299 tanquam
809 1236 1052 1300 vectigal,
1093 1234 1395 1299 exigebant.

316 1310 556 1362 Abunde
582 1311 813 1360 Rosinus
836 1311 1098 1377 Antiquit.
1122 1312 1272 1361 Rom.
1292 1311 1393 1361 Pa·

316 1389 480 1453 ralip.
507 1388 577 1437 ad
611 1403 729 1452 cap.
750 1392 835 1438 29.
899 1389 1018 1441 Quo
1052 1389 1215 1444 circa.
1234 1388 1394 1451 Spar·

316 1465 472 1515 tiano
514 1471 671 1521 teste,
711 1478 889 1515 aurum
921 1466 1248 1516 coronarium
1287 1465 1394 1515 Ha-

314 1542 556 1605 drianus,
576 1543 820 1606 princeps
845 1542 1030 1607 bonus,
1047 1542 1221 1593 Italiae
1246 1540 1396 1591 remi-

315 1620 413 1684 sit,
437 1621 489 1668 in
517 1619 799 1683 provinciis
822 1619 1021 1668 minuit.
1064 1620 1286 1669 Putat-ol.

388 1698 607 1747 Extorto
633 1696 776 1746 sociis
805 1695 944 1759 auro]
980 1695 1170 1746 Omnia
1197 1697 1248 1745 in
1282 1696 1396 1745 Do·

319 1774 622 1824 mitianum.
673 1770 869 1822 Aurum
892 1786 1046 1835 porro
1068 1772 1396 1822 coronarium

317 1849 594 1915 intelligit,
649 1847 787 1914 quod
845 1855 1108 1912 praetextu
1164 1849 1397 1899 victorias

318 1926 520 1979 acerbe
542 1924 845 1989 exigebant,
860 1939 958 1974 nec
981 1931 1040 1974 ut
1061 1924 1396 1976 collationem

318 2004 427 2068 (ita
446 2002 604 2066 olim)
625 2001 717 2051 sed
742 2008 802 2051 ut
827 2000 1092 2052 tributum.
1156 2002 1292 2052 Vide
1312 2015 1398 2053 me

317 2081 374 2130 in
399 2078 753 2134 Admirandis,
776 2076 869 2129 lib.
891 2091 957 2128 u.
986 2077 1122 2141 Lips-

392 2161 608 2210 Extorto
647 2158 792 2208 sociis
830 2156 971 2221 auro]
1026 2158 1228 2207 Contra
1268 2156 1397 2208 illud

316 2237 555 2288 Aristot.
594 2236 712 2284 Pol.
731 2248 795 2284 ·.v
831 2250 884 2297 p.
912 2238 1029 2286 488.
1065 2249 1155 2285 rex
1192 2249 1295 2285 non
1330 2235 1401 2286 sit

316 2312 669 2379 σφετεριστὴς,
690 2312 804 2362 ἀλλ’
825 2311 1097 2375 ἐπίτροπος,
1122 2326 1219 2361 non
1239 2317 1400 2363 extor-

317 2402 407 2444 tor
429 2394 676 2453 bonorum,
698 2392 782 2441 sed
804 2396 951 2440 tutor.
985 2391 1149 2441 Bern

391 2471 675 2524 Hostilibus
717 2467 891 2531 armis]
943 2469 1063 2521 Jam
1122 2467 1400 2518 Catanaeus

314 2556 603 2615 repererat
641 2550 692 2597 in
719 2546 1032 2595 membranis
1056 2544 1155 2595 Sed
1175 2544 1405 2608 hostibus,

314 2628 497 2692 armis,
523 2631 882 2688 captorumque,
915 2625 999 2686 ξε.
1063 2622 1195 2675 Quae
1240 2623 1404 2674 lectio

314 2706 482 2755 etiam
508 2710 659 2753 extat
682 2702 734 2751 in
761 2700 946 2751 codice
968 2700 1230 2751 Vaticano
1252 2700 1317 2752 R.
1336 2701 1401 2752 A.

316 2786 474 2832 147⁵.
493 2781 690 2831 iteruin
711 2778 1014 2841 parisiensi,
1029 2785 1084 2828 et
1099 2792 1244 2828 meo:
1280 2793 1402 2827 esu»

313 2859 549 2923 demque
588 2855 872 2922 prodidere
900 2856 1190 2906 Beroaldus
1209 2864 1263 2905 et
1289 2857 1397 2906 Pu·

320 2937 593 2995 teolauus3
631 2946 791 2998 atque
827 2934 881 2984 iu
915 2934 1145 2998 margine
1183 2943 1397 2984 annota-

318 3023 446 3062 runt
495 3012 567 3061 H.
588 3011 884 3075 Stephanus
905 3019 961 3060 et
984 3011 1222 3061 Rivinus.
1291 3011 1398 3059 Ve-

320 3104 461 3153 rum,
486 3088 729 3139 laudatus
750 3089 1025 3138 Catanaeus
1049 3093 1197 3136 recte
1214 3087 1399 3151 proba·

321 3166 400 3216 vit
423 3167 707 3215 lectionem
734 3164 1027 3227 vulgatam3
1061 3179 1214 3229 quam
1237 3173 1294 3214 et
1318 3178 1402 3216 ce·

321 3243 427 3292 teri
450 3242 683 3292 editores
705 3241 985 3296 retinuere,
1008 3249 1065 3290 et
1088 3240 1401 3293 confirmant

324 3319 538 3384 plurimi
564 3318 777 3369 codices
802 3318 933 3368 Μαι.
967 3318 1057 3373 Sic
1072 3319 1229 3383 euim,
1251 3320 1401 3384 quasi

322 3409 422 3460 per
464 3395 877 3458 contentionem,
918 3401 935 3423 ‘
971 3394 1183 3445 hostilia
1225 3395 1401 3445 arma’

321 3477 659 3536 opponuntur
689 3470 706 3498 ⁴
740 3470 921 3534 spoliis
953 3471 1330 3534 provinciarum
1349 3488 1366 3535 ς
1385 3471 1401 3494 ’

322 3557 379 3598 et
413 3555 430 3577 ‘
455 3554 728 3611 captorum
766 3560 947 3610 regum
981 3546 1224 3610 catenae,’
1257 3550 1273 3577 ‘
1310 3561 1399 3597 ex·

324 3632 470 3675 torto
495 3624 654 3675 sociis
675 3622 841 3672 auro.’
876 3622 1122 3673 Schwurz.

395 3700 749 3766 captorumque
768 3698 960 3763 regam]
991 3701 1097 3752 Qui
1125 3700 1324 3762 pariter
1345 3700 1398 3750 iu

324 3779 646 3843 triumphurn
672 3777 1031 3828 trahebantur.
1106 3778 1287 3840 Legat,
1308 3777 1400 3842 qui

325 3859 478 3922 plura
500 3857 669 3918 cupit,
695 3862 891 3919 praeter
919 3853 1179 3917 antiquos,
1197 3860 1255 3902 ut
1276 3853 1400 3903 Dici·

324 3949 438 4000 nys.
478 3933 659 3983 Halic.
698 3931 790 3981 lib.
818 3945 871 3981 v.
904 3930 970 3979 de
1005 3930 1272 3993 triumpho
1296 3930 1400 3979 Po·

325 4011 565 4076 plicolae;
603 4009 752 4058 Plut.
781 4008 833 4056 in
873 4007 939 4056 P.
977 4006 1201 4070 AEmilio,
1235 4009 1334 4056 ὅτε.
1371 4020 1403 4055 e

325 4086 715 4137 recentioribus
774 4082 1015 4146 Onuphr.
1061 4081 1287 4132 Panvin.
1330 4080 1412 4132 de³

326 4162 630 4228 T—riumpbo,
654 4175 694 4210 ι.
727 4164 772 4210 1.
811 4157 1098 4210 Alexandr.
1133 4158 1201 4209 ab
1236 4158 1402 4210 Alex·

329 4239 471 4291 andr.
494 4252 576 4293 vr.
597 4242 651 4288 6.
683 4237 908 4287 Palm-01.

2395 310 2554 376 505.

1534 470 1880 534 Caprasi-que
1895 484 2062 533 regam
2080 469 2286 535 catenis]
2306 468 2528 521 Soleunc

1465 546 1533 597 ad
1559 562 1796 612 pompam
1821 555 1876 598 et
1899 548 2145 612 speciem.
2180 547 2338 598 Ovid.
2372 548 2528 599 ‘Viu-

1465 625 1651 689 claque
1685 626 1898 689 captiva
1935 639 2088 687 reges
2115 626 2320 676 cervice
2343 639 2530 689 geren·

1466 709 1564 766 tes,
1581 702 1719 754 Ante
1736 712 2006 754 coronatos
2023 706 2096 754 ire
2118 704 2315 754 videbis
2331 702 2530 767 equos.'

1466 777 1616 829 Pedo
1659 778 2033 837 Albinovanus,
2068 788 2085 810 ‘
2126 780 2393 844 Aspiciam
2445 794 2529 830 re·

1467 868 1584 919 gum
1622 855 1835 906 liventia
1870 857 2005 906 colla
2035 857 2253 917 catenis,
2277 859 2530 920 Duraque

1467 945 1562 995 per
1584 945 1748 981 saevas
1772 933 1974 983 vincula
1999 948 2135 982 nexa
2158 932 2374 982 manus?
2421 933 2533 982 Vo-

1467 1008 1642 1071 piscus
1680 1006 1980 1066 Aureliano,
2003 1012 2019 1038 ⁸
2048 1009 2338 1060 Incedebat
2370 1010 2531 1060 etlam

1467 1084 1702 1135 Zenobia
1738 1087 1952 1150 gemmis
1981 1094 2183 1143 ornata,
2219 1087 2417 1137 catenis
2441 1102 2532 1137 au·

1468 1161 1591 1225 reis,
1626 1175 1755 1225 quas
1791 1162 1877 1211 alii
1911 1161 2314 1213 sustentabant.’
2381 1162 2536 1214 Adeo

1468 1252 1650 1300 graves
1685 1238 1902 1288 scilicet·
1926 1245 2128 1289 catenae
2163 1240 2301 1296 istae,
2333 1247 2391 1289 ιιι
2412 1254 2532 1305 sup·

1468 1313 1742 1376 portaudae
1765 1322 1957 1366 essent.
2024 1316 2192 1366 Vetus
2229 1318 2384 1378 plane
2407 1328 2537 1378 mos,

1468 1398 1526 1440 ‘et
1551 1392 1829 1455 Dionysius
1853 1393 1904 1440 in
1930 1392 2193 1455 triumpho
2213 1392 2279 1441 T.
2295 1392 2536 1444 Quinctii

1470 1466 1797 1518 Cincinnati:
1832 1467 1926 1519 Τόν
1957 1486 2013 1518 τε
2043 1467 2257 1530 ἡγεμόνα
2281 1471 2371 1519 τοῦ
2387 1468 2536 1519 πολί-

1466 1560 1576 1608 μου,
1611 1542 1690 1594 καὶ
1720 1543 1835 1594 τοὺς
1868 1544 2050 1595 ἄλλους
2086 1546 2322 1610 {ripensis
2343 1545 2534 1612 ἄνδρας,

1468 1620 1674 1672 &aanor
1691 1620 1959 1684 δεδεμένους
1979 1621 2089 1685 ἦγε.
2114 1623 2297 1673 Βιιεοηι
2314 1623 2537 1687 hostium,

1467 1700 1677 1764 diesque
1709 1700 1985 1765 illustrium,
2016 1700 2199 1751 eatenis
2216 1701 2403 1751 vinctos
2423 1706 2538 1751 ante

1469 1791 1521 1825 se
1541 1778 1662 1839 egit.
1699 1778 1841 1842 Lips.

1504 1912 1520 1919 Ι
1543 1854 1886 1919 Captorumque
1906 1855 2096 1920 regum]
2129 1855 2201 1906 Hi
2227 1870 2258 1906 a
2281 1856 2444 1920 portis
2465 1854 2542 1906 ad

1470 1928 1643 1981 forum
1681 1932 2106 1996 triumphantium
2138 1947 2319 1983 currus
2350 1932 2539 1982 hones-

1472 2005 1659 2055 tabunt
1675 2021 1690 2055 ε
1706 2007 2018 2072 simulatque
2033 2009 2086 2057 in
2101 2008 2399 2072 capitolium
2413 2005 2546 2059 flec-

1472 2090 1586 2135 tere
1623 2093 1860 2148 creperat
1895 2085 2195 2150 imperator,
2218 2086 2427 2150 abrepti
2451 2099 2542 2137 ον

1475 2161 1629 2218 tenis,
1656 2162 1838 2227 quibus
1871 2170 2020 2212 eraut
2055 2162 2236 2227 vincti,
2270 2164 2399 2212 etin
2425 2175 2539 2212 car-

1478 2254 1651 2290 cerem
1676 2239 1821 2289 ducti
1845 2239 2187 2289 necabantur.
2221 2239 2374 2290 Rern.

1540 2318 1767 2381 Ingentia
1788 2320 1959 2367 dacum
1981 2316 2192 2381 uomina]
2225 2316 2383 2366 Liber
2404 2315 2539 2366 Vos·

1475 2394 1649 2444 sianus
1690 2395 1856 2443 miuus
1898 2400 2020 2456 apte
2066 2392 2223 2442 babet
2258 2390 2544 2455 ingentium.

1477 2472 1707 2522 Omnino
1745 2470 1882 2520 enim
1927 2468 2266 2532 designantur
2309 2468 2543 2534 grandis,

1475 2557 1551 2606 et,
1575 2548 1714 2613 quod
1742 2548 1829 2597 alii
1861 2548 1972 2611 jam
1997 2552 2331 2609 annotarunt,
2354 2544 2543 2596 barba·

1476 2639 1553 2686 ra,
1590 2626 1807 2689 ipsoque
1847 2637 1974 2672 sono
2005 2621 2272 2672 horribilia
2302 2621 2542 2683 uomina3

1473 2702 1661 2768 hisque
1702 2699 1996 2750 nominibus
2043 2698 2387 2760 congruentia
2428 2711 2554 2747 cor·⁴

1477 2793 1605 2842 pora
1628 2778 1839 2827 ducum.
1874 2774 2178 2839 Cujusmodi
2197 2773 2401 2823 uomina
2417 2772 2541 2822 olim

1475 2861 1646 2918 erant,
1693 2852 2089 2915 Boduognatus,
2142 2849 2548 2913 Camulogenus,

1474 2929 1941 2991 Convictolitaues,
1970 2926 2320 2991 Eporedorix,
2342 2926 2544 2974 Gutur-

1476 3013 1645 3069 vatus,
1659 3002 2548 3066 induciomarus,Moritasgus,Ver·

1475 3082 1788 3147 cingetorix,
1837 3079 2247 3142 Vergasillanus,
2289 3092 2351 3127 ac
2393 3079 2545 3141 longe

1478 3161 1646 3225 plura,
1671 3175 1789 3225 quae
1816 3157 1900 3207 vel
1919 3157 2069 3206 asolo
2093 3157 2301 3206 Caesare
2321 3167 2546 3205 comme·

1477 3245 1764 3287 morantur.
1830 3236 1899 3285 Et
1924 3234 2051 3283 talia
2072 3234 2279 3283 uomina
2293 3232 2445 3282 etiam
2468 3232 2545 3281 in·

1476 3315 1674 3364 nuebat
1702 3312 1906 3363 Plinius
1944 3317 2122 3361 noster
2153 3311 2320 3375 Epist.
2344 3323 2471 3360 vm.
2493 3319 2546 3361 4.

1476 3408 1596 3444 cum
1636 3394 1902 3444 Caninium
1943 3392 2265 3453 hortaretur,
2304 3398 2362 3440 ut
2385 3389 2546 3454 bella,

1477 3481 1594 3536 qum
1616 3471 1868 3534 Trajauus
1889 3468 2195 3519 confecerat
2230 3473 2412 3516 contra
2434 3467 2546 3515 Da·

1474 3561 1588 3604 cos,
1639 3545 1999 3597 describeret:
2052 3545 2067 3572 ‘
2093 3541 2422 3605 Nonnullus,’
2466 3543 2544 3592 in-

1477 3624 1610 3688 quit,
1640 3630 1655 3652 ‘
1680 3631 1735 3673 et
1764 3625 1816 3672 iu
1855 3623 1943 3672 illo
1978 3621 2143 3683 labor,
2163 3627 2222 3670 ut
2243 3619 2463 3670 barbara
2486 3626 2544 3672 et

1476 3696 1596 3748 fert
1627 3699 1854 3755 nomina,
1895 3699 1948 3748 in
1986 3696 2164 3761 primis
2202 3694 2337 3758 regis
2362 3696 2541 3759 ipsius,

1477 3778 1523 3844 (‘
1546 3776 1839 3840 Decebali,'
1863 3776 1973 3825 sive
1996 3783 2153 3825 antea
2177 3777 2193 3805 ⁸
2219 3770 2546 3839 Diurpanei’

1477 3852 1654 3919 ἀπιῇ)
1712 3852 1912 3903 Graecis
1970 3850 2210 3901 versibus
2268 3849 2546 3902 resultent.

1478 3930 1585 3980 Sed
1610 3929 1736 3979 nibil
1758 3937 1860 3992 est,
1882 3928 2021 3991 quod
2053 3941 2155 3978 non
2178 3932 2294 3977 arte
2315 3941 2546 3992 curaque

1476 4005 1782 4068 mitigetur-⁹
1811 4005 2055 4054 schwarz-

1544 4081 1648 4132 Nec
1662 4082 1882 4131 indecora
1903 4080 2172 4129 nominibus
2185 4079 2409 4144 corpora]
2432 4080 2548 4131 No-

1474 4159 1618 4207 mina
1653 4172 1841 4222 magna
1876 4164 1931 4207 et
1964 4152 2020 4205 in
2044 4155 2184 4206 fama
2213 4157 2458 4218 omnium,
2490 4161 2546 4207 et

1476 4249 1701 4302 corpora
1743 4237 1819 4287 ita
1873 4249 2079 4300 magua,
2136 4234 2544 4301 respondebant.
