3017 4942
417 362 551 428 648

419 522 492 573 cit
505 523 655 574 divus
674 524 875 591 Nerva,
893 526 979 592 qui
1004 526 1140 576 iuter
1156 524 1334 575 fiscum
1352 525 1494 589 [Cat-

422 602 572 662 saris,
609 610 699 653 aut
737 610 1105 667 procuratores
1141 608 1196 652 et
1230 603 1493 652 ministros

419 675 624 728 fiscales
630 680 673 744 ,]
723 689 782 731 et
835 682 1071 747 privatos
1119 680 1211 744 jus
1260 678 1500 730 diceretss

423 755 568 812 Nihil
596 756 803 822 dubito,
840 758 964 822 quin
995 757 1079 807 bic
1118 771 1211 821 pro
1253 745 1495 808 ‘’Nerra

428 833 588 883 scribi
635 832 880 884 debuerit
936 835 1166 884 ‘Nerva
1207 832 1332 886 Tr.’
1372 833 1407 884 i.
1450 848 1499 886 e.

426 916 444 946 ⁴
463 913 639 963 Nerva
660 912 957 978 Trajanus.’
1011 915 1090 963 De
1117 912 1339 964 Cocceio
1362 913 1498 965 euim

431 988 609 1042 Nerva
631 991 768 1053 apud
786 991 983 1041 nulium
1007 991 1165 1041 alium
1189 990 1500 1056 scriptorem

426 1065 906 1126 animadvertimus,
961 1081 1080 1118 eum
1136 1068 1380 1125 tribunal,
1417 1068 1511 1132 vel,

418 1140 681 1205 judicium
706 1137 883 1193 fiscale
922 1142 1284 1206 excogitasse:
1319 1143 1373 1192 id
1411 1158 1500 1194 an·

428 1223 536 1267 tem
561 1219 761 1268 Plinius
777 1218 873 1269 hoc
898 1221 1013 1270 loco
1034 1219 1100 1269 ad
1125 1220 1353 1270 Nervam
1373 1220 1502 1270 Tra·

420 1294 599 1360 janum
626 1293 827 1346 referre
864 1296 1092 1358 videtur,
1126 1297 1190 1346 ad
1226 1312 1380 1362 quem
1404 1299 1504 1348 eti-

433 1385 515 1419 am
572 1372 689 1436 jam
738 1381 913 1437 snpra,
953 1386 1142 1423 xxxv.
1185 1379 1236 1425 5.
1281 1373 1504 1437 dixerat,

430 1447 447 1474 ⁴
464 1448 569 1499 Qui
607 1457 712 1499 tam
759 1449 922 1500 multa
974 1451 1302 1514 excogitasti,
1361 1457 1420 1501 ut
1459 1453 1505 1502 si

430 1531 553 1575 ante
578 1531 631 1575 te
644 1525 772 1577 nihil
795 1533 933 1579 esset
953 1527 1258 1580 inventum.'
1279 1528 1506 1580 Schwar-

428 1617 547 1656 zius.

500 1680 611 1729 Ραι·
654 1680 852 1745 ceteris]
891 1680 956 1731 In
995 1696 1097 1747 quo
1128 1681 1310 1734 eadem
1337 1683 1511 1734 omnia

435 1758 567 1819 aliis}
591 1759 826 1823 judiciis.
895 1758 1200 1812 Ammianus
1240 1761 1332 1812 lib.
1373 1775 1511 1813 xxV.

432 1835 701 1888 Julianum
726 1837 803 1886 sic
826 1837 1025 1900 laudat,
1041 1839 1179 1904 qnod
1204 1838 1301 1888 sub
1322 1853 1387 1890 eo
1404 1842 1420 1870 ‘
1437 1855 1514 1892 ων.

435 1919 595 1977 qnats
613 1912 726 1964 fisci
742 1913 927 1977 jurgia
949 1929 1068 1964 cum
1093 1916 1344 1980 privatis}
1365 1917 1509 1983 Lips.

498 1988 813 2054 Litigoton's]
843 1992 1087 2054 Caesaris,
1131 2008 1247 2043 nam
1282 1994 1396 2058 ejus
1435 1994 1508 2045 ibi

438 2080 540 2123 res,
564 2068 658 2116 sed
682 2073 738 2117 et
760 2082 964 2124 nomen,
990 2078 1249 2121 versatur.
1270 2072 1424 2123 Idm.

503 2143 622 2193 Sors
644 2150 692 2195 et
711 2145 857 2207 urna]
879 2145 1031 2197 Quod
1050 2148 1163 2212 jam
1186 2148 1310 2198 olim
1333 2151 1384 2199 in
1401 2164 1506 2199 om-

436 2219 594 2271 nibus
616 2219 732 2271 fere
745 2222 980 2285 judiciis.
1020 2225 1203 2290 ltaque
1221 2240 1372 2277 nemo
1386 2226 1513 2282 sub-1,

432 2304 675 2360 ornatus,
702 2308 758 2349 et
791 2297 969 2353 fautor
994 2301 1240 2353 Caesaris.
1305 2303 1445 2357 Quid
1462 2304 1506 2355 si

436 2374 594 2424 talis?
626 2375 774 2440 iicet,
793 2376 981 2442 inquit.
1005 2379 1157 2430 Idem.

505 2449 625 2502 Sors
645 2457 694 2504 et
716 2452 860 2517 urna]
881 2455 953 2504 Ut
979 2455 1121 2521 olim,
1138 2456 1285 2508 bonis
1299 2457 1504 2523 reipub·

434 2526 557 2578 licae
583 2531 916 2594 temporibus.
949 2531 1062 2583 Cic.
1087 2549 1185 2598 pro
1214 2535 1425 2587 Cluent.
1458 2551 1507 2587 c.

436 2609 523 2656 84.
540 2608 556 2635 ‘
571 2607 846 2657 Neminem
864 2609 1139 2661 voluerunt
1153 2612 1374 2677 majores
1392 2629 1508 2665 nos·

445 2682 534 2743 tri,
572 2696 673 2734 non
700 2683 857 2733 modo
895 2684 960 2735 de
990 2686 1379 2740 existimatione
1418 2706 1504 2742 cu·

437 2759 688 2824 juspiam,
704 2761 796 2809 sed
812 2776 877 2811 ne
896 2765 1194 2828 pecuniaria
1212 2767 1421 2830 quidem
1438 2768 1507 2818 de

447 2852 506 2887 re
530 2838 738 2888 minima
767 2855 880 2891 esse
905 2841 1162 2906 judicem,
1191 2844 1287 2894 nisi
1320 2846 1406 2910 qui
1431 2847 1508 2896 iu·

452 2923 537 2964 ter
557 2917 882 2968 adversarios
901 2920 1264 2970 convenisset.’
1289 2923 1509 2973 Potor-ol.

511 2992 632 3041 Sors
651 2998 699 3042 et
715 2993 862 3056 arna]
887 2994 950 3044 In
964 2996 1179 3059 judiciis
1198 3000 1390 3050 veteris
1410 3002 1513 3050 rei·

446 3068 667 3133 publicae
704 3069 945 3120 delectus
971 3072 1208 3136 judicum
1245 3074 1359 3125 fieri
1389 3091 1514 3126 con-

445 3145 639 3210 suevit,
659 3160 756 3209 per
775 3146 1122 3210 sortitionem,
1139 3158 1191 3199 et
1212 3164 1306 3214 per
1327 3151 1516 3203 editio-

448 3235 589 3271 nem.
665 3222 921 3273 Nimirum
957 3224 1288 3287 eligebantur
1310 3229 1517 3292 Judices

412 3310 414 3313 ’
450 3312 483 3347 a
505 3298 832 3363 magistratu,
854 3299 1118 3364 sigillatim
1151 3319 1183 3353 a
1206 3306 1530 3369 praetoribus.

446 3374 501 3424 in
537 3375 680 3431 urbe,
703 3382 758 3425 et
793 3392 825 3426 a
870 3377 1094 3441 praeside
1127 3382 1177 3431 iu
1214 3385 1520 3446 provinciis,

445 3450 536 3516 qui
575 3450 919 3516 dijudicandis
950 3456 1144 3505 caussis
1184 3473 1394 3521 operam
1425 3461 1519 3510 da-

444 3536 585 3580 rent.
636 3531 795 3589 Hinc,
818 3532 905 3596 qui
926 3546 990 3582 ex
1018 3533 1241 3586 decuriis
1259 3537 1312 3588 in
1341 3539 1517 3589 album

452 3608 622 3659 missis
657 3610 776 3659 lecti
815 3617 969 3661 erant
1002 3611 1204 3677 Romae,
1238 3616 1517 3668 audierunt

447 3691 463 3715 ⁴
476 3685 685 3749 jndices
705 3685 926 3738 selecti.'
966 3688 1048 3738 Ex
1073 3690 1150 3738 liis
1178 3705 1354 3743 rursus
1377 3693 1514 3744 idem

446 3762 800 3827 magistratus,
835 3771 929 3815 aut
962 3769 1276 3829 praepositus
1301 3771 1516 3834 qnaesti-

449 3840 554 3902 oui,
588 3855 684 3904 per
705 3843 1030 3893 sortitionem
1070 3845 1283 3908 legebat
1303 3847 1514 3910 judices

447 3914 514 3964 ad
561 3925 874 3980 praesentem
930 3935 1163 3971 caussam
1220 3922 1514 3987 dijudican-

445 3992 582 4043 dam.
649 3995 859 4059 Nempe
903 3998 1112 4048 nomiua
1149 4001 1392 4058 omnium,
1425 4003 1515 4066 qui

438 4082 511 4119 eo
548 4083 683 4119 anno
721 4072 861 4123 inter
888 4072 1100 4136 judices
1138 4076 1311 4128 allecti
1348 4086 1517 4143 erant,

444 4146 501 4196 in
527 4160 705 4197 urnam
727 4150 1061 4215 conjiciebat,
1093 4167 1157 4202 ac
1186 4162 1330 4205 sorte
1364 4156 1514 4207 dein·

442 4221 512 4274 de
530 4216 928 4294 eum‘educebat
946 4242 1237 4294 numerum,
1251 4245 1403 4295 quem
1428 4233 1514 4283 lex

442 4301 840 4365 praescribebat.
908 4304 1028 4357 Quo
1050 4304 1211 4372 facto,
1231 4307 1419 4359 deinde
1452 4310 1513 4359 li-

1120 382 1335 430 1⁹01·AE
1386 382 1796 433 vammum
1852 383 1932 433 m

1571 525 1877 589 afflatibus,
1901 526 1951 578 h.
1972 538 2021 576 e.
2043 539 2161 580 cum
2197 525 2507 589 accusatori,
2529 534 2644 577 tum

1571 616 1681 664 reo,
1704 602 1891 652 licebat
1900 603 2108 667 judices
2126 604 2395 669 quosdam,
2408 604 2648 669 quamvis

1573 687 1717 729 sorte
1739 678 1911 745 datos,
1933 682 2177 745 rejicere,
2191 681 2380 747 siquos
2400 678 2536 731 forte
2548 681 2644 730 ba-

1574 757 1762 807 berent
1779 764 2067 821 suspectos,
2086 764 2179 808 aut
2201 758 2298 808 sibi
2324 759 2492 809 minus
2522 758 2640 808 ido·

1575 847 1699 883 neos
1743 841 2014 897 putarent.
2100 835 2333 888 Quorum
2371 837 2422 885 in
2469 836 2641 885 locum

1577 910 1767 961 deiude
1805 911 1935 962 alios
1970 910 2387 963 subsortiebatur
2428 918 2643 975 praetor,

1579 990 1662 1039 vel
1673 989 1844 1053 judex
1869 989 2193 1055 quaestionis,
2225 990 2412 1055 quibus
2436 990 2524 1039 ille
2552 990 2643 1052 ju·-

1579 1065 1752 1116 dicum
1776 1080 2021 1117 numerus
2064 1067 2329 1131 legitimus
2352 1067 2643 1129 complere-

1581 1148 1686 1192 tnr.
1742 1144 1895 1201 Quae,
1919 1158 2028 1208 prae
2041 1145 2251 1201 ceteris,
2276 1143 2343 1193 de
2364 1144 2650 1196 sortitione.

1580 1218 1745 1270 tradit
1792 1220 2049 1271 Asconius
2098 1220 2379 1277 Pedianus,
2420 1219 2487 1269 ad
2533 1220 2644 1270 Cic.

1579 1296 1735 1346 Verr.
1750 1308 1789 1347 ι.
1806 1300 1857 1347 6.
1891 1297 1996 1347 Sed
2016 1298 2292 1362 aliquando
2306 1297 2391 1347 lex
2408 1310 2511 1346 non
2534 1310 2646 1345 sor·

1581 1372 1644 1435 ti,
1673 1372 1767 1422 sed
1796 1374 2111 1424 accusatoris
2149 1373 2386 1436 arbitrio,
2408 1372 2648 1438 judicum

1579 1450 2004 1501 constitutionem
2020 1451 2376 1516 permittebat,
2390 1457 2446 1501 et
2460 1451 2511 1499 hi
2522 1458 2649 1500 tune

1582 1526 1889 1578 dicebantur
1926 1527 2139 1585 ιἕέιϊε.’
2184 1535 2240 1579 et
2279 1528 2472 1579 ‘edere
2510 1527 2650 1592 judi-

1584 1602 1712 1661 ces,’
1756 1603 1959 1669 ipsique
1993 1603 2196 1667 judices
2249 1605 2368 1655 binc
2417 1604 2651 1668 appella·

1584 1680 1775 1731 bantur
1807 1679 2062 1731 ‘edititii.'
2131 1680 2216 1732 Cf.
2249 1681 2564 1740 Heineccius
2596 1680 2658 1740 iu

1584 1756 1846 1823 Antiquit.
1868 1756 1985 1809 Jur.
2006 1758 2157 1808 Rom.
2171 1758 2236 1807 ad
2256 1758 2497 1809 Institnt.
2512 1758 2550 1808 l.
2571 1771 2653 1810 tv·

1587 1835 1674 1883 tit.
1698 1838 1780 1884 18.
1803 1835 1831 1899 ς
1855 1838 1940 1884 23.
1998 1833 2070 1890 In,
2096 1834 2198 1884 isto
2234 1840 2409 1884 autem
2443 1834 2653 1898 judicio

1586 1912 1771 1976 fiscali,
1792 1929 1823 1963 a
1845 1914 2079 1978 Trajano
2101 1915 2426 1978 excogitato,
2443 1912 2508 1962 ad
2543 1912 2658 1972 foſs,

1583 2005 1721 2040 mam
1748 1997 1981 2040 veterum
1995 1989 2336 2055 judiciorum,
2355 1991 2513 2040 etiam
2538 2006 2649 2040 sor·

1587 2067 1720 2129 titio,
1753 2073 1808 2117 et
1847 2067 2084 2129 rejectio,
2119 2073 2174 2117 et
2207 2066 2529 2131 subsortitio,
2575 2068 2656 2120 lo-,

1585 2158 1704 2196 cum
1731 2142 1977 2193 habuere.
2043 2143 2312 2209 Ceterum,
2348 2135 2516 2194 codex
2544 2146 2652 2196 Ms.

1585 2220 1912 2283 Parisiensis,
1948 2234 2041 2283 pro
2056 2220 2270 2281 judicem
2291 2222 2526 2285 assignat,
2563 2223 2656 2278 Ιιιι-ι,

1583 2296 1680 2348 bet
1713 2298 1950 2350 vindicem
1976 2299 2196 2362 assignat
2208 2315 2232 2358 ,-
2285 2299 2654 2364 Guelpberby-

1583 2367 1748 2425 tanus
1783 2376 2017 2436 indicem5
2088 2376 2188 2437 sed.
2251 2383 2441 2427 neuter
2495 2376 2653 2428 bene.

1582 2452 1826 2503 Schmun-z.

1627 2520 1892 2595 Ἔςὶὼενε]
1918 2530 1970 2580 N
1975 2544 2055 2580 sm
2081 2535 2138 2579 et
2153 2528 2207 2580 id
2228 2528 2384 2582 moris
2398 2528 2658 2594 prisci,ut

1583 2608 1859 2657 sortitione
1898 2606 2056 2666 facta,
2089 2614 2143 2656 et
2167 2619 2282 2657 cum
2296 2605 2505 2671 judices
2537 2607 2656 2670 jam·

1579 2681 1863 2745 sedissent,
1885 2690 2159 2734 accusator
2187 2691 2246 2734 et
2272 2697 2410 2745 reus,
2430 2684 2654 2750 quisque

1581 2760 1680 2816 sibi
1727 2768 2018 2826 suspectos,
2057 2767 2273 2825 possent
2310 2760 2554 2825 rejicere,
2595 2767 2655 2822 et

1569 2837 1762 2899 jubere
1785 2852 2016 2901 surgere.
2047 2838 2112 2889 In
2135 2852 2315 2889 eorum
2331 2838 2504 2890 locum
2526 2839 2655 2889 alios

1587 2914 2061 2965 subsortiebautnr.
2124 2915 2240 2965 Lex
2255 2914 2513 2982 Pompeia
2533 2915 2656 2968 buie
2733 2932 2741 2936 ⁴

1590 2993 1665 3042 rei
1690 2990 1898 3041 modum
1916 2999 1971 3041 et
1994 3006 2265 3042 numerum
2289 2991 2454 3044 dedit.
2473 2985 2611 3058 Lapa.

1657 3068 1900 3132 quicere]
1924 3068 2219 3132 Rejiciendi
2234 3068 2433 3132 judicis
2460 3068 2656 3120 formu·

1591 3148 1644 3198 la
1667 3163 1683 3197 ε
1716 3146 1732 3175 ‘
1748 3146 1925 3210 ejero.’
1961 3146 2078 3198 Cic.
2099 3148 2256 3198 Verr.
2275 3145 2365 3197 lib.
2391 3160 2443 3196 v.
2465 3146 2661 3213 Philip.

1591 3238 1698 3276 ιιι.
1723 3225 1880 3275 Ber-n.
2265 3279 2270 3286 ,

1659 3302 1874 3351 Timidus
1892 3303 1991 3367 est]
2027 3300 2205 3352 Proba
2236 3300 2409 3362 lectio,
2431 3307 2486 3351 et
2509 3300 2658 3352 addi.

1589 3388 1739 3438 cunt,
1763 3396 1877 3445 quoe
1902 3386 2209 3446 sequuntur,
2231 3386 2247 3409 ‘
2262 3378 2473 3430 fortiter
2495 3388 2659 3441 amat,

1592 3464 1648 3510 et
1671 3457 1804 3508 bona
1836 3455 2051 3518 soecrili,’
2070 3456 2275 3507 scilicet
2297 3456 2351 3506 in
2376 3470 2481 3520 quo
2514 3457 2659 3520 prin-

1592 3549 1719 3599 ceps
1739 3549 1804 3585 ex
1832 3535 1957 3599 jure
1981 3540 2038 3586 et
2061 3547 2211 3599 oequo
2232 3547 2349 3584 cum
2379 3532 2579 3583 civibus
2602 3548 2658 3584 aa

1590 3622 1701 3677 gat.
1770 3613 1987 3664 Frustra
2020 3619 2102 3662 est
2136 3624 2288 3676 ergo,
2324 3611 2416 3676 qui
2448 3612 2661 3666 tumidus

1590 3691 1836 3741 malebat.
1858 3690 2024 3740 Lirin.

1656 3769 1799 3818 Bona
1829 3766 2015 3829 saeculi]
2054 3763 2251 3816 AEtatis
2286 3771 2516 3826 nostrae,
2497 3781 2513 3794 ·
2559 3779 2661 3817 nee

1585 3846 1755 3904 novit,
1790 3851 1988 3910 quanta
2023 3841 2171 3894 nobis
2199 3841 2298 3892 sub
2325 3842 2564 3907 Trajano
2597 3843 2658 3892 li·

1588 3921 1765 3973 bertas
1785 3921 1872 3978 sit,
1894 3920 2052 3971 etiam
2066 3918 2348 3970 adversus·
2334 3933 2502 3985 ipsum
2515 3920 2659 3985 prin

1589 4000 1779 4064 cipem.
1805 3998 2025 4048 Pataroz.
2671 3995 2678 4001 ’

1587 4105 1593 4113 .
1653 4073 1996 4137 Bonasoeculi]
2014 4039 2226 4126 Quanta
2241 4070 2460 4124 libertas
2467 4067 2689 4154 Ἐμοὶ)
2745 4150 2753 4158 ·
2780 4057 2788 4066 ’
2833 4071 2841 4078 ’

1588 4153 1788 4217 optimo
1812 4151 2074 4215 principe.
2098 4149 2242 4214 Lips.

1656 4230 1801 4280 Illum
1822 4226 1951 4290 tolo]
1985 4227 2049 4277 Iu
2076 4223 2514 4277 antecedentibus
2545 4239 2658 4290 ver·

1587 4310 1667 4362 bis
1690 4308 1921 4361 omne-eli
1926 4307 2007 4359 bri
2029 4306 2213 4374 scripti
2231 4310 2292 4356 et
2313 4304 2515 4370 excusi,
2534 4321 2662 4374 quos
