<?xml version="1.0" encoding="UTF-8"?>
<!DOCTYPE html PUBLIC "-//W3C//DTD XHTML 1.0 Transitional//EN"
    "http://www.w3.org/TR/xhtml1/DTD/xhtml1-transitional.dtd">
<html xmlns="http://www.w3.org/1999/xhtml" xml:lang="en" lang="en">
 <head>
  <title>
</title>
<meta http-equiv="Content-Type" content="text/html;charset=utf-8" />
  <meta name='ocr-system' content='tesseract 3.04.00' />
  <meta name='ocr-capabilities' content='ocr_page ocr_carea ocr_par ocr_line ocrx_word'/>
</head>
<body>
  <div class='ocr_page' id='page_1' title='image "./panegyriciveter01unkngoog_0448.png"; bbox 0 0 3017 4942; ppageno 0'>
   <div class='ocr_carea' id='block_1_1' title="bbox 472 338 608 409">
    <p class='ocr_par' dir='ltr' id='par_1_1' title="bbox 472 338 608 409">
     <span class='ocr_line' id='line_1_1' title="bbox 472 338 608 409; baseline 0 0"><span class='ocrx_word' id='word_1_1' title='bbox 472 338 608 409; x_wconf 75' lang='lat'><strong>856</strong></span> 
     </span>
    </p>
   </div>
   <div class='ocr_carea' id='block_1_2' title="bbox 433 499 1544 3868">
    <p class='ocr_par' dir='ltr' id='par_1_2' title="bbox 433 499 1544 3868">
     <span class='ocr_line' id='line_1_2' title="bbox 471 499 1539 566; baseline 0.002 -13"><span class='ocrx_word' id='word_1_2' title='bbox 471 500 585 553; x_wconf 69' lang='lat' dir='ltr'><strong>sine</strong></span> <span class='ocrx_word' id='word_1_3' title='bbox 607 499 925 564; x_wconf 68' lang='lat' dir='ltr'><strong>destinabat,</strong></span> <span class='ocrx_word' id='word_1_4' title='bbox 947 500 1042 552; x_wconf 80' lang='lat' dir='ltr'><strong>bos</strong></span> <span class='ocrx_word' id='word_1_5' title='bbox 1064 500 1267 566; x_wconf 81' lang='lat' dir='ltr'><strong>illosve,</strong></span> <span class='ocrx_word' id='word_1_6' title='bbox 1289 502 1342 552; x_wconf 93' lang='lat' dir='ltr'><strong>in</strong></span> <span class='ocrx_word' id='word_1_7' title='bbox 1362 504 1458 553; x_wconf 85' lang='lat' dir='ltr'><strong>hos</strong></span> <span class='ocrx_word' id='word_1_8' title='bbox 1481 508 1539 555; x_wconf 86' lang='lat' dir='ltr'><strong>et</strong></span> 
     </span>
     <span class='ocr_line' id='line_1_3' title="bbox 470 578 1539 641; baseline -0.002 -12"><span class='ocrx_word' id='word_1_9' title='bbox 470 578 592 629; x_wconf 86' lang='lat' dir='ltr'><strong>illos</strong></span> <span class='ocrx_word' id='word_1_10' title='bbox 609 590 843 629; x_wconf 78' lang='lat' dir='ltr'><strong>mensest</strong></span> <span class='ocrx_word' id='word_1_11' title='bbox 876 583 934 628; x_wconf 87' lang='lat' dir='ltr'><strong>et</strong></span> <span class='ocrx_word' id='word_1_12' title='bbox 959 583 1150 635; x_wconf 88' lang='lat' dir='ltr'><strong>tamen,</strong></span> <span class='ocrx_word' id='word_1_13' title='bbox 1177 584 1234 627; x_wconf 87' lang='lat' dir='ltr'><strong>ut</strong></span> <span class='ocrx_word' id='word_1_14' title='bbox 1260 586 1439 641; x_wconf 88' lang='lat' dir='ltr'><strong>patres</strong></span> <span class='ocrx_word' id='word_1_15' title='bbox 1463 579 1539 628; x_wconf 83' lang='lat' dir='ltr'><strong>vi-</strong></span> 
     </span>
     <span class='ocr_line' id='line_1_4' title="bbox 472 653 1536 718; baseline 0 -15"><span class='ocrx_word' id='word_1_16' title='bbox 472 653 723 705; x_wconf 78' lang='lat' dir='ltr'><strong>der-entur</strong></span> <span class='ocrx_word' id='word_1_17' title='bbox 735 653 825 717; x_wconf 82' lang='lat' dir='ltr'><strong>jus</strong></span> <span class='ocrx_word' id='word_1_18' title='bbox 849 653 1055 718; x_wconf 80' lang='lat' dir='ltr'><strong>aliquod</strong></span> <span class='ocrx_word' id='word_1_19' title='bbox 1080 653 1292 710; x_wconf 80' lang='lat' dir='ltr'><strong>babere,</strong></span> <span class='ocrx_word' id='word_1_20' title='bbox 1315 654 1365 702; x_wconf 92' lang='lat' dir='ltr'><strong>in</strong></span> <span class='ocrx_word' id='word_1_21' title='bbox 1387 668 1536 704; x_wconf 87' lang='lat' dir='ltr'><strong>sena-</strong></span> 
     </span>
     <span class='ocr_line' id='line_1_5' title="bbox 475 730 1538 796; baseline -0.001 -14"><span class='ocrx_word' id='word_1_22' title='bbox 475 739 533 782; x_wconf 85' lang='lat' dir='ltr'><strong>tu</strong></span> <span class='ocrx_word' id='word_1_23' title='bbox 571 730 901 796; x_wconf 75' lang='lat' dir='ltr'><strong>proponebat</strong></span> <span class='ocrx_word' id='word_1_24' title='bbox 945 730 1336 782; x_wconf 88' lang='lat' dir='ltr'><strong>candidatorum</strong></span> <span class='ocrx_word' id='word_1_25' title='bbox 1372 731 1538 781; x_wconf 79' lang='lat' dir='ltr'><strong>norni-</strong></span> 
     </span>
     <span class='ocr_line' id='line_1_6' title="bbox 472 807 1538 871; baseline 0 -12"><span class='ocrx_word' id='word_1_26' title='bbox 472 823 574 870; x_wconf 85' lang='lat' dir='ltr'><strong>na;</strong></span> <span class='ocrx_word' id='word_1_27' title='bbox 605 807 704 858; x_wconf 85' lang='lat' dir='ltr'><strong>etsi</strong></span> <span class='ocrx_word' id='word_1_28' title='bbox 730 808 977 871; x_wconf 69' lang='lat' dir='ltr'><strong>Traianus</strong></span> <span class='ocrx_word' id='word_1_29' title='bbox 1001 822 1106 858; x_wconf 89' lang='lat' dir='ltr'><strong>non</strong></span> <span class='ocrx_word' id='word_1_30' title='bbox 1128 823 1157 857; x_wconf 85' lang='lat' dir='ltr'><strong>a</strong></span> <span class='ocrx_word' id='word_1_31' title='bbox 1185 822 1264 869; x_wconf 88' lang='lat' dir='ltr'><strong>se,</strong></span> <span class='ocrx_word' id='word_1_32' title='bbox 1285 809 1378 859; x_wconf 90' lang='lat' dir='ltr'><strong>sed</strong></span> <span class='ocrx_word' id='word_1_33' title='bbox 1403 824 1435 858; x_wconf 84' lang='lat' dir='ltr'><strong>a</strong></span> <span class='ocrx_word' id='word_1_34' title='bbox 1456 824 1538 859; x_wconf 89' lang='lat' dir='ltr'><strong>se·</strong></span> 
     </span>
     <span class='ocr_line' id='line_1_7' title="bbox 468 884 1536 950; baseline 0.002 -15"><span class='ocrx_word' id='word_1_35' title='bbox 468 891 618 941; x_wconf 87' lang='lat' dir='ltr'><strong>natu,</strong></span> <span class='ocrx_word' id='word_1_36' title='bbox 649 885 761 950; x_wconf 88' lang='lat' dir='ltr'><strong>peti</strong></span> <span class='ocrx_word' id='word_1_37' title='bbox 792 884 1118 934; x_wconf 85' lang='lat' dir='ltr'><strong>consulatum</strong></span> <span class='ocrx_word' id='word_1_38' title='bbox 1147 884 1333 948; x_wconf 79' lang='lat' dir='ltr'><strong>voluit,</strong></span> <span class='ocrx_word' id='word_1_39' title='bbox 1370 895 1536 937; x_wconf 67' lang='lat' dir='ltr'><strong>txrx.</strong></span> 
     </span>
     <span class='ocr_line' id='line_1_8' title="bbox 467 961 1540 1013; baseline 0 0"><span class='ocrx_word' id='word_1_40' title='bbox 467 966 522 1013; x_wconf 75' lang='lat'><strong>2.</strong></span> <span class='ocrx_word' id='word_1_41' title='bbox 586 963 734 1013; x_wconf 86' lang='lat' dir='ltr'><strong>Tunc</strong></span> <span class='ocrx_word' id='word_1_42' title='bbox 774 961 827 1011; x_wconf 92' lang='lat' dir='ltr'><strong>in</strong></span> <span class='ocrx_word' id='word_1_43' title='bbox 878 961 1024 1012; x_wconf 86' lang='lat' dir='ltr'><strong>curia</strong></span> <span class='ocrx_word' id='word_1_44' title='bbox 1065 969 1273 1012; x_wconf 86' lang='lat' dir='ltr'><strong>senatus</strong></span> <span class='ocrx_word' id='word_1_45' title='bbox 1312 962 1540 1013; x_wconf 84' lang='lat' dir='ltr'><strong>babebat</strong></span> 
     </span>
     <span class='ocr_line' id='line_1_9' title="bbox 474 1038 1537 1103; baseline 0 -13"><span class='ocrx_word' id='word_1_46' title='bbox 474 1039 708 1100; x_wconf 85' lang='lat' dir='ltr'><strong>comitia,</strong></span> <span class='ocrx_word' id='word_1_47' title='bbox 740 1040 841 1103; x_wconf 84' lang='lat' dir='ltr'><strong>&lt;ita</strong></span> <span class='ocrx_word' id='word_1_48' title='bbox 881 1038 1060 1089; x_wconf 80' lang='lat' dir='ltr'><strong>vocari</strong></span> <span class='ocrx_word' id='word_1_49' title='bbox 1088 1038 1336 1089; x_wconf 80' lang='lat' dir='ltr'><strong>videntur</strong></span> <span class='ocrx_word' id='word_1_50' title='bbox 1369 1054 1402 1088; x_wconf 91' lang='lat' dir='ltr'><strong>a</strong></span> <span class='ocrx_word' id='word_1_51' title='bbox 1423 1039 1537 1090; x_wconf 85' lang='lat' dir='ltr'><strong>Pli-</strong></span> 
     </span>
     <span class='ocr_line' id='line_1_10' title="bbox 468 1117 1538 1181; baseline -0.001 -14"><span class='ocrx_word' id='word_1_52' title='bbox 468 1117 576 1174; x_wconf 87' lang='lat' dir='ltr'><strong>nio,</strong></span> <span class='ocrx_word' id='word_1_53' title='bbox 630 1118 803 1181; x_wconf 85' lang='lat' dir='ltr'><strong>Epist.</strong></span> <span class='ocrx_word' id='word_1_54' title='bbox 854 1129 940 1167; x_wconf 88' lang='grc' dir='ltr'><strong>ιιι.</strong></span> <span class='ocrx_word' id='word_1_55' title='bbox 994 1119 1077 1166; x_wconf 80' lang='lat'><strong>20.</strong></span> <span class='ocrx_word' id='word_1_56' title='bbox 1122 1117 1294 1180; x_wconf 85' lang='lat' dir='ltr'><strong>Epist.</strong></span> <span class='ocrx_word' id='word_1_57' title='bbox 1333 1130 1412 1166; x_wconf 83' lang='lat' dir='ltr'><strong>tv.</strong></span> <span class='ocrx_word' id='word_1_58' title='bbox 1454 1122 1538 1167; x_wconf 84' lang='lat'><strong>25.</strong></span> 
     </span>
     <span class='ocr_line' id='line_1_11' title="bbox 470 1192 1537 1259; baseline -0.002 -14"><span class='ocrx_word' id='word_1_59' title='bbox 470 1195 641 1259; x_wconf 85' lang='lat' dir='ltr'><strong>Epist.</strong></span> <span class='ocrx_word' id='word_1_60' title='bbox 662 1208 744 1245; x_wconf 76' lang='lat' dir='ltr'><strong>vt.</strong></span> <span class='ocrx_word' id='word_1_61' title='bbox 768 1192 875 1259; x_wconf 81' lang='lat'><strong>19.)</strong></span> <span class='ocrx_word' id='word_1_62' title='bbox 888 1200 943 1243; x_wconf 90' lang='lat' dir='ltr'><strong>et</strong></span> <span class='ocrx_word' id='word_1_63' title='bbox 956 1193 1175 1257; x_wconf 73' lang='lat' dir='ltr'><strong>singulis</strong></span> <span class='ocrx_word' id='word_1_64' title='bbox 1190 1194 1537 1252; x_wconf 84' lang='lat' dir='ltr'><strong>senatoribus,</strong></span> 
     </span>
     <span class='ocr_line' id='line_1_12' title="bbox 467 1271 1536 1337; baseline 0 -15"><span class='ocrx_word' id='word_1_65' title='bbox 467 1287 569 1337; x_wconf 79' lang='lat' dir='ltr'><strong>per</strong></span> <span class='ocrx_word' id='word_1_66' title='bbox 588 1272 825 1336; x_wconf 84' lang='lat' dir='ltr'><strong>tsbellas,</strong></span> <span class='ocrx_word' id='word_1_67' title='bbox 845 1278 934 1322; x_wconf 89' lang='lat' dir='ltr'><strong>aut</strong></span> <span class='ocrx_word' id='word_1_68' title='bbox 953 1271 1232 1336; x_wconf 87' lang='lat' dir='ltr'><strong>aliqusndo</strong></span> <span class='ocrx_word' id='word_1_69' title='bbox 1260 1286 1406 1334; x_wconf 84' lang='lat' dir='ltr'><strong>voce,</strong></span> <span class='ocrx_word' id='word_1_70' title='bbox 1430 1271 1536 1322; x_wconf 87' lang='lat' dir='ltr'><strong>suf·</strong></span> 
     </span>
     <span class='ocr_line' id='line_1_13' title="bbox 433 1347 1539 1413; baseline 0.001 -16"><span class='ocrx_word' id='word_1_71' title='bbox 433 1358 438 1362; x_wconf 76' lang='grc'><em>·</em></span> <span class='ocrx_word' id='word_1_72' title='bbox 469 1347 813 1410; x_wconf 71' lang='lat' dir='ltr'><strong>fugantibus,</strong></span> <span class='ocrx_word' id='word_1_73' title='bbox 836 1347 983 1413; x_wconf 88' lang='lat' dir='ltr'><strong>quasi</strong></span> <span class='ocrx_word' id='word_1_74' title='bbox 1007 1347 1275 1411; x_wconf 86' lang='lat' dir='ltr'><strong>eligebant</strong></span> <span class='ocrx_word' id='word_1_75' title='bbox 1298 1348 1539 1412; x_wconf 82' lang='lat' dir='ltr'><strong>designa·-</strong></span> 
     </span>
     <span class='ocr_line' id='line_1_14' title="bbox 465 1423 1538 1491; baseline -0.001 -16"><span class='ocrx_word' id='word_1_76' title='bbox 465 1423 699 1491; x_wconf 82' lang='lat' dir='ltr'><strong>bamque</strong></span> <span class='ocrx_word' id='word_1_77' title='bbox 743 1439 903 1475; x_wconf 84' lang='lat' dir='ltr'><strong>novos</strong></span> <span class='ocrx_word' id='word_1_78' title='bbox 940 1424 1199 1488; x_wconf 89' lang='lat' dir='ltr'><strong>consules,</strong></span> <span class='ocrx_word' id='word_1_79' title='bbox 1227 1423 1538 1489; x_wconf 80' lang='lat' dir='ltr'><strong>designatis·</strong></span> 
     </span>
     <span class='ocr_line' id='line_1_15' title="bbox 468 1501 1537 1568; baseline -0.001 -16"><span class='ocrx_word' id='word_1_80' title='bbox 468 1517 572 1568; x_wconf 87' lang='lat' dir='ltr'><strong>que</strong></span> <span class='ocrx_word' id='word_1_81' title='bbox 614 1501 1003 1565; x_wconf 87' lang='lat' dir='ltr'><strong>acclamabant;</strong></span> <span class='ocrx_word' id='word_1_82' title='bbox 1057 1517 1175 1551; x_wconf 87' lang='lat' dir='ltr'><strong>cum</strong></span> <span class='ocrx_word' id='word_1_83' title='bbox 1216 1510 1386 1552; x_wconf 83' lang='lat' dir='ltr'><strong>tamen</strong></span> <span class='ocrx_word' id='word_1_84' title='bbox 1430 1516 1537 1552; x_wconf 88' lang='lat' dir='ltr'><strong>non</strong></span> 
     </span>
     <span class='ocr_line' id='line_1_16' title="bbox 467 1578 1536 1643; baseline -0.001 -14"><span class='ocrx_word' id='word_1_85' title='bbox 467 1579 596 1629; x_wconf 84' lang='lat' dir='ltr'><strong>alios</strong></span> <span class='ocrx_word' id='word_1_86' title='bbox 616 1580 878 1643; x_wconf 76' lang='lat' dir='ltr'>eligerent</span> <span class='ocrx_word' id='word_1_87' title='bbox 902 1578 1364 1642; x_wconf 72' lang='lat' dir='ltr'><strong>designarentque,</strong></span> <span class='ocrx_word' id='word_1_88' title='bbox 1384 1593 1536 1643; x_wconf 85' lang='lat' dir='ltr'><strong>quam</strong></span> 
     </span>
     <span class='ocr_line' id='line_1_17' title="bbox 464 1654 1538 1719; baseline 0 -14"><span class='ocrx_word' id='word_1_89' title='bbox 464 1669 594 1719; x_wconf 82' lang='lat' dir='ltr'><strong>quos</strong></span> <span class='ocrx_word' id='word_1_90' title='bbox 609 1656 720 1719; x_wconf 89' lang='lat' dir='ltr'><strong>ipse</strong></span> <span class='ocrx_word' id='word_1_91' title='bbox 734 1654 1098 1719; x_wconf 73' lang='lat' dir='ltr'><strong>designaverat</strong></span> <span class='ocrx_word' id='word_1_92' title='bbox 1115 1655 1378 1718; x_wconf 85' lang='lat' dir='ltr'><strong>princeps.</strong></span> <span class='ocrx_word' id='word_1_93' title='bbox 1408 1655 1538 1706; x_wconf 87' lang='grc' dir='ltr'><strong>Τιιιιι</strong></span> 
     </span>
     <span class='ocr_line' id='line_1_18' title="bbox 464 1730 1538 1796; baseline 0.003 -17"><span class='ocrx_word' id='word_1_94' title='bbox 464 1730 654 1780; x_wconf 85' lang='lat' dir='ltr'><strong>deinde</strong></span> <span class='ocrx_word' id='word_1_95' title='bbox 688 1733 895 1796; x_wconf 87' lang='lat' dir='ltr'><strong>publica</strong></span> <span class='ocrx_word' id='word_1_96' title='bbox 928 1730 1256 1782; x_wconf 80' lang='lat' dir='ltr'><strong>habebantur</strong></span> <span class='ocrx_word' id='word_1_97' title='bbox 1286 1731 1538 1793; x_wconf 79' lang='lat' dir='ltr'><strong>comitia3</strong></span> 
     </span>
     <span class='ocr_line' id='line_1_19' title="bbox 465 1806 1540 1873; baseline 0.001 -17"><span class='ocrx_word' id='word_1_98' title='bbox 465 1821 684 1872; x_wconf 83' lang='lat' dir='ltr'><strong>quorum</strong></span> <span class='ocrx_word' id='word_1_99' title='bbox 700 1808 786 1858; x_wconf 80' lang='lat' dir='ltr'><strong>die</strong></span> <span class='ocrx_word' id='word_1_100' title='bbox 798 1820 1019 1873; x_wconf 66' lang='lat' dir='ltr'><strong>queque</strong></span> <span class='ocrx_word' id='word_1_101' title='bbox 1035 1806 1427 1858; x_wconf 87' lang='lat' dir='ltr'><strong>candidatorum</strong></span> <span class='ocrx_word' id='word_1_102' title='bbox 1448 1823 1540 1871; x_wconf 89' lang='lat' dir='ltr'><strong>pa·</strong></span> 
     </span>
     <span class='ocr_line' id='line_1_20' title="bbox 462 1884 1539 1949; baseline 0.002 -16"><span class='ocrx_word' id='word_1_103' title='bbox 462 1885 545 1934; x_wconf 83' lang='lat' dir='ltr'><strong>ria</strong></span> <span class='ocrx_word' id='word_1_104' title='bbox 574 1884 1003 1949; x_wconf 73' lang='lat' dir='ltr'><strong>producebantur</strong></span> <span class='ocrx_word' id='word_1_105' title='bbox 1037 1886 1087 1934; x_wconf 90' lang='lat' dir='ltr'><strong>in</strong></span> <span class='ocrx_word' id='word_1_106' title='bbox 1122 1896 1363 1948; x_wconf 82' lang='lat' dir='ltr'><strong>campum</strong></span> <span class='ocrx_word' id='word_1_107' title='bbox 1395 1885 1539 1935; x_wconf 78' lang='lat' dir='ltr'><strong>Mar·</strong></span> 
     </span>
     <span class='ocr_line' id='line_1_21' title="bbox 466 1961 1537 2025; baseline 0.004 -16"><span class='ocrx_word' id='word_1_108' title='bbox 466 1961 616 2022; x_wconf 89' lang='lat' dir='ltr'><strong>tium,</strong></span> <span class='ocrx_word' id='word_1_109' title='bbox 638 1968 712 2024; x_wconf 86' lang='lat' dir='ltr'><strong>et,</strong></span> <span class='ocrx_word' id='word_1_110' title='bbox 731 1961 863 2011; x_wconf 86' lang='lat' dir='ltr'><strong>dieis</strong></span> <span class='ocrx_word' id='word_1_111' title='bbox 881 1976 1086 2023; x_wconf 87' lang='lat' dir='ltr'><strong>caussa,</strong></span> <span class='ocrx_word' id='word_1_112' title='bbox 1103 1962 1326 2025; x_wconf 87' lang='lat' dir='ltr'><strong>populus</strong></span> <span class='ocrx_word' id='word_1_113' title='bbox 1343 1961 1537 2014; x_wconf 87' lang='lat' dir='ltr'><strong>coibat.</strong></span> 
     </span>
     <span class='ocr_line' id='line_1_22' title="bbox 463 2037 1538 2106; baseline 0.002 -19"><span class='ocrx_word' id='word_1_114' title='bbox 463 2037 568 2087; x_wconf 84' lang='lat' dir='ltr'><strong>His</strong></span> <span class='ocrx_word' id='word_1_115' title='bbox 610 2039 835 2089; x_wconf 86' lang='lat' dir='ltr'><strong>comitiis</strong></span> <span class='ocrx_word' id='word_1_116' title='bbox 887 2040 1209 2103; x_wconf 56' lang='lat' dir='ltr'><strong>praesidebat</strong></span> <span class='ocrx_word' id='word_1_117' title='bbox 1259 2040 1538 2106; x_wconf 82' lang='lat' dir='ltr'><strong>Trajsnus,</strong></span> 
     </span>
     <span class='ocr_line' id='line_1_23' title="bbox 465 2117 1538 2180; baseline 0.002 -16"><span class='ocrx_word' id='word_1_118' title='bbox 465 2121 715 2179; x_wconf 84' lang='lat' dir='ltr'><strong>tanquam</strong></span> <span class='ocrx_word' id='word_1_119' title='bbox 745 2119 945 2180; x_wconf 86' lang='lat' dir='ltr'><strong>consul,</strong></span> <span class='ocrx_word' id='word_1_120' title='bbox 964 2125 1018 2167; x_wconf 88' lang='lat' dir='ltr'><strong>et</strong></span> <span class='ocrx_word' id='word_1_121' title='bbox 1052 2131 1261 2167; x_wconf 87' lang='lat' dir='ltr'><strong>carmen</strong></span> <span class='ocrx_word' id='word_1_122' title='bbox 1297 2117 1538 2180; x_wconf 69' lang='lat' dir='ltr'><strong>praeibat.</strong></span> 
     </span>
     <span class='ocr_line' id='line_1_24' title="bbox 463 2194 1541 2255; baseline 0.004 -15"><span class='ocrx_word' id='word_1_123' title='bbox 463 2201 729 2255; x_wconf 84' lang='lat' dir='ltr'><strong>precatus,</strong></span> <span class='ocrx_word' id='word_1_124' title='bbox 751 2200 809 2244; x_wconf 90' lang='lat' dir='ltr'><strong>nt</strong></span> <span class='ocrx_word' id='word_1_125' title='bbox 827 2194 915 2243; x_wconf 89' lang='lat' dir='ltr'><strong>illa</strong></span> <span class='ocrx_word' id='word_1_126' title='bbox 934 2195 1257 2244; x_wconf 87' lang='lat' dir='ltr'><strong>comitiorum</strong></span> <span class='ocrx_word' id='word_1_127' title='bbox 1282 2194 1541 2245; x_wconf 79' lang='lat' dir='ltr'><strong>ordinatio</strong></span> 
     </span>
     <span class='ocr_line' id='line_1_25' title="bbox 465 2268 1541 2336; baseline 0.005 -17"><span class='ocrx_word' id='word_1_128' title='bbox 465 2268 601 2319; x_wconf 86' lang='lat' dir='ltr'><strong>bene</strong></span> <span class='ocrx_word' id='word_1_129' title='bbox 640 2283 705 2320; x_wconf 83' lang='lat' dir='ltr'><strong>ac</strong></span> <span class='ocrx_word' id='word_1_130' title='bbox 737 2269 970 2322; x_wconf 73' lang='lat' dir='ltr'><strong>feliciter</strong></span> <span class='ocrx_word' id='word_1_131' title='bbox 1001 2273 1255 2336; x_wconf 80' lang='lat' dir='ltr'><strong>eveniret,</strong></span> <span class='ocrx_word' id='word_1_132' title='bbox 1279 2287 1467 2324; x_wconf 71' lang='lat' dir='ltr'><strong>nxxn.</strong></span> <span class='ocrx_word' id='word_1_133' title='bbox 1493 2279 1541 2324; x_wconf 83' lang='lat'><strong>1.</strong></span> 
     </span>
     <span class='ocr_line' id='line_1_26' title="bbox 464 2344 1542 2412; baseline 0.006 -19"><span class='ocrx_word' id='word_1_134' title='bbox 464 2344 597 2394; x_wconf 84' lang='lat' dir='ltr'><strong>Mox</strong></span> <span class='ocrx_word' id='word_1_135' title='bbox 610 2345 859 2410; x_wconf 87' lang='lat' dir='ltr'><strong>jurabant</strong></span> <span class='ocrx_word' id='word_1_136' title='bbox 882 2347 1168 2412; x_wconf 86' lang='lat' dir='ltr'><strong>candidati,</strong></span> <span class='ocrx_word' id='word_1_137' title='bbox 1191 2354 1391 2399; x_wconf 87' lang='lat' dir='ltr'><strong>stantes</strong></span> <span class='ocrx_word' id='word_1_138' title='bbox 1415 2357 1542 2400; x_wconf 72' lang='lat' dir='ltr'><strong>ante</strong></span> 
     </span>
     <span class='ocr_line' id='line_1_27' title="bbox 463 2420 1539 2488; baseline 0.006 -20"><span class='ocrx_word' id='word_1_139' title='bbox 463 2420 641 2470; x_wconf 83' lang='lat' dir='ltr'><strong>sellam</strong></span> <span class='ocrx_word' id='word_1_140' title='bbox 666 2422 899 2472; x_wconf 88' lang='lat' dir='ltr'><strong>curulem</strong></span> <span class='ocrx_word' id='word_1_141' title='bbox 924 2423 1167 2484; x_wconf 84' lang='lat' dir='ltr'><strong>consulis,</strong></span> <span class='ocrx_word' id='word_1_142' title='bbox 1195 2423 1539 2488; x_wconf 77' lang='lat' dir='ltr'><strong>jurisJurandi</strong></span> 
     </span>
     <span class='ocr_line' id='line_1_28' title="bbox 462 2498 1540 2566; baseline 0.004 -18"><span class='ocrx_word' id='word_1_143' title='bbox 462 2498 735 2550; x_wconf 79' lang='lat' dir='ltr'><strong>formulam</strong></span> <span class='ocrx_word' id='word_1_144' title='bbox 756 2501 1058 2565; x_wconf 65' lang='lat' dir='ltr'><strong>preeuntis.</strong></span> <span class='ocrx_word' id='word_1_145' title='bbox 1123 2503 1254 2551; x_wconf 86' lang='lat' dir='ltr'><strong>Tum</strong></span> <span class='ocrx_word' id='word_1_146' title='bbox 1278 2503 1540 2566; x_wconf 66' lang='lat' dir='ltr'><strong>ipse‘2&#39;l&#39;ra·</strong></span> 
     </span>
     <span class='ocr_line' id='line_1_29' title="bbox 457 2575 1538 2639; baseline 0.002 -14"><span class='ocrx_word' id='word_1_147' title='bbox 457 2575 617 2639; x_wconf 87' lang='lat' dir='ltr'><strong>janus</strong></span> <span class='ocrx_word' id='word_1_148' title='bbox 642 2592 801 2627; x_wconf 84' lang='lat' dir='ltr'><strong>novos</strong></span> <span class='ocrx_word' id='word_1_149' title='bbox 826 2580 1065 2628; x_wconf 84' lang='lat' dir='ltr'><strong>consules</strong></span> <span class='ocrx_word' id='word_1_150' title='bbox 1092 2593 1215 2629; x_wconf 83' lang='lat' dir='ltr'><strong>voce</strong></span> <span class='ocrx_word' id='word_1_151' title='bbox 1238 2594 1331 2629; x_wconf 88' lang='lat' dir='ltr'><strong>sua</strong></span> <span class='ocrx_word' id='word_1_152' title='bbox 1350 2593 1538 2627; x_wconf 85' lang='lat' dir='ltr'><strong>renun-</strong></span> 
     </span>
     <span class='ocr_line' id='line_1_30' title="bbox 465 2652 1540 2721; baseline 0.003 -19"><span class='ocrx_word' id='word_1_153' title='bbox 465 2652 657 2713; x_wconf 79' lang='lat' dir='ltr'><strong>tiabat,</strong></span> <span class='ocrx_word' id='word_1_154' title='bbox 684 2654 1109 2721; x_wconf 86' lang='lat' dir='ltr'><strong>declarabatque,</strong></span> <span class='ocrx_word' id='word_1_155' title='bbox 1150 2663 1208 2705; x_wconf 89' lang='lat' dir='ltr'><strong>ut</strong></span> <span class='ocrx_word' id='word_1_156' title='bbox 1242 2655 1378 2704; x_wconf 85' lang='lat' dir='ltr'><strong>idem</strong></span> <span class='ocrx_word' id='word_1_157' title='bbox 1418 2654 1434 2681; x_wconf 91' lang='lat'>‘</span> <span class='ocrx_word' id='word_1_158' title='bbox 1461 2655 1540 2713; x_wconf 64' lang='lat' dir='ltr'><strong>liis</strong></span> 
     </span>
     <span class='ocr_line' id='line_1_31' title="bbox 462 2727 1538 2794; baseline 0.002 -17"><span class='ocrx_word' id='word_1_159' title='bbox 462 2727 743 2780; x_wconf 80' lang='lat' dir='ltr'><strong>honoribus</strong></span> <span class='ocrx_word' id='word_1_160' title='bbox 801 2729 1112 2794; x_wconf 76' lang='lat' dir='ltr'><strong>suffragator</strong></span> <span class='ocrx_word' id='word_1_161' title='bbox 1172 2732 1224 2780; x_wconf 89' lang='lat' dir='ltr'><strong>in</strong></span> <span class='ocrx_word' id='word_1_162' title='bbox 1274 2730 1438 2790; x_wconf 86' lang='lat' dir='ltr'><strong>curia,</strong></span> <span class='ocrx_word' id='word_1_163' title='bbox 1482 2731 1538 2779; x_wconf 90' lang='lat' dir='ltr'><strong>in</strong></span> 
     </span>
     <span class='ocr_line' id='line_1_32' title="bbox 465 2807 1538 2870; baseline 0.006 -17"><span class='ocrx_word' id='word_1_164' title='bbox 465 2818 649 2868; x_wconf 83' lang='lat' dir='ltr'><strong>campo</strong></span> <span class='ocrx_word' id='word_1_165' title='bbox 672 2807 988 2870; x_wconf 85' lang='lat' dir='ltr'><strong>declarator,</strong></span> <span class='ocrx_word' id='word_1_166' title='bbox 1016 2807 1301 2869; x_wconf 79' lang='lat' dir='ltr'><strong>existeret‚’</strong></span> <span class='ocrx_word' id='word_1_167' title='bbox 1325 2820 1465 2857; x_wconf 76' lang='lat' dir='ltr'><strong>xcn.</strong></span> <span class='ocrx_word' id='word_1_168' title='bbox 1487 2811 1538 2859; x_wconf 73' lang='lat'><strong>3.</strong></span> 
     </span>
     <span class='ocr_line' id='line_1_33' title="bbox 464 2882 1538 2935; baseline 0.002 -4"><span class='ocrx_word' id='word_1_169' title='bbox 464 2882 665 2933; x_wconf 84' lang='lat' dir='ltr'><strong>Postea</strong></span> <span class='ocrx_word' id='word_1_170' title='bbox 697 2885 818 2933; x_wconf 83' lang='lat' dir='ltr'><strong>novi</strong></span> <span class='ocrx_word' id='word_1_171' title='bbox 851 2885 1084 2934; x_wconf 85' lang='lat' dir='ltr'><strong>consules</strong></span> <span class='ocrx_word' id='word_1_172' title='bbox 1120 2885 1306 2935; x_wconf 83' lang='lat' dir='ltr'><strong>iterum</strong></span> <span class='ocrx_word' id='word_1_173' title='bbox 1341 2884 1395 2933; x_wconf 92' lang='lat' dir='ltr'><strong>in</strong></span> <span class='ocrx_word' id='word_1_174' title='bbox 1431 2899 1538 2933; x_wconf 79' lang='lat' dir='ltr'><strong>ros·</strong></span> 
     </span>
     <span class='ocr_line' id='line_1_34' title="bbox 464 2959 1538 3025; baseline 0.005 -19"><span class='ocrx_word' id='word_1_175' title='bbox 464 2959 559 3008; x_wconf 89' lang='lat' dir='ltr'><strong>tris</strong></span> <span class='ocrx_word' id='word_1_176' title='bbox 600 2959 752 3010; x_wconf 85' lang='lat' dir='ltr'><strong>simili</strong></span> <span class='ocrx_word' id='word_1_177' title='bbox 790 2960 1041 3025; x_wconf 78' lang='lat' dir='ltr'><strong>religione</strong></span> <span class='ocrx_word' id='word_1_178' title='bbox 1067 2961 1409 3025; x_wconf 82' lang='lat' dir='ltr'><strong>jurisjurandi</strong></span> <span class='ocrx_word' id='word_1_179' title='bbox 1446 2962 1538 3011; x_wconf 89' lang='lat' dir='ltr'><strong>ob·</strong></span> 
     </span>
     <span class='ocr_line' id='line_1_35' title="bbox 463 3035 1538 3100; baseline 0.003 -16"><span class='ocrx_word' id='word_1_180' title='bbox 463 3035 873 3100; x_wconf 66' lang='lat' dir='ltr'><strong>stringebantur,</strong></span> <span class='ocrx_word' id='word_1_181' title='bbox 911 3050 1040 3087; x_wconf 77' lang='grc' dir='ltr'><strong>ιιιν.</strong></span> <span class='ocrx_word' id='word_1_182' title='bbox 1078 3041 1126 3086; x_wconf 92' lang='grc'><strong>1.</strong></span> <span class='ocrx_word' id='word_1_183' title='bbox 1187 3036 1364 3086; x_wconf 82' lang='lat' dir='ltr'><strong>Taceo</strong></span> <span class='ocrx_word' id='word_1_184' title='bbox 1399 3051 1538 3087; x_wconf 88' lang='lat' dir='ltr'><strong>nnnc</strong></span> 
     </span>
     <span class='ocr_line' id='line_1_36' title="bbox 466 3110 1538 3163; baseline 0.004 -5"><span class='ocrx_word' id='word_1_185' title='bbox 466 3110 593 3159; x_wconf 85' lang='lat' dir='ltr'><strong>alias</strong></span> <span class='ocrx_word' id='word_1_186' title='bbox 616 3111 940 3160; x_wconf 75' lang='lat' dir='ltr'><strong>caerimonias</strong></span> <span class='ocrx_word' id='word_1_187' title='bbox 953 3118 1077 3161; x_wconf 86' lang='lat' dir='ltr'><strong>tnnc</strong></span> <span class='ocrx_word' id='word_1_188' title='bbox 1100 3113 1425 3162; x_wconf 84' lang='lat' dir='ltr'><strong>observatas.</strong></span> <span class='ocrx_word' id='word_1_189' title='bbox 1458 3114 1538 3163; x_wconf 81' lang='lat' dir='ltr'><strong>Ex</strong></span> 
     </span>
     <span class='ocr_line' id='line_1_37' title="bbox 462 3185 1540 3251; baseline 0.005 -17"><span class='ocrx_word' id='word_1_190' title='bbox 462 3185 542 3234; x_wconf 83' lang='lat' dir='ltr'><strong>bis</strong></span> <span class='ocrx_word' id='word_1_191' title='bbox 569 3186 699 3235; x_wconf 88' lang='lat' dir='ltr'><strong>adeo</strong></span> <span class='ocrx_word' id='word_1_192' title='bbox 735 3187 968 3237; x_wconf 89' lang='lat' dir='ltr'><strong>omnibus</strong></span> <span class='ocrx_word' id='word_1_193' title='bbox 998 3188 1306 3251; x_wconf 79' lang='lat' dir='ltr'><strong>colligimus,</strong></span> <span class='ocrx_word' id='word_1_194' title='bbox 1330 3189 1540 3240; x_wconf 86' lang='lat' dir='ltr'><strong>omnino</strong></span> 
     </span>
     <span class='ocr_line' id='line_1_38' title="bbox 467 3254 1539 3328; baseline 0.007 -19"><span class='ocrx_word' id='word_1_195' title='bbox 467 3275 500 3309; x_wconf 91' lang='lat' dir='ltr'><strong>a</strong></span> <span class='ocrx_word' id='word_1_196' title='bbox 523 3262 791 3313; x_wconf 82' lang='lat' dir='ltr'><strong>voluntate</strong></span> <span class='ocrx_word' id='word_1_197' title='bbox 814 3269 870 3313; x_wconf 87' lang='lat' dir='ltr'><strong>et</strong></span> <span class='ocrx_word' id='word_1_198' title='bbox 890 3270 1019 3313; x_wconf 90' lang='lat' dir='ltr'><strong>nutu</strong></span> <span class='ocrx_word' id='word_1_199' title='bbox 1049 3254 1294 3328; x_wconf 67' lang='lat' dir='ltr'><strong>principis</strong></span> <span class='ocrx_word' id='word_1_200' title='bbox 1317 3266 1539 3316; x_wconf 81' lang='lat' dir='ltr'><strong>maxime</strong></span> 
     </span>
     <span class='ocr_line' id='line_1_39' title="bbox 466 3336 1543 3406; baseline 0.006 -20"><span class='ocrx_word' id='word_1_201' title='bbox 466 3336 779 3402; x_wconf 82' lang='lat' dir='ltr'><strong>dependisse</strong></span> <span class='ocrx_word' id='word_1_202' title='bbox 838 3341 1139 3391; x_wconf 87' lang='lat' dir='ltr'><strong>consulatus</strong></span> <span class='ocrx_word' id='word_1_203' title='bbox 1192 3342 1543 3406; x_wconf 78' lang='lat' dir='ltr'><strong>dignitatem3</strong></span> 
     </span>
     <span class='ocr_line' id='line_1_40' title="bbox 469 3414 1540 3470; baseline 0.005 -6"><span class='ocrx_word' id='word_1_204' title='bbox 469 3414 568 3465; x_wconf 84' lang='lat' dir='ltr'><strong>etsi</strong></span> <span class='ocrx_word' id='word_1_205' title='bbox 591 3414 641 3463; x_wconf 90' lang='lat' dir='ltr'><strong>in</strong></span> <span class='ocrx_word' id='word_1_206' title='bbox 678 3429 739 3464; x_wconf 86' lang='lat' dir='ltr'><strong>ea</strong></span> <span class='ocrx_word' id='word_1_207' title='bbox 762 3414 1076 3465; x_wconf 78' lang='lat' dir='ltr'><strong>conferenda</strong></span> <span class='ocrx_word' id='word_1_208' title='bbox 1099 3416 1422 3467; x_wconf 81' lang='lat' dir='ltr'><strong>humaniores</strong></span> <span class='ocrx_word' id='word_1_209' title='bbox 1446 3419 1540 3470; x_wconf 83' lang='lat' dir='ltr'><strong>im·</strong></span> 
     </span>
     <span class='ocr_line' id='line_1_41' title="bbox 468 3490 1541 3558; baseline 0.004 -18"><span class='ocrx_word' id='word_1_210' title='bbox 468 3499 764 3555; x_wconf 85' lang='lat' dir='ltr'><strong>peratores,</strong></span> <span class='ocrx_word' id='word_1_211' title='bbox 786 3497 841 3543; x_wconf 89' lang='lat' dir='ltr'><strong>et</strong></span> <span class='ocrx_word' id='word_1_212' title='bbox 862 3490 1099 3557; x_wconf 85' lang='lat' dir='ltr'><strong>inprimis</strong></span> <span class='ocrx_word' id='word_1_213' title='bbox 1114 3493 1389 3558; x_wconf 83' lang='lat' dir='ltr'><strong>Trajanus,</strong></span> <span class='ocrx_word' id='word_1_214' title='bbox 1413 3495 1541 3544; x_wconf 80' lang='lat' dir='ltr'><strong>civi·</strong></span> 
     </span>
     <span class='ocr_line' id='line_1_42' title="bbox 468 3568 1540 3635; baseline 0.004 -18"><span class='ocrx_word' id='word_1_215' title='bbox 468 3568 567 3618; x_wconf 90' lang='lat' dir='ltr'><strong>lius</strong></span> <span class='ocrx_word' id='word_1_216' title='bbox 590 3577 825 3634; x_wconf 73' lang='lat' dir='ltr'><strong>agerent,</strong></span> <span class='ocrx_word' id='word_1_217' title='bbox 858 3571 956 3620; x_wconf 82' lang='lat' dir='ltr'><strong>boc</strong></span> <span class='ocrx_word' id='word_1_218' title='bbox 980 3577 1079 3635; x_wconf 85' lang='lat' dir='ltr'><strong>est,</strong></span> <span class='ocrx_word' id='word_1_219' title='bbox 1110 3572 1162 3620; x_wconf 88' lang='lat' dir='ltr'><strong>in</strong></span> <span class='ocrx_word' id='word_1_220' title='bbox 1183 3572 1416 3621; x_wconf 76' lang='lat' dir='ltr'><strong>externis</strong></span> <span class='ocrx_word' id='word_1_221' title='bbox 1440 3588 1540 3621; x_wconf 66' lang='lat' dir='ltr'><strong>ct·</strong></span> 
     </span>
     <span class='ocr_line' id='line_1_43' title="bbox 468 3646 1542 3713; baseline 0.007 -20"><span class='ocrx_word' id='word_1_222' title='bbox 468 3646 696 3697; x_wconf 74' lang='lat' dir='ltr'><strong>timoniis</strong></span> <span class='ocrx_word' id='word_1_223' title='bbox 736 3656 794 3697; x_wconf 88' lang='lat' dir='ltr'><strong>et</strong></span> <span class='ocrx_word' id='word_1_224' title='bbox 829 3647 1016 3698; x_wconf 87' lang='lat' dir='ltr'><strong>ritibus</strong></span> <span class='ocrx_word' id='word_1_225' title='bbox 1051 3648 1225 3712; x_wconf 87' lang='lat' dir='ltr'><strong>paullo</strong></span> <span class='ocrx_word' id='word_1_226' title='bbox 1261 3650 1542 3713; x_wconf 83' lang='lat' dir='ltr'><strong>speciosio-</strong></span> 
     </span>
     <span class='ocr_line' id='line_1_44' title="bbox 469 3725 1543 3790; baseline 0.005 -19"><span class='ocrx_word' id='word_1_227' title='bbox 469 3738 578 3774; x_wconf 89' lang='lat' dir='ltr'><strong>rem</strong></span> <span class='ocrx_word' id='word_1_228' title='bbox 618 3725 853 3788; x_wconf 68' lang='lat' dir='ltr'><strong>pristinae</strong></span> <span class='ocrx_word' id='word_1_229' title='bbox 882 3725 1142 3776; x_wconf 74' lang='lat' dir='ltr'><strong>libertatis</strong></span> <span class='ocrx_word' id='word_1_230' title='bbox 1178 3733 1236 3776; x_wconf 86' lang='lat' dir='ltr'><strong>et</strong></span> <span class='ocrx_word' id='word_1_231' title='bbox 1270 3729 1543 3790; x_wconf 79' lang='lat' dir='ltr'><strong>potestatis</strong></span> 
     </span>
     <span class='ocr_line' id='line_1_45' title="bbox 471 3801 1544 3868; baseline 0.003 -19"><span class='ocrx_word' id='word_1_232' title='bbox 471 3801 701 3851; x_wconf 85' lang='lat' dir='ltr'><strong>umbram</strong></span> <span class='ocrx_word' id='word_1_233' title='bbox 727 3802 932 3851; x_wconf 88' lang='lat' dir='ltr'><strong>senatui</strong></span> <span class='ocrx_word' id='word_1_234' title='bbox 957 3803 1255 3867; x_wconf 84' lang='lat' dir='ltr'><strong>populoque</strong></span> <span class='ocrx_word' id='word_1_235' title='bbox 1286 3804 1544 3868; x_wconf 87' lang='lat' dir='ltr'><strong>relinque·</strong></span> 
     </span>
    </p>
   </div>
   <div class='ocr_carea' id='block_1_3' title="bbox 379 3872 1541 3943">
    <p class='ocr_par' dir='ltr' id='par_1_3' title="bbox 379 3872 1541 3943">
     <span class='ocr_line' id='line_1_46' title="bbox 379 3872 1541 3943; baseline 0.003 -20"><span class='ocrx_word' id='word_1_236' title='bbox 379 3872 384 3877; x_wconf 61' lang='lat'><strong>⁴</strong></span> <span class='ocrx_word' id='word_1_237' title='bbox 469 3885 608 3925; x_wconf 88' lang='lat' dir='ltr'><strong>rent.</strong></span> <span class='ocrx_word' id='word_1_238' title='bbox 671 3876 817 3926; x_wconf 88' lang='lat' dir='ltr'><strong>Bene</strong></span> <span class='ocrx_word' id='word_1_239' title='bbox 844 3882 1017 3925; x_wconf 85' lang='lat' dir='ltr'><strong>tamen</strong></span> <span class='ocrx_word' id='word_1_240' title='bbox 1052 3883 1203 3927; x_wconf 85' lang='lat' dir='ltr'><strong>notat</strong></span> <span class='ocrx_word' id='word_1_241' title='bbox 1239 3879 1466 3943; x_wconf 77' lang='lat' dir='ltr'><strong>Lipsius,</strong></span> <span class='ocrx_word' id='word_1_242' title='bbox 1489 3879 1541 3927; x_wconf 90' lang='lat' dir='ltr'><strong>in</strong></span> 
     </span>
    </p>
   </div>
   <div class='ocr_carea' id='block_1_4' title="bbox 470 3952 1542 4026">
    <p class='ocr_par' dir='ltr' id='par_1_4' title="bbox 470 3952 1542 4026">
     <span class='ocr_line' id='line_1_47' title="bbox 470 3952 1542 4026; baseline 0.002 -24"><span class='ocrx_word' id='word_1_243' title='bbox 470 3952 713 4002; x_wconf 83' lang='lat' dir='ltr'><strong>creandis</strong></span> <span class='ocrx_word' id='word_1_244' title='bbox 750 3952 864 4001; x_wconf 86' lang='lat' dir='ltr'><strong>aliis</strong></span> <span class='ocrx_word' id='word_1_245' title='bbox 902 3953 1292 4026; x_wconf 61' lang='lat' dir='ltr'><strong>magistratibus</strong></span> <span class='ocrx_word' id='word_1_246' title='bbox 1337 3956 1542 4019; x_wconf 80' lang='lat' dir='ltr'><strong>pluscu-</strong></span> 
     </span>
    </p>
   </div>
   <div class='ocr_carea' id='block_1_5' title="bbox 468 4030 1543 4322">
    <p class='ocr_par' dir='ltr' id='par_1_5' title="bbox 468 4030 1542 4155">
     <span class='ocr_line' id='line_1_48' title="bbox 468 4030 1542 4093; baseline 0.007 -15"><span class='ocrx_word' id='word_1_247' title='bbox 468 4030 575 4078; x_wconf 85' lang='lat' dir='ltr'><strong>lum</strong></span> <span class='ocrx_word' id='word_1_248' title='bbox 610 4030 750 4093; x_wconf 83' lang='lat' dir='ltr'><strong>juris</strong></span> <span class='ocrx_word' id='word_1_249' title='bbox 799 4031 1004 4082; x_wconf 87' lang='lat' dir='ltr'><strong>senatui</strong></span> <span class='ocrx_word' id='word_1_250' title='bbox 1056 4032 1310 4084; x_wconf 86' lang='lat' dir='ltr'><strong>indultum</strong></span> <span class='ocrx_word' id='word_1_251' title='bbox 1364 4033 1542 4085; x_wconf 82' lang='lat' dir='ltr'><strong>fuisse.</strong></span> 
     </span>
     <span class='ocr_line' id='line_1_49' title="bbox 472 4105 718 4155; baseline 0 -1"><span class='ocrx_word' id='word_1_252' title='bbox 472 4105 718 4155; x_wconf 68' lang='lat' dir='ltr'><strong>Schworz.</strong></span> 
     </span>
    </p>

    <p class='ocr_par' dir='ltr' id='par_1_6' title="bbox 480 4180 1543 4322">
     <span class='ocr_line' id='line_1_50' title="bbox 545 4180 1543 4250; baseline 0.008 -22"><span class='ocrx_word' id='word_1_253' title='bbox 545 4180 869 4246; x_wconf 72' lang='lat' dir='ltr'><strong>candidatas]</strong></span> <span class='ocrx_word' id='word_1_254' title='bbox 895 4182 1058 4232; x_wconf 89' lang='lat' dir='ltr'><strong>Veste</strong></span> <span class='ocrx_word' id='word_1_255' title='bbox 1070 4182 1291 4232; x_wconf 82' lang='lat' dir='ltr'><strong>candida</strong></span> <span class='ocrx_word' id='word_1_256' title='bbox 1307 4183 1543 4250; x_wconf 79' lang='lat' dir='ltr'><strong>indutus,</strong></span> 
     </span>
     <span class='ocr_line' id='line_1_51' title="bbox 480 4257 1543 4322; baseline 0.008 -17"><span class='ocrx_word' id='word_1_257' title='bbox 480 4268 579 4319; x_wconf 80' lang='lat' dir='ltr'><strong>qua</strong></span> <span class='ocrx_word' id='word_1_258' title='bbox 596 4257 949 4321; x_wconf 75' lang='lat' dir='ltr'><strong>magistratum</strong></span> <span class='ocrx_word' id='word_1_259' title='bbox 976 4266 1217 4322; x_wconf 86' lang='lat' dir='ltr'><strong>petentes</strong></span> <span class='ocrx_word' id='word_1_260' title='bbox 1241 4260 1543 4313; x_wconf 83' lang='lat' dir='ltr'><strong>utebantur.</strong></span> 
     </span>
    </p>
   </div>
   <div class='ocr_carea' id='block_1_6' title="bbox 1176 358 1988 413">
    <p class='ocr_par' dir='ltr' id='par_1_7' title="bbox 1176 358 1988 413">
     <span class='ocr_line' id='line_1_52' title="bbox 1176 358 1988 413; baseline 0.004 -6"><span class='ocrx_word' id='word_1_261' title='bbox 1176 358 1221 407; x_wconf 69' lang='lat' dir='ltr'>N</span> <span class='ocrx_word' id='word_1_262' title='bbox 1234 359 1397 411; x_wconf 63' lang='lat' dir='ltr'><strong>01·AE</strong></span> <span class='ocrx_word' id='word_1_263' title='bbox 1448 358 1856 410; x_wconf 65' lang='lat' dir='ltr'><strong>vammum</strong></span> <span class='ocrx_word' id='word_1_264' title='bbox 1905 361 1988 413; x_wconf 78' lang='lat' dir='ltr'><strong>nt</strong></span> 
     </span>
    </p>
   </div>
   <div class='ocr_carea' id='block_1_7' title="bbox 1601 501 2696 4323">
    <p class='ocr_par' dir='ltr' id='par_1_8' title="bbox 1601 501 2688 1172">
     <span class='ocr_line' id='line_1_53' title="bbox 1613 501 2684 571; baseline 0.002 -16"><span class='ocrx_word' id='word_1_265' title='bbox 1613 504 1629 533; x_wconf 88' lang='lat'>‘</span> <span class='ocrx_word' id='word_1_266' title='bbox 1653 503 1791 556; x_wconf 65' lang='lat' dir='ltr'><strong>Hac</strong></span> <span class='ocrx_word' id='word_1_267' title='bbox 1810 509 1986 557; x_wconf 79' lang='lat' dir='ltr'><strong>antem</strong></span> <span class='ocrx_word' id='word_1_268' title='bbox 2014 501 2218 570; x_wconf 80' lang='lat' dir='ltr'><strong>vestis,’</strong></span> <span class='ocrx_word' id='word_1_269' title='bbox 2236 503 2409 570; x_wconf 83' lang='lat' dir='ltr'><strong>inquit</strong></span> <span class='ocrx_word' id='word_1_270' title='bbox 2426 505 2684 571; x_wconf 76' lang='lat' dir='ltr'><strong>Rsyaatts.</strong></span> 
     </span>
     <span class='ocr_line' id='line_1_54' title="bbox 1611 579 2683 643; baseline 0.004 -15"><span class='ocrx_word' id='word_1_271' title='bbox 1611 579 1628 609; x_wconf 84' lang='lat'>‘</span> <span class='ocrx_word' id='word_1_272' title='bbox 1655 580 2016 643; x_wconf 78' lang='lat' dir='ltr'><strong>integritatem</strong></span> <span class='ocrx_word' id='word_1_273' title='bbox 2051 595 2115 632; x_wconf 84' lang='lat' dir='ltr'><strong>ac</strong></span> <span class='ocrx_word' id='word_1_274' title='bbox 2151 582 2464 633; x_wconf 77' lang='lat' dir='ltr'><strong>tenuitatem</strong></span> <span class='ocrx_word' id='word_1_275' title='bbox 2511 596 2683 632; x_wconf 79' lang='lat' dir='ltr'><strong>eorum</strong></span> 
     </span>
     <span class='ocr_line' id='line_1_55' title="bbox 1610 657 2688 721; baseline 0.005 -15"><span class='ocrx_word' id='word_1_276' title='bbox 1610 657 1914 721; x_wconf 87' lang='lat' dir='ltr'><strong>indicabat,&#39;</strong></span> <span class='ocrx_word' id='word_1_277' title='bbox 1934 663 2036 709; x_wconf 68' lang='grc' dir='ltr'><strong>διο.</strong></span> <span class='ocrx_word' id='word_1_278' title='bbox 2102 661 2434 710; x_wconf 79' lang='lat' dir='ltr'><strong>Translatum</strong></span> <span class='ocrx_word' id='word_1_279' title='bbox 2460 676 2584 711; x_wconf 80' lang='lat' dir='ltr'><strong>mox</strong></span> <span class='ocrx_word' id='word_1_280' title='bbox 2613 668 2688 711; x_wconf 80' lang='lat' dir='ltr'><strong>est</strong></span> 
     </span>
     <span class='ocr_line' id='line_1_56' title="bbox 1614 735 2685 803; baseline 0.004 -20"><span class='ocrx_word' id='word_1_281' title='bbox 1614 735 1923 786; x_wconf 80' lang='lat' dir='ltr'><strong>vocabulum</strong></span> <span class='ocrx_word' id='word_1_282' title='bbox 1947 737 2012 787; x_wconf 85' lang='lat' dir='ltr'><strong>ad</strong></span> <span class='ocrx_word' id='word_1_283' title='bbox 2036 752 2126 788; x_wconf 76' lang='lat' dir='ltr'><strong>eos</strong></span> <span class='ocrx_word' id='word_1_284' title='bbox 2157 752 2351 795; x_wconf 84' lang='lat' dir='ltr'><strong>omnes,</strong></span> <span class='ocrx_word' id='word_1_285' title='bbox 2375 738 2467 802; x_wconf 87' lang='lat' dir='ltr'><strong>qui</strong></span> <span class='ocrx_word' id='word_1_286' title='bbox 2494 737 2685 803; x_wconf 82' lang='lat' dir='ltr'><strong>aliquid</strong></span> 
     </span>
     <span class='ocr_line' id='line_1_57' title="bbox 1612 815 2683 880; baseline 0.004 -18"><span class='ocrx_word' id='word_1_287' title='bbox 1612 816 1861 879; x_wconf 84' lang='lat' dir='ltr'><strong>consequi</strong></span> <span class='ocrx_word' id='word_1_288' title='bbox 1885 816 2126 879; x_wconf 83' lang='lat' dir='ltr'><strong>cupiunt.</strong></span> <span class='ocrx_word' id='word_1_289' title='bbox 2172 816 2430 880; x_wconf 77' lang='lat' dir='ltr'><strong>Trajanns</strong></span> <span class='ocrx_word' id='word_1_290' title='bbox 2455 815 2683 879; x_wconf 68' lang='lat' dir='ltr'><strong>quiden.</strong></span> 
     </span>
     <span class='ocr_line' id='line_1_58' title="bbox 1601 887 2688 955; baseline 0.005 -18"><span class='ocrx_word' id='word_1_291' title='bbox 1601 887 1717 951; x_wconf 87' lang='lat' dir='ltr'><strong>jam</strong></span> <span class='ocrx_word' id='word_1_292' title='bbox 1743 898 2083 955; x_wconf 85' lang='lat' dir='ltr'><strong>suscepturus</strong></span> <span class='ocrx_word' id='word_1_293' title='bbox 2100 892 2427 941; x_wconf 83' lang='lat' dir='ltr'><strong>consulatum</strong></span> <span class='ocrx_word' id='word_1_294' title='bbox 2456 892 2688 948; x_wconf 84' lang='lat' dir='ltr'><strong>tertium,</strong></span> 
     </span>
     <span class='ocr_line' id='line_1_59' title="bbox 1610 964 2688 1027; baseline 0.004 -13"><span class='ocrx_word' id='word_1_295' title='bbox 1610 964 1785 1016; x_wconf 87' lang='lat' dir='ltr'><strong>dictus</strong></span> <span class='ocrx_word' id='word_1_296' title='bbox 1807 974 1890 1017; x_wconf 88' lang='lat' dir='ltr'><strong>est</strong></span> <span class='ocrx_word' id='word_1_297' title='bbox 1911 968 2232 1027; x_wconf 68' lang='lat' dir='ltr'><strong>candidatum,-</strong></span> <span class='ocrx_word' id='word_1_298' title='bbox 2252 982 2317 1018; x_wconf 87' lang='lat' dir='ltr'><strong>an</strong></span> <span class='ocrx_word' id='word_1_299' title='bbox 2334 974 2545 1019; x_wconf 83' lang='lat' dir='ltr'><strong>vero·eo</strong></span> <span class='ocrx_word' id='word_1_300' title='bbox 2563 976 2688 1019; x_wconf 75' lang='lat' dir='ltr'><strong>tent·</strong></span> 
     </span>
     <span class='ocr_line' id='line_1_60' title="bbox 1612 1046 2688 1111; baseline 0.005 -18"><span class='ocrx_word' id='word_1_301' title='bbox 1612 1058 1742 1109; x_wconf 87' lang='lat' dir='ltr'><strong>pore</strong></span> <span class='ocrx_word' id='word_1_302' title='bbox 1785 1060 1904 1096; x_wconf 88' lang='lat' dir='ltr'><strong>usus</strong></span> <span class='ocrx_word' id='word_1_303' title='bbox 1953 1046 2024 1097; x_wconf 88' lang='lat' dir='ltr'><strong>sit</strong></span> <span class='ocrx_word' id='word_1_304' title='bbox 2062 1047 2287 1098; x_wconf 80' lang='lat' dir='ltr'><strong>candida</strong></span> <span class='ocrx_word' id='word_1_305' title='bbox 2318 1054 2449 1111; x_wconf 78' lang='lat' dir='ltr'><strong>toga</strong></span> <span class='ocrx_word' id='word_1_306' title='bbox 2485 1046 2688 1098; x_wconf 85' lang='lat' dir='ltr'><strong>dubito.</strong></span> 
     </span>
     <span class='ocr_line' id='line_1_61' title="bbox 1613 1121 1838 1172; baseline 0.009 -2"><span class='ocrx_word' id='word_1_307' title='bbox 1613 1121 1838 1172; x_wconf 71' lang='lat' dir='ltr'><strong>Patarol.</strong></span> 
     </span>
    </p>

    <p class='ocr_par' dir='ltr' id='par_1_9' title="bbox 1611 1198 2692 1476">
     <span class='ocr_line' id='line_1_62' title="bbox 1676 1198 2687 1264; baseline 0.001 -17"><span class='ocrx_word' id='word_1_308' title='bbox 1676 1198 1794 1248; x_wconf 71' lang='lat' dir='ltr'><strong>Noa</strong></span> <span class='ocrx_word' id='word_1_309' title='bbox 1820 1200 2094 1249; x_wconf 65' lang='lat' dir='ltr'><strong>consulamus</strong></span> <span class='ocrx_word' id='word_1_310' title='bbox 2119 1198 2329 1264; x_wconf 69' lang='lat' dir='ltr'><strong>tantum]</strong></span> <span class='ocrx_word' id='word_1_311' title='bbox 2364 1198 2687 1249; x_wconf 71' lang='lat' dir='ltr'><strong>Particulsn</strong></span> 
     </span>
     <span class='ocr_line' id='line_1_63' title="bbox 1611 1275 2688 1338; baseline 0.001 -14"><span class='ocrx_word' id='word_1_312' title='bbox 1611 1278 1798 1324; x_wconf 71' lang='lat' dir='ltr'><strong>tentans</strong></span> <span class='ocrx_word' id='word_1_313' title='bbox 1824 1275 1999 1325; x_wconf 89' lang='lat' dir='ltr'><strong>omisit</strong></span> <span class='ocrx_word' id='word_1_314' title='bbox 2019 1275 2186 1325; x_wconf 82' lang='lat' dir='ltr'><strong>codex</strong></span> <span class='ocrx_word' id='word_1_315' title='bbox 2212 1276 2529 1325; x_wconf 74' lang='lat' dir='ltr'><strong>parisiensis</strong></span> <span class='ocrx_word' id='word_1_316' title='bbox 2553 1291 2570 1336; x_wconf 73' lang='grc' dir='ltr'>ς</span> <span class='ocrx_word' id='word_1_317' title='bbox 2599 1289 2688 1338; x_wconf 79' lang='lat' dir='ltr'><strong>pro</strong></span> 
     </span>
     <span class='ocr_line' id='line_1_64' title="bbox 1612 1349 2692 1413; baseline 0.002 -14"><span class='ocrx_word' id='word_1_318' title='bbox 1612 1363 1680 1399; x_wconf 84' lang='lat' dir='ltr'><strong>ea</strong></span> <span class='ocrx_word' id='word_1_319' title='bbox 1725 1350 1960 1413; x_wconf 84' lang='lat' dir='ltr'><strong>reposuit</strong></span> <span class='ocrx_word' id='word_1_320' title='bbox 1996 1357 2156 1401; x_wconf 72' lang='lat' dir='ltr'><strong>tumea</strong></span> <span class='ocrx_word' id='word_1_321' title='bbox 2196 1349 2365 1400; x_wconf 80' lang='lat' dir='ltr'><strong>codex</strong></span> <span class='ocrx_word' id='word_1_322' title='bbox 2408 1351 2607 1401; x_wconf 81' lang='lat' dir='ltr'><strong>Venet.</strong></span> <span class='ocrx_word' id='word_1_323' title='bbox 2644 1354 2692 1401; x_wconf 78' lang='lat'><strong>2.</strong></span> 
     </span>
     <span class='ocr_line' id='line_1_65' title="bbox 1612 1423 2257 1476; baseline 0 -2"><span class='ocrx_word' id='word_1_324' title='bbox 1612 1431 1802 1474; x_wconf 82' lang='lat' dir='ltr'><strong>neuter</strong></span> <span class='ocrx_word' id='word_1_325' title='bbox 1825 1425 1976 1476; x_wconf 85' lang='lat' dir='ltr'><strong>bene.</strong></span> <span class='ocrx_word' id='word_1_326' title='bbox 2012 1423 2257 1475; x_wconf 69' lang='lat' dir='ltr'><strong>Schmun-z.</strong></span> 
     </span>
    </p>

    <p class='ocr_par' dir='ltr' id='par_1_10' title="bbox 1611 1500 2693 2484">
     <span class='ocr_line' id='line_1_66' title="bbox 1677 1500 2688 1565; baseline 0.002 -14"><span class='ocrx_word' id='word_1_327' title='bbox 1677 1502 2071 1553; x_wconf 62' lang='lat' dir='ltr'><strong>Iunios-talitatis</strong></span> <span class='ocrx_word' id='word_1_328' title='bbox 2117 1506 2167 1553; x_wconf 74' lang='lat' dir='ltr'><strong>et</strong></span> <span class='ocrx_word' id='word_1_329' title='bbox 2219 1500 2418 1565; x_wconf 75' lang='lat' dir='ltr'><strong>glorie]</strong></span> <span class='ocrx_word' id='word_1_330' title='bbox 2478 1502 2688 1553; x_wconf 86' lang='lat' dir='ltr'><strong>Dicitur</strong></span> 
     </span>
     <span class='ocr_line' id='line_1_67' title="bbox 1611 1576 2688 1642; baseline 0.001 -14"><span class='ocrx_word' id='word_1_331' title='bbox 1611 1590 1709 1642; x_wconf 76' lang='lat' dir='ltr'><strong>pro</strong></span> <span class='ocrx_word' id='word_1_332' title='bbox 1730 1577 2013 1628; x_wconf 72' lang='lat' dir='ltr'><strong>immortalis</strong></span> <span class='ocrx_word' id='word_1_333' title='bbox 2045 1577 2238 1641; x_wconf 69' lang='lat' dir='ltr'><strong>glorie,</strong></span> <span class='ocrx_word' id='word_1_334' title='bbox 2259 1592 2353 1642; x_wconf 84' lang='lat' dir='ltr'><strong>per</strong></span> <span class='ocrx_word' id='word_1_335' title='bbox 2375 1576 2427 1628; x_wconf 69' lang='grc' dir='ltr'><strong>ἓν</strong></span> <span class='ocrx_word' id='word_1_336' title='bbox 2448 1579 2526 1629; x_wconf 70' lang='grc' dir='ltr'><strong>διὰ</strong></span> <span class='ocrx_word' id='word_1_337' title='bbox 2548 1581 2688 1636; x_wconf 66' lang='grc' dir='ltr'><strong>δυοῖν,</strong></span> 
     </span>
     <span class='ocr_line' id='line_1_68' title="bbox 1615 1655 2692 1720; baseline 0.003 -17"><span class='ocrx_word' id='word_1_338' title='bbox 1615 1656 1691 1705; x_wconf 85' lang='lat' dir='ltr'><strong>uti</strong></span> <span class='ocrx_word' id='word_1_339' title='bbox 1714 1655 1850 1717; x_wconf 86' lang='lat' dir='ltr'><strong>apud</strong></span> <span class='ocrx_word' id='word_1_340' title='bbox 1877 1655 2062 1720; x_wconf 74' lang='lat' dir='ltr'><strong>virgil.</strong></span> <span class='ocrx_word' id='word_1_341' title='bbox 2091 1656 2290 1720; x_wconf 81' lang='lat' dir='ltr'><strong>Georg.</strong></span> <span class='ocrx_word' id='word_1_342' title='bbox 2318 1669 2384 1705; x_wconf 92' lang='grc' dir='ltr'><strong>ιι.</strong></span> <span class='ocrx_word' id='word_1_343' title='bbox 2413 1660 2531 1706; x_wconf 77' lang='grc'><strong>192.</strong></span> <span class='ocrx_word' id='word_1_344' title='bbox 2561 1657 2578 1686; x_wconf 77' lang='lat'>⁸</span> <span class='ocrx_word' id='word_1_345' title='bbox 2599 1670 2692 1720; x_wconf 57' lang='lat' dir='ltr'><strong>pa.-</strong></span> 
     </span>
     <span class='ocr_line' id='line_1_69' title="bbox 1613 1732 2693 1799; baseline 0.004 -18"><span class='ocrx_word' id='word_1_346' title='bbox 1613 1732 1741 1782; x_wconf 87' lang='lat' dir='ltr'><strong>teris</strong></span> <span class='ocrx_word' id='word_1_347' title='bbox 1772 1733 1994 1782; x_wconf 84' lang='lat' dir='ltr'><strong>libamus</strong></span> <span class='ocrx_word' id='word_1_348' title='bbox 2018 1742 2072 1782; x_wconf 90' lang='lat' dir='ltr'><strong>et</strong></span> <span class='ocrx_word' id='word_1_349' title='bbox 2098 1747 2224 1783; x_wconf 88' lang='lat' dir='ltr'><strong>auro</strong></span> <span class='ocrx_word' id='word_1_350' title='bbox 2248 1732 2301 1794; x_wconf 69' lang='grc' dir='ltr'><strong>ς’</strong></span> <span class='ocrx_word' id='word_1_351' title='bbox 2333 1747 2432 1796; x_wconf 85' lang='lat' dir='ltr'><strong>pro</strong></span> <span class='ocrx_word' id='word_1_352' title='bbox 2453 1734 2472 1762; x_wconf 83' lang='lat'>‘</span> <span class='ocrx_word' id='word_1_353' title='bbox 2499 1732 2693 1799; x_wconf 83' lang='lat' dir='ltr'><strong>pateris</strong></span> 
     </span>
     <span class='ocr_line' id='line_1_70' title="bbox 1614 1806 2690 1874; baseline 0.002 -17"><span class='ocrx_word' id='word_1_354' title='bbox 1614 1806 1823 1859; x_wconf 87' lang='lat' dir='ltr'><strong>aureis.’</strong></span> <span class='ocrx_word' id='word_1_355' title='bbox 1891 1809 1962 1859; x_wconf 85' lang='lat' dir='ltr'><strong>Et</strong></span> <span class='ocrx_word' id='word_1_356' title='bbox 1998 1810 2117 1860; x_wconf 84' lang='lat' dir='ltr'><strong>AEn.</strong></span> <span class='ocrx_word' id='word_1_357' title='bbox 2157 1824 2198 1859; x_wconf 91' lang='grc' dir='ltr'><strong>ι.</strong></span> <span class='ocrx_word' id='word_1_358' title='bbox 2225 1813 2310 1859; x_wconf 77' lang='grc'><strong>61.</strong></span> <span class='ocrx_word' id='word_1_359' title='bbox 2339 1808 2359 1837; x_wconf 73' lang='lat'><strong>⁸</strong></span> <span class='ocrx_word' id='word_1_360' title='bbox 2383 1810 2690 1874; x_wconf 81' lang='lat' dir='ltr'><strong>Molemque</strong></span> 
     </span>
     <span class='ocr_line' id='line_1_71' title="bbox 1613 1883 2692 1950; baseline 0.003 -17"><span class='ocrx_word' id='word_1_361' title='bbox 1613 1892 1671 1933; x_wconf 87' lang='lat' dir='ltr'><strong>et</strong></span> <span class='ocrx_word' id='word_1_362' title='bbox 1706 1890 1911 1935; x_wconf 87' lang='lat' dir='ltr'><strong>montes</strong></span> <span class='ocrx_word' id='word_1_363' title='bbox 1946 1885 2157 1950; x_wconf 80' lang='lat' dir='ltr'><strong>insuper</strong></span> <span class='ocrx_word' id='word_1_364' title='bbox 2178 1885 2312 1935; x_wconf 87' lang='lat' dir='ltr'><strong>altos</strong></span> <span class='ocrx_word' id='word_1_365' title='bbox 2332 1883 2631 1949; x_wconf 85' lang='lat' dir='ltr'><strong>Imposuit,&#39;</strong></span> <span class='ocrx_word' id='word_1_366' title='bbox 2655 1885 2692 1936; x_wconf 88' lang='lat' dir='ltr'><strong>i.</strong></span> 
     </span>
     <span class='ocr_line' id='line_1_72' title="bbox 1613 1962 2692 2013; baseline -0.001 -2"><span class='ocrx_word' id='word_1_367' title='bbox 1613 1974 1664 2011; x_wconf 88' lang='lat' dir='ltr'><strong>e.</strong></span> <span class='ocrx_word' id='word_1_368' title='bbox 1701 1962 1886 2012; x_wconf 89' lang='lat' dir='ltr'><strong>molem</strong></span> <span class='ocrx_word' id='word_1_369' title='bbox 1932 1964 2181 2013; x_wconf 87' lang='lat' dir='ltr'><strong>montium</strong></span> <span class='ocrx_word' id='word_1_370' title='bbox 2217 1964 2461 2012; x_wconf 81' lang='lat' dir='ltr'><strong>altorum.</strong></span> <span class='ocrx_word' id='word_1_371' title='bbox 2532 1962 2692 2012; x_wconf 81' lang='lat' dir='ltr'><strong>Forte</strong></span> 
     </span>
     <span class='ocr_line' id='line_1_73' title="bbox 1613 2036 2691 2102; baseline 0.001 -15"><span class='ocrx_word' id='word_1_372' title='bbox 1613 2043 1669 2087; x_wconf 86' lang='lat' dir='ltr'><strong>et</strong></span> <span class='ocrx_word' id='word_1_373' title='bbox 1693 2036 1795 2088; x_wconf 85' lang='lat' dir='ltr'><strong>ltuc</strong></span> <span class='ocrx_word' id='word_1_374' title='bbox 1828 2038 2062 2100; x_wconf 84' lang='lat' dir='ltr'><strong>pertinet</strong></span> <span class='ocrx_word' id='word_1_375' title='bbox 2095 2038 2255 2088; x_wconf 86' lang='lat' dir='ltr'><strong>Plinii</strong></span> <span class='ocrx_word' id='word_1_376' title='bbox 2293 2039 2464 2102; x_wconf 84' lang='lat' dir='ltr'><strong>Epist.</strong></span> <span class='ocrx_word' id='word_1_377' title='bbox 2500 2052 2588 2088; x_wconf 86' lang='grc' dir='ltr'><strong>ιιι.</strong></span> <span class='ocrx_word' id='word_1_378' title='bbox 2611 2042 2691 2088; x_wconf 79' lang='lat'><strong>16.</strong></span> 
     </span>
     <span class='ocr_line' id='line_1_74' title="bbox 1613 2113 2690 2180; baseline 0.002 -16"><span class='ocrx_word' id='word_1_379' title='bbox 1613 2120 1628 2144; x_wconf 79' lang='lat'><strong><em>⁴</em></strong></span> <span class='ocrx_word' id='word_1_380' title='bbox 1655 2113 1886 2165; x_wconf 79' lang='lat' dir='ltr'><strong>Facienti</strong></span> <span class='ocrx_word' id='word_1_381' title='bbox 1908 2114 2008 2165; x_wconf 82' lang='lat' dir='ltr'><strong>ista</strong></span> <span class='ocrx_word' id='word_1_382' title='bbox 2030 2114 2332 2180; x_wconf 84' lang='lat' dir='ltr'><strong>dicentique</strong></span> <span class='ocrx_word' id='word_1_383' title='bbox 2354 2115 2522 2178; x_wconf 77' lang='lat' dir='ltr'><strong>gloria</strong></span> <span class='ocrx_word' id='word_1_384' title='bbox 2542 2122 2598 2167; x_wconf 92' lang='lat' dir='ltr'><strong>et</strong></span> <span class='ocrx_word' id='word_1_385' title='bbox 2620 2131 2690 2166; x_wconf 66' lang='lat'><strong>2⁷-</strong></span> 
     </span>
     <span class='ocr_line' id='line_1_75' title="bbox 1615 2189 2693 2255; baseline 0.001 -14"><span class='ocrx_word' id='word_1_386' title='bbox 1615 2191 1834 2241; x_wconf 84' lang='lat' dir='ltr'><strong>ternitas</strong></span> <span class='ocrx_word' id='word_1_387' title='bbox 1856 2198 1979 2241; x_wconf 89' lang='lat' dir='ltr'><strong>ante</strong></span> <span class='ocrx_word' id='word_1_388' title='bbox 2000 2192 2177 2245; x_wconf 79' lang='lat' dir='ltr'><strong>octtlos</strong></span> <span class='ocrx_word' id='word_1_389' title='bbox 2195 2198 2310 2240; x_wconf 88' lang='lat' dir='ltr'><strong>erat</strong></span> <span class='ocrx_word' id='word_1_390' title='bbox 2326 2207 2343 2252; x_wconf 70' lang='grc' dir='ltr'><strong>ς</strong></span> <span class='ocrx_word' id='word_1_391' title='bbox 2361 2189 2376 2209; x_wconf 86' lang='grc'>’</span> <span class='ocrx_word' id='word_1_392' title='bbox 2409 2192 2444 2240; x_wconf 92' lang='lat' dir='ltr'><strong>i.</strong></span> <span class='ocrx_word' id='word_1_393' title='bbox 2459 2207 2509 2241; x_wconf 86' lang='lat' dir='ltr'><strong>e.</strong></span> <span class='ocrx_word' id='word_1_394' title='bbox 2525 2191 2693 2255; x_wconf 74' lang='lat' dir='ltr'><strong>gloria</strong></span> 
     </span>
     <span class='ocr_line' id='line_1_76' title="bbox 1616 2266 2691 2332; baseline 0 -15"><span class='ocrx_word' id='word_1_395' title='bbox 1616 2274 1833 2318; x_wconf 67' lang='lat' dir='ltr'><strong>eterna.</strong></span> <span class='ocrx_word' id='word_1_396' title='bbox 1886 2267 2035 2319; x_wconf 88' lang='lat' dir='ltr'><strong>Facit</strong></span> <span class='ocrx_word' id='word_1_397' title='bbox 2054 2268 2166 2317; x_wconf 73' lang='lat' dir='ltr'><strong>baec</strong></span> <span class='ocrx_word' id='word_1_398' title='bbox 2185 2266 2373 2331; x_wconf 76' lang='lat' dir='ltr'><strong>figura,</strong></span> <span class='ocrx_word' id='word_1_399' title='bbox 2395 2268 2534 2332; x_wconf 86' lang='lat' dir='ltr'><strong>quod</strong></span> <span class='ocrx_word' id='word_1_400' title='bbox 2553 2269 2691 2319; x_wconf 81' lang='lat' dir='ltr'><strong>Ban-</strong></span> 
     </span>
     <span class='ocr_line' id='line_1_77' title="bbox 1616 2343 2693 2409; baseline 0.004 -16"><span class='ocrx_word' id='word_1_401' title='bbox 1616 2344 1730 2409; x_wconf 78' lang='lat' dir='ltr'><strong>gius</strong></span> <span class='ocrx_word' id='word_1_402' title='bbox 1754 2344 1848 2405; x_wconf 82' lang='lat' dir='ltr'><strong>ait,</strong></span> <span class='ocrx_word' id='word_1_403' title='bbox 1868 2350 1928 2394; x_wconf 89' lang='lat' dir='ltr'><strong>ut</strong></span> <span class='ocrx_word' id='word_1_404' title='bbox 1954 2344 2119 2394; x_wconf 89' lang='lat' dir='ltr'><strong>oratio</strong></span> <span class='ocrx_word' id='word_1_405' title='bbox 2137 2343 2229 2393; x_wconf 82' lang='lat' dir='ltr'><strong>fiat</strong></span> <span class='ocrx_word' id='word_1_406' title='bbox 2244 2344 2486 2409; x_wconf 83' lang='lat' dir='ltr'><strong>amplior,</strong></span> <span class='ocrx_word' id='word_1_407' title='bbox 2507 2352 2564 2395; x_wconf 87' lang='lat' dir='ltr'><strong>et</strong></span> <span class='ocrx_word' id='word_1_408' title='bbox 2584 2358 2693 2397; x_wconf 63' lang='lat' dir='ltr'><strong>raa«-</strong></span> 
     </span>
     <span class='ocr_line' id='line_1_78' title="bbox 1615 2420 2220 2484; baseline -0.005 -13"><span class='ocrx_word' id='word_1_409' title='bbox 1615 2422 1694 2484; x_wconf 79' lang='lat' dir='ltr'><strong>gis</strong></span> <span class='ocrx_word' id='word_1_410' title='bbox 1719 2420 2031 2483; x_wconf 85' lang='lat' dir='ltr'><strong>emphatica.</strong></span> <span class='ocrx_word' id='word_1_411' title='bbox 2067 2420 2220 2473; x_wconf 76' lang='lat' dir='ltr'><strong>Ideni.</strong></span> 
     </span>
    </p>

    <p class='ocr_par' dir='ltr' id='par_1_11' title="bbox 1611 2497 2693 2943">
     <span class='ocr_line' id='line_1_79' title="bbox 1682 2497 2690 2562; baseline 0.001 -16"><span class='ocrx_word' id='word_1_412' title='bbox 1682 2497 2094 2562; x_wconf 73' lang='lat' dir='ltr'><strong>Immortalitatt&#39;s]</strong></span> <span class='ocrx_word' id='word_1_413' title='bbox 2138 2497 2487 2560; x_wconf 79' lang='lat' dir='ltr'><strong>Metapbora3</strong></span> <span class='ocrx_word' id='word_1_414' title='bbox 2537 2504 2594 2547; x_wconf 88' lang='lat' dir='ltr'><strong>ut</strong></span> <span class='ocrx_word' id='word_1_415' title='bbox 2636 2497 2690 2547; x_wconf 85' lang='lat' dir='ltr'><strong>in</strong></span> 
     </span>
     <span class='ocr_line' id='line_1_80' title="bbox 1612 2573 2693 2638; baseline 0 -14"><span class='ocrx_word' id='word_1_416' title='bbox 1612 2573 1960 2638; x_wconf 82' lang='lat' dir='ltr'><strong>Tertulliano,</strong></span> <span class='ocrx_word' id='word_1_417' title='bbox 1983 2574 2050 2624; x_wconf 89' lang='lat' dir='ltr'><strong>de</strong></span> <span class='ocrx_word' id='word_1_418' title='bbox 2072 2575 2417 2626; x_wconf 83' lang='lat' dir='ltr'><strong>Christianis:</strong></span> <span class='ocrx_word' id='word_1_419' title='bbox 2454 2581 2468 2603; x_wconf 83' lang='lat'>⁸</span> <span class='ocrx_word' id='word_1_420' title='bbox 2498 2574 2693 2625; x_wconf 82' lang='lat' dir='ltr'><strong>Candi-</strong></span> 
     </span>
     <span class='ocr_line' id='line_1_81' title="bbox 1611 2649 2691 2701; baseline 0.001 -3"><span class='ocrx_word' id='word_1_421' title='bbox 1611 2650 1721 2701; x_wconf 89' lang='lat' dir='ltr'><strong>dati</strong></span> <span class='ocrx_word' id='word_1_422' title='bbox 1748 2651 2061 2701; x_wconf 66' lang='lat' dir='ltr'><strong>aeternitatis</strong></span> <span class='ocrx_word' id='word_1_423' title='bbox 2084 2657 2137 2701; x_wconf 91' lang='lat' dir='ltr'><strong>et</strong></span> <span class='ocrx_word' id='word_1_424' title='bbox 2165 2649 2551 2701; x_wconf 60' lang='lat' dir='ltr'><strong>restitutionis)</strong></span> <span class='ocrx_word' id='word_1_425' title='bbox 2606 2653 2691 2700; x_wconf 86' lang='lat' dir='ltr'><strong>De</strong></span> 
     </span>
     <span class='ocr_line' id='line_1_82' title="bbox 1615 2726 2692 2790; baseline 0.001 -14"><span class='ocrx_word' id='word_1_426' title='bbox 1615 2727 1819 2788; x_wconf 84' lang='lat' dir='ltr'><strong>iisdem,</strong></span> <span class='ocrx_word' id='word_1_427' title='bbox 1856 2726 2164 2777; x_wconf 81' lang='lat' dir='ltr'><strong>‘Candidati</strong></span> <span class='ocrx_word' id='word_1_428' title='bbox 2189 2727 2496 2790; x_wconf 73' lang='lat' dir='ltr'><strong>angelorum</strong></span> <span class='ocrx_word' id='word_1_429' title='bbox 2515 2743 2533 2787; x_wconf 69' lang='grc' dir='ltr'><strong>ς</strong></span> <span class='ocrx_word' id='word_1_430' title='bbox 2551 2726 2567 2747; x_wconf 86' lang='grc'><strong><em>’</em></strong></span> <span class='ocrx_word' id='word_1_431' title='bbox 2601 2727 2692 2787; x_wconf 71' lang='lat' dir='ltr'><strong>qui</strong></span> 
     </span>
     <span class='ocr_line' id='line_1_83' title="bbox 1612 2803 2693 2869; baseline -0.001 -16"><span class='ocrx_word' id='word_1_432' title='bbox 1612 2804 1858 2854; x_wconf 77' lang='lat' dir='ltr'><strong>bonorem</strong></span> <span class='ocrx_word' id='word_1_433' title='bbox 1898 2805 2174 2869; x_wconf 88' lang='lat' dir='ltr'><strong>locumque</strong></span> <span class='ocrx_word' id='word_1_434' title='bbox 2212 2804 2450 2853; x_wconf 78' lang='lat' dir='ltr'><strong>ambiunt</strong></span> <span class='ocrx_word' id='word_1_435' title='bbox 2481 2803 2693 2867; x_wconf 70' lang='lat' dir='ltr'><strong>angelo·</strong></span> 
     </span>
     <span class='ocr_line' id='line_1_84' title="bbox 1612 2880 1916 2943; baseline 0.003 -13"><span class='ocrx_word' id='word_1_436' title='bbox 1612 2894 1744 2931; x_wconf 82' lang='lat' dir='ltr'><strong>rum.</strong></span> <span class='ocrx_word' id='word_1_437' title='bbox 1781 2880 1916 2943; x_wconf 73' lang='lat' dir='ltr'><strong>Lips.</strong></span> 
     </span>
    </p>

    <p class='ocr_par' dir='ltr' id='par_1_12' title="bbox 1613 2953 2696 3468">
     <span class='ocr_line' id='line_1_85' title="bbox 1678 2953 2693 3020; baseline 0 -15"><span class='ocrx_word' id='word_1_438' title='bbox 1678 2956 1811 3006; x_wconf 72' lang='lat' dir='ltr'><strong>Boni</strong></span> <span class='ocrx_word' id='word_1_439' title='bbox 1826 2955 2093 3020; x_wconf 74' lang='lat' dir='ltr'><strong>principes]</strong></span> <span class='ocrx_word' id='word_1_440' title='bbox 2131 2953 2193 3004; x_wconf 85' lang='lat' dir='ltr'><strong>In</strong></span> <span class='ocrx_word' id='word_1_441' title='bbox 2214 2954 2508 3016; x_wconf 83' lang='lat' dir='ltr'><strong>Vaticanis,</strong></span> <span class='ocrx_word' id='word_1_442' title='bbox 2526 2955 2693 3005; x_wconf 84' lang='lat' dir='ltr'><strong>Guel-</strong></span> 
     </span>
     <span class='ocr_line' id='line_1_86' title="bbox 1614 3029 2696 3098; baseline 0.001 -17"><span class='ocrx_word' id='word_1_443' title='bbox 1614 3031 1941 3098; x_wconf 74' lang='lat' dir='ltr'><strong>pherbytano</strong></span> <span class='ocrx_word' id='word_1_444' title='bbox 1959 3040 2014 3081; x_wconf 88' lang='lat' dir='ltr'><strong>et</strong></span> <span class='ocrx_word' id='word_1_445' title='bbox 2033 3047 2148 3083; x_wconf 88' lang='lat' dir='ltr'><strong>meo</strong></span> <span class='ocrx_word' id='word_1_446' title='bbox 2169 3029 2454 3087; x_wconf 84' lang='lat' dir='ltr'><strong>codicibus,</strong></span> <span class='ocrx_word' id='word_1_447' title='bbox 2474 3031 2587 3080; x_wconf 77' lang='lat' dir='ltr'><strong>haec</strong></span> <span class='ocrx_word' id='word_1_448' title='bbox 2606 3046 2696 3082; x_wconf 81' lang='lat' dir='ltr'><strong>vo·</strong></span> 
     </span>
     <span class='ocr_line' id='line_1_87' title="bbox 1613 3108 2691 3173; baseline -0.005 -13"><span class='ocrx_word' id='word_1_449' title='bbox 1613 3109 1800 3160; x_wconf 85' lang='lat' dir='ltr'><strong>cabula</strong></span> <span class='ocrx_word' id='word_1_450' title='bbox 1821 3110 1899 3160; x_wconf 90' lang='lat' dir='ltr'><strong>sic</strong></span> <span class='ocrx_word' id='word_1_451' title='bbox 1925 3108 2242 3173; x_wconf 82' lang='lat' dir='ltr'><strong>transposita</strong></span> <span class='ocrx_word' id='word_1_452' title='bbox 2259 3109 2399 3172; x_wconf 75' lang='lat' dir='ltr'><strong>lego,</strong></span> <span class='ocrx_word' id='word_1_453' title='bbox 2421 3108 2691 3172; x_wconf 72' lang='lat' dir='ltr'><strong>Sequeren-</strong></span> 
     </span>
     <span class='ocr_line' id='line_1_88' title="bbox 1614 3184 2692 3250; baseline -0.003 -14"><span class='ocrx_word' id='word_1_454' title='bbox 1614 3192 1696 3236; x_wconf 71' lang='lat' dir='ltr'><strong>tur</strong></span> <span class='ocrx_word' id='word_1_455' title='bbox 1712 3186 1953 3250; x_wconf 73' lang='lat' dir='ltr'><strong>principes</strong></span> <span class='ocrx_word' id='word_1_456' title='bbox 1971 3185 2103 3245; x_wconf 51' lang='lat' dir='ltr'><strong>boni.</strong></span> <span class='ocrx_word' id='word_1_457' title='bbox 2120 3186 2235 3233; x_wconf 77' lang='lat' dir='ltr'><strong>mali</strong></span> <span class='ocrx_word' id='word_1_458' title='bbox 2254 3184 2568 3235; x_wconf 73' lang='lat' dir='ltr'><strong>mirarentur.</strong></span> <span class='ocrx_word' id='word_1_459' title='bbox 2623 3184 2650 3234; x_wconf 90' lang='lat'>1</span> <span class='ocrx_word' id='word_1_460' title='bbox 2656 3199 2692 3233; x_wconf 87' lang='grc' dir='ltr'><strong>ιι</strong></span> 
     </span>
     <span class='ocr_line' id='line_1_89' title="bbox 1615 3261 2694 3327; baseline -0.005 -14"><span class='ocrx_word' id='word_1_461' title='bbox 1615 3263 2083 3327; x_wconf 79' lang='lat' dir='ltr'><strong>Gnelpberbytsno</strong></span> <span class='ocrx_word' id='word_1_462' title='bbox 2101 3270 2270 3313; x_wconf 88' lang='lat' dir='ltr'><strong>autem</strong></span> <span class='ocrx_word' id='word_1_463' title='bbox 2301 3276 2397 3324; x_wconf 83' lang='lat' dir='ltr'><strong>pro</strong></span> <span class='ocrx_word' id='word_1_464' title='bbox 2422 3261 2581 3310; x_wconf 81' lang='lat' dir='ltr'><strong>verbo</strong></span> <span class='ocrx_word' id='word_1_465' title='bbox 2600 3261 2694 3309; x_wconf 79' lang='lat' dir='ltr'><strong>mi-</strong></span> 
     </span>
     <span class='ocr_line' id='line_1_90' title="bbox 1614 3339 2691 3402; baseline -0.001 -15"><span class='ocrx_word' id='word_1_466' title='bbox 1614 3345 1860 3402; x_wconf 67' lang='lat' dir='ltr'><strong>rar-entur,</strong></span> <span class='ocrx_word' id='word_1_467' title='bbox 1875 3339 2061 3389; x_wconf 86' lang='lat' dir='ltr'><strong>vitiose</strong></span> <span class='ocrx_word' id='word_1_468' title='bbox 2084 3339 2181 3389; x_wconf 85' lang='lat' dir='ltr'><strong>scri</strong></span> <span class='ocrx_word' id='word_1_469' title='bbox 2188 3344 2335 3402; x_wconf 83' lang='lat' dir='ltr'><strong>ptum</strong></span> <span class='ocrx_word' id='word_1_470' title='bbox 2351 3345 2430 3387; x_wconf 87' lang='lat' dir='ltr'><strong>est</strong></span> <span class='ocrx_word' id='word_1_471' title='bbox 2447 3339 2691 3386; x_wconf 79' lang='lat' dir='ltr'><strong>minaren-</strong></span> 
     </span>
     <span class='ocr_line' id='line_1_91' title="bbox 1614 3418 2004 3468; baseline -0.003 0"><span class='ocrx_word' id='word_1_472' title='bbox 1614 3424 1712 3468; x_wconf 75' lang='lat' dir='ltr'><strong>tur.</strong></span> <span class='ocrx_word' id='word_1_473' title='bbox 1746 3418 2004 3468; x_wconf 79' lang='lat' dir='ltr'><strong>Schwarz.</strong></span> 
     </span>
    </p>

    <p class='ocr_par' dir='ltr' id='par_1_13' title="bbox 1609 3490 2692 3943">
     <span class='ocr_line' id='line_1_92' title="bbox 1689 3490 2692 3557; baseline -0.007 -10"><span class='ocrx_word' id='word_1_474' title='bbox 1689 3494 1899 3557; x_wconf 62' lang='lat' dir='ltr'><strong>Vetere}</strong></span> <span class='ocrx_word' id='word_1_475' title='bbox 1917 3492 2193 3543; x_wconf 84' lang='lat' dir='ltr'><strong>Comitium</strong></span> <span class='ocrx_word' id='word_1_476' title='bbox 2210 3490 2476 3556; x_wconf 71' lang='lat' dir='ltr'><strong>intelligit,</strong></span> <span class='ocrx_word' id='word_1_477' title='bbox 2502 3492 2584 3542; x_wconf 87' lang='lat' dir='ltr'><strong>vel</strong></span> <span class='ocrx_word' id='word_1_478' title='bbox 2610 3490 2692 3554; x_wconf 88' lang='lat' dir='ltr'><strong>ip-</strong></span> 
     </span>
     <span class='ocr_line' id='line_1_93' title="bbox 1616 3568 2691 3636; baseline -0.003 -15"><span class='ocrx_word' id='word_1_479' title='bbox 1616 3586 1675 3621; x_wconf 90' lang='lat' dir='ltr'><strong>sa</strong></span> <span class='ocrx_word' id='word_1_480' title='bbox 1700 3571 1827 3622; x_wconf 89' lang='lat' dir='ltr'><strong>iniis</strong></span> <span class='ocrx_word' id='word_1_481' title='bbox 1851 3577 2023 3636; x_wconf 85' lang='lat' dir='ltr'><strong>septa.</strong></span> <span class='ocrx_word' id='word_1_482' title='bbox 2067 3568 2257 3621; x_wconf 74' lang='lat' dir='ltr'><strong>Sedent</strong></span> <span class='ocrx_word' id='word_1_483' title='bbox 2276 3576 2457 3618; x_wconf 83' lang='lat' dir='ltr'><strong>autem</strong></span> <span class='ocrx_word' id='word_1_484' title='bbox 2479 3570 2495 3597; x_wconf 90' lang='lat'>‘</span> <span class='ocrx_word' id='word_1_485' title='bbox 2514 3579 2691 3631; x_wconf 89' lang='lat' dir='ltr'><strong>potes-</strong></span> 
     </span>
     <span class='ocr_line' id='line_1_94' title="bbox 1617 3643 2691 3710; baseline -0.003 -12"><span class='ocrx_word' id='word_1_486' title='bbox 1617 3645 1777 3708; x_wconf 83' lang='lat' dir='ltr'><strong>tatis,’</strong></span> <span class='ocrx_word' id='word_1_487' title='bbox 1820 3646 1959 3703; x_wconf 85' lang='lat' dir='ltr'><strong>ideo,</strong></span> <span class='ocrx_word' id='word_1_488' title='bbox 2000 3647 2122 3710; x_wconf 89' lang='lat' dir='ltr'><strong>quia</strong></span> <span class='ocrx_word' id='word_1_489' title='bbox 2157 3645 2279 3695; x_wconf 88' lang='lat' dir='ltr'><strong>olim</strong></span> <span class='ocrx_word' id='word_1_490' title='bbox 2315 3646 2384 3694; x_wconf 89' lang='lat' dir='ltr'><strong>ibi</strong></span> <span class='ocrx_word' id='word_1_491' title='bbox 2430 3643 2691 3709; x_wconf 81' lang='lat' dir='ltr'><strong>suffragiis</strong></span> 
     </span>
     <span class='ocr_line' id='line_1_95' title="bbox 1618 3723 2691 3787; baseline 0 -15"><span class='ocrx_word' id='word_1_492' title='bbox 1618 3724 1954 3787; x_wconf 79' lang='lat' dir='ltr'><strong>magistratus</strong></span> <span class='ocrx_word' id='word_1_493' title='bbox 1990 3723 2152 3773; x_wconf 88' lang='lat' dir='ltr'><strong>libere</strong></span> <span class='ocrx_word' id='word_1_494' title='bbox 2187 3723 2372 3786; x_wconf 86' lang='lat' dir='ltr'><strong>creati,</strong></span> <span class='ocrx_word' id='word_1_495' title='bbox 2414 3725 2563 3786; x_wconf 67' lang='lat' dir='ltr'><strong>leges</strong></span> <span class='ocrx_word' id='word_1_496' title='bbox 2606 3738 2691 3772; x_wconf 86' lang='lat' dir='ltr'><strong>ro·</strong></span> 
     </span>
     <span class='ocr_line' id='line_1_96' title="bbox 1619 3799 2687 3865; baseline 0 -15"><span class='ocrx_word' id='word_1_497' title='bbox 1619 3808 1758 3865; x_wconf 74' lang='lat' dir='ltr'><strong>gatae</strong></span> <span class='ocrx_word' id='word_1_498' title='bbox 1802 3801 1883 3850; x_wconf 65' lang='lat' dir='ltr'><strong>vel</strong></span> <span class='ocrx_word' id='word_1_499' title='bbox 1918 3800 2205 3864; x_wconf 75' lang='lat' dir='ltr'><strong>abrogatae,</strong></span> <span class='ocrx_word' id='word_1_500' title='bbox 2249 3812 2352 3864; x_wconf 82' lang='lat' dir='ltr'><strong>pax</strong></span> <span class='ocrx_word' id='word_1_501' title='bbox 2402 3806 2459 3848; x_wconf 87' lang='lat' dir='ltr'><strong>et</strong></span> <span class='ocrx_word' id='word_1_502' title='bbox 2493 3799 2687 3851; x_wconf 79' lang='lat' dir='ltr'><strong>bellum</strong></span> 
     </span>
     <span class='ocr_line' id='line_1_97' title="bbox 1609 3869 2162 3943; baseline 0 -16"><span class='ocrx_word' id='word_1_503' title='bbox 1609 3878 1774 3942; x_wconf 82' lang='lat' dir='ltr'><strong>jussa.</strong></span> <span class='ocrx_word' id='word_1_504' title='bbox 1808 3878 1947 3943; x_wconf 78' lang='lat' dir='ltr'><strong>Lips.</strong></span> <span class='ocrx_word' id='word_1_505' title='bbox 2155 3869 2162 3875; x_wconf 74' lang='grc'><strong>’</strong></span> 
     </span>
    </p>

    <p class='ocr_par' dir='ltr' id='par_1_14' title="bbox 1615 3948 2691 4323">
     <span class='ocr_line' id='line_1_98' title="bbox 1689 3948 2690 4018; baseline -0.004 -14"><span class='ocrx_word' id='word_1_506' title='bbox 1689 3953 1858 4004; x_wconf 75' lang='lat' dir='ltr'><strong>Vetere</strong></span> <span class='ocrx_word' id='word_1_507' title='bbox 1886 3952 2142 4018; x_wconf 76' lang='lat' dir='ltr'><strong>potestatis</strong></span> <span class='ocrx_word' id='word_1_508' title='bbox 2159 3965 2259 4002; x_wconf 75' lang='lat' dir='ltr'><strong>saae</strong></span> <span class='ocrx_word' id='word_1_509' title='bbox 2280 3948 2414 4012; x_wconf 80' lang='lat' dir='ltr'><strong>sede]</strong></span> <span class='ocrx_word' id='word_1_510' title='bbox 2452 3949 2550 4000; x_wconf 87' lang='lat' dir='ltr'><strong>His</strong></span> <span class='ocrx_word' id='word_1_511' title='bbox 2575 3964 2690 4000; x_wconf 82' lang='lat' dir='ltr'><strong>ver-</strong></span> 
     </span>
     <span class='ocr_line' id='line_1_99' title="bbox 1617 4027 2686 4093; baseline -0.003 -14"><span class='ocrx_word' id='word_1_512' title='bbox 1617 4029 1697 4080; x_wconf 88' lang='lat' dir='ltr'><strong>bis</strong></span> <span class='ocrx_word' id='word_1_513' title='bbox 1737 4028 2045 4093; x_wconf 78' lang='lat' dir='ltr'><strong>designatur</strong></span> <span class='ocrx_word' id='word_1_514' title='bbox 2087 4041 2303 4090; x_wconf 82' lang='lat' dir='ltr'><strong>campus</strong></span> <span class='ocrx_word' id='word_1_515' title='bbox 2348 4027 2591 4089; x_wconf 87' lang='lat' dir='ltr'><strong>Martius,</strong></span> <span class='ocrx_word' id='word_1_516' title='bbox 2632 4028 2686 4076; x_wconf 86' lang='lat' dir='ltr'><strong>in</strong></span> 
     </span>
     <span class='ocr_line' id='line_1_100' title="bbox 1615 4102 2691 4173; baseline -0.004 -16"><span class='ocrx_word' id='word_1_517' title='bbox 1615 4121 1718 4173; x_wconf 82' lang='lat' dir='ltr'><strong>qno</strong></span> <span class='ocrx_word' id='word_1_518' title='bbox 1739 4107 1880 4164; x_wconf 76' lang='lat' dir='ltr'><strong>olim,</strong></span> <span class='ocrx_word' id='word_1_519' title='bbox 1904 4115 2143 4170; x_wconf 82' lang='lat' dir='ltr'><strong>tempore</strong></span> <span class='ocrx_word' id='word_1_520' title='bbox 2161 4102 2465 4169; x_wconf 79' lang='lat' dir='ltr'><strong>reipublicae</strong></span> <span class='ocrx_word' id='word_1_521' title='bbox 2488 4104 2691 4167; x_wconf 67' lang='lat' dir='ltr'><strong>liberae,</strong></span> 
     </span>
     <span class='ocr_line' id='line_1_101' title="bbox 1615 4181 2690 4248; baseline -0.002 -15"><span class='ocrx_word' id='word_1_522' title='bbox 1615 4184 1840 4248; x_wconf 82' lang='lat' dir='ltr'><strong>populus</strong></span> <span class='ocrx_word' id='word_1_523' title='bbox 1866 4184 2128 4233; x_wconf 86' lang='lat' dir='ltr'><strong>Romanus</strong></span> <span class='ocrx_word' id='word_1_524' title='bbox 2147 4195 2254 4232; x_wconf 77' lang='lat' dir='ltr'><strong>suoe</strong></span> <span class='ocrx_word' id='word_1_525' title='bbox 2275 4182 2551 4246; x_wconf 83' lang='lat' dir='ltr'><strong>potestatis</strong></span> <span class='ocrx_word' id='word_1_526' title='bbox 2563 4181 2690 4244; x_wconf 85' lang='lat' dir='ltr'><strong>jura</strong></span> 
     </span>
     <span class='ocr_line' id='line_1_102' title="bbox 1615 4255 2685 4323; baseline -0.003 -13"><span class='ocrx_word' id='word_1_527' title='bbox 1615 4261 1668 4310; x_wconf 92' lang='lat' dir='ltr'><strong>in</strong></span> <span class='ocrx_word' id='word_1_528' title='bbox 1692 4259 1930 4310; x_wconf 76' lang='lat' dir='ltr'><strong>creandis</strong></span> <span class='ocrx_word' id='word_1_529' title='bbox 1946 4257 2356 4323; x_wconf 80' lang='lat' dir='ltr'><strong>magistratibus,</strong></span> <span class='ocrx_word' id='word_1_530' title='bbox 2377 4255 2685 4322; x_wconf 67' lang='lat' dir='ltr'><strong>legibusque</strong></span> 
     </span>
    </p>
   </div>
  </div>
 </body>
</html>
