3017 4942
534 370 671 441 954

539 532 807 597 precipua
846 545 1033 592 rerum,
1069 539 1126 587 et
1167 544 1345 601 patres
1388 537 1443 587 in
1486 553 1602 602 spe·

538 611 673 663 cient
696 610 1050 660 convocabant
1080 612 1357 665 interdum.
1427 614 1601 679 Atque

538 689 807 751 Augustus
838 690 949 739 dies
981 698 1154 740 certos
1187 692 1429 743 habendo
1449 707 1601 742 seua·

539 767 616 815 tui
651 765 915 817 den-ioue
952 766 1020 817 de
1054 768 1239 833 quibus
1270 769 1601 835 Tranquillus

538 857 590 893 c.
614 848 696 893 85.
731 843 873 908 Lapa.

609 919 839 973 mam
871 918 1046 984 mus]
1083 920 1286 971 Auctor
1324 921 1497 986 Epist.
1532 936 1599 974 ιι.

540 996 623 1045 11.
648 996 793 1048 ‘Jam
813 997 911 1048 boc
933 998 1101 1063 ipsum
1136 999 1405 1062 pulchrum
1427 1008 1483 1049 et
1507 1015 1598 1050 au-

539 1072 761 1137 tiquum‚
799 1083 1035 1125 senatum
1072 1084 1227 1126 nocte
1264 1077 1472 1141 dimitti,
1504 1078 1595 1126 tri-

538 1147 643 1196 duo
669 1150 862 1214 vocari,
898 1150 1073 1201 triduo
1093 1151 1388 1202 contineri!
1454 1155 1595 1217 Lege

539 1225 758 1289 reliqua,
777 1234 833 1277 et
865 1228 1075 1278 omnino
1106 1242 1313 1281 omnen»
1346 1242 1460 1278 eam
1484 1231 1594 1294 epi-

539 1303 750 1351 stolam.
786 1303 952 1353 Lirin.
1500 1368 1509 1375 Ι

621 1377 846 1428 Triduum
887 1379 1061 1444 totum]
1114 1381 1178 1432 In
1222 1381 1385 1433 Marii
1423 1382 1594 1434 Prisci

536 1451 734 1505 Africae
781 1458 1097 1519 proconsulis
1138 1466 1196 1508 et
1248 1459 1596 1510 ministrorum

537 1531 654 1595 ejus
688 1532 1012 1584 accusatione
1052 1543 1107 1584 et
1140 1535 1596 1602 condemnatione,

536 1622 641 1670 qua
662 1607 727 1658 de
747 1609 1019 1661 Secundus
1041 1613 1183 1662 dicta
1204 1613 1447 1678 epistola.
1468 1615 1598 1666 Ber-

532 1699 734 1747 uegger.

607 1760 835 1813 Triduum
865 1766 1042 1831 eoum]
1092 1765 1316 1817 Assidua
1352 1766 1596 1832 frequen-

536 1835 630 1899 tia,
664 1839 1091 1902 quemadmodum
1123 1842 1235 1893 fieri
1269 1844 1469 1893 solebat
1504 1844 1594 1894 bo·

537 1915 621 1962 nis
664 1913 968 1978 reipublice
1011 1919 1351 1982 temporibus.
1416 1921 1594 1971 Quare

536 1996 735 2052 noster,
768 1991 939 2055 Epist.
968 2006 1034 2043 ιι.
1059 1998 1135 2045 11.
1171 1995 1505 2052 ‘Pulchrum
1539 2002 1597 2047 et

537 2067 825 2132 antiquum,
881 2078 1116 2120 senatum
1171 2081 1327 2120 nocte
1383 2072 1595 2138 dimitti,

535 2141 713 2195 triduo
738 2145 931 2209 vocari,
961 2146 1133 2196 triduo
1164 2147 1460 2199 contineri.'
1491 2150 1593 2199 Pa·

597 2291 699 2345 Ssb
733 2298 944 2361 exemplo
977 2299 1072 2363 tui]
1105 2298 1237 2350 Hane
1272 2301 1481 2364 vulgata
1515 2309 1597 2354 est

533 2368 711 2432 lectio,
730 2373 782 2421 in
806 2374 1072 2424 codicibus
1093 2376 1226 2427 Mss.
1249 2387 1304 2427 et
1327 2379 1475 2429 libris
1500 2380 1594 2429 im-

534 2448 748 2510 pressis,
769 2450 813 2499 si
838 2466 866 2500 a
888 2453 1068 2516 paucis
1088 2454 1397 2506 discesseris.
1463 2457 1594 2506 Cus

532 2524 789 2587 pinianus,
809 2527 1090 2593 Gryphius,
1112 2537 1168 2581 et
1192 2532 1242 2582 in
1268 2534 1499 2599 margine
1524 2535 1595 2584 H.

530 2601 847 2666 Stephanus,
877 2606 1008 2657 hauc
1032 2608 1387 2670 variationem,
1416 2610 1595 2660 nescio

533 2692 602 2726 an
635 2694 701 2729 ex
736 2682 886 2745 primi
912 2682 1144 2740 editoris,
1166 2699 1230 2733 an
1262 2685 1373 2748 jam
1399 2685 1594 2735 veteris

530 2756 803 2817 cujusdam
828 2758 1021 2808 librarii
1053 2760 1278 2823 iugenio,
1301 2775 1595 2824 procusum,

533 2833 866 2893 protulerunt
887 2836 975 2884 sab
994 2838 1206 2901 exemplo
1225 2839 1475 2901 patientiae
1496 2844 1595 2888 taoe

530 2907 675 2958 sedit.
745 2911 975 2963 Raudius
1004 2915 1212 2977 quidem
1250 2917 1343 2977 ait,
1375 2931 1430 2965 se
1463 2917 1596 2968 banc

531 2985 805 3038 lectionem
840 2989 1143 3041 observasse
1177 2992 1229 3040 iu
1252 2994 1434 3044 codice
1460 2995 1592 3058 Lug·

530 3060 781 3124 dunensi3
812 3064 901 3115 ssd
938 3079 1038 3114 nou
1073 3067 1338 3132 iutelligit,
1358 3070 1455 3119 nisi
1483 3072 1594 3120 edi-

529 3136 725 3187 tionem
763 3139 1133 3207 Gryphianum.
1197 3145 1329 3197 Quae
1376 3147 1595 3198 variatio

529 3213 705 3263 arrisit
747 3217 956 3278 quidem
998 3218 1155 3268 Conr.
1201 3222 1594 3280 Rittershusi03

530 3294 589 3336 at
628 3290 747 3339 aliis
798 3291 1102 3353 editoribus,
1144 3308 1314 3361 neque
1368 3298 1423 3346 id
1481 3302 1593 3350 siue

529 3377 732 3428 caussa,
755 3366 999 3430 probare
1012 3385 1068 3419 se
1109 3385 1210 3420 non
1247 3376 1440 3435 potuit.
1509 3376 1591 3425 Ex

530 3439 772 3516 adverso,
808 3442 860 3491 in
906 3444 1089 3495 codice
1125 3446 1330 3496 Veneto
1359 3452 1407 3498 1.
1443 3459 1498 3499 et
1539 3451 1590 3499 iu

529 3505 813 3579 Patavino,
833 3520 1083 3587 scriptum
1113 3521 1305 3583 inveni,
1325 3525 1414 3573 sub
1433 3541 1590 3575 exem-

522 3595 604 3656 plo
641 3600 721 3644 tuo
753 3597 897 3649 sedit.
963 3598 1132 3649 Qunam
1167 3598 1440 3649 lectionem
1464 3604 1589 3667 quin

530 3671 919 3735 promulgarim,
940 3687 1122 3738 parum
1147 3673 1350 3724 abfuit·
1337 3693 1353 3736 3
1385 3680 1506 3742 quia
1527 3695 1592 3728 ea

526 3747 780 3811 analogiae
812 3758 866 3798 et
901 3750 1013 3799 usui
1047 3751 1237 3812 liuguae
1263 3752 1466 3802 Latinae
1491 3756 1590 3804 uti·

526 3836 629 3893 que
665 3825 1054 3877 convenientior
1086 3825 1315 3877 videtur.
1380 3829 1591 3880 Etenim

528 3911 632 3946 non
674 3900 763 3948 alii
800 3901 963 3951 solum
1003 3907 1240 3951 suctores
1265 3904 1340 3953 sic
1373 3905 1591 3970 loquun-

528 3979 634 4033 tur,
657 3989 707 4022 v.
740 3990 791 4038 g.
830 3977 1008 4025 Plaut.
1038 3977 1269 4027 Mostell.
1307 3992 1391 4028 ιιι.
1426 3986 1475 4029 2.
1505 3986 1589 4032 87.

527 4048 547 4079 ⁶
570 4048 652 4096 De
693 4052 939 4113 exemplo
980 4065 1095 4101 mco
1130 4052 1240 4115 ipse
1284 4055 1568 4107 aedificato.
1573 4057 1591 4082 ⁹

530 4123 690 4174 Ovid.
715 4125 886 4189 Epist.
915 4127 1138 4177 Heroid.
1155 4143 1298 4180 xvu.
1322 4137 1405 4181 97.
1436 4135 1590 4184 ‘Dis

526 4212 592 4247 ce
624 4214 739 4249 meo
772 4204 1017 4265 exemplo
1049 4203 1281 4256 formosis
1317 4222 1468 4273 posse
1500 4224 1588 4261 ca·

526 4277 804 4341 rere‚'&c.
826 4278 1001 4332 sed-et
1032 4280 1149 4345 ipse
1181 4284 1381 4339 Plinius
1414 4288 1589 4353 Epist.

495 4768 607 4882 Ι

1189 390 1451 444 ,ΝΟΤΕ
1492 392 1908 446 vammum
1956 396 2041 448 {N

1676 550 1783 589 vn.
1822 543 1905 590 ll.
1943 541 2100 592 ‘Nec
2155 553 2280 590 vero
2327 544 2590 604 coguntur
2623 534 2740 592 ‘inil-

1678 616 1776 665 tari
1822 631 1988 667 meum
2034 616 2396 681 exemplum3'
2446 619 2533 667 ubi
2592 626 2739 667 certe

1675 706 1775 742 non
1812 693 1967 754 dixit,
2006 696 2269 758 exemplum
2302 694 2414 743 mei.
2478 693 2741 758 Equidem

1673 769 1797 823 scio,
1842 772 2046 833 passim,
2088 785 2150 820 ac
2190 770 2454 834 sigillatim
2494 769 2741 819 n·Gellis

1674 857 1777 894 xx.
1815 851 1865 896 6.
1909 855 1964 897 et
2007 862 2036 895 a
2081 848 2210 897 Ger.
2251 847 2339 898 Jo.
2385 847 2578 895 vossio
2628 844 2744 893 Art.

1672 920 1905 972 Gramm.
1931 936 2026 973 vn.
2048 928 2127 973 57.
2155 925 2280 973 item
2317 939 2347 972 a
2371 923 2655 972 Perizonio
2675 921 2744 969 ad

1671 999 1851 1049 Sanct.
1887 1013 1950 1054 ιι.
1975 1005 2058 1049 53.
2097 1001 2240 1049 varia
2275 999 2519 1049 annotari
2566 1010 2745 1046 exem·

1672 1076 1773 1137 pla,
1798 1078 1849 1126 iu
1872 1078 2057 1142 quibua
2080 1077 2336 1140 genitivus
2357 1075 2748 1140 pronominum,

1663 1151 1836 1209 ‘meix
1854 1160 1868 1182 ⁸
1886 1152 1999 1211 tui,'
2019 1152 2160 1217 ‘sni‚'
2186 1154 2390 1218 passivo
2411 1167 2570 1201 sensu
2596 1164 2745 1201 usur-

1669 1235 1858 1292 petur;
1884 1228 2090 1280 iuterim
2111 1238 2215 1279 tam
2233 1229 2519 1279 insolenter
2541 1226 2655 1276 dici
2673 1225 2746 1274 vi·

1670 1306 1841 1364 detur,
1854 1307 1938 1357 sub
1949 1309 2163 1371 exemplo
2175 1308 2269 1369 tui,
2283 1320 2436 1370 quam
2454 1305 2746 1354 insolenter

1669 1381 1953 1447 diceretur,
1988 1383 2121 1432 ‘sub
2158 1383 2401 1445 praesidio
2436 1379 2561 1443 tui,'
2591 1382 2747 1429 ‘con-

1670 1460 1786 1509 silio
1823 1459 1934 1518 tui,'
1975 1458 2185 1510 ‘labore
2210 1457 2318 1508 tui.’
2367 1456 2551 1507 Nihilo
2576 1456 2743 1504 miuus

1671 1545 1840 1587 tamen
1877 1553 1908 1586 a
1941 1550 2195 1587 consensu
2220 1542 2301 1585 tot
2334 1535 2589 1584 librorum
2616 1546 2743 1581 nou·

1671 1611 1792 1662 dum
1829 1613 2098 1663 discedere
2129 1612 2265 1661 volui
2285 1630 2302 1673 ς
2337 1625 2457 1660 cnm
2502 1608 2746 1673 inprimis

1669 1690 1828 1741 etiam
1848 1689 2102 1753 Trajanus
2135 1689 2273 1752 apud
2300 1687 2532 1737 Plinium
2568 1685 2746 1734 simili·

1670 1771 1752 1816 ter
1768 1767 1881 1815 sine
1901 1767 2135 1817 dissensu
2159 1766 2312 1815 ullius
2336 1764 2457 1813 libri
2481 1765 2750 1828 loquatur,

1669 1844 1840 1908 Epist.
1867 1857 1926 1897 x.
1948 1849 2029 1896 29.
2050 1853 2066 1874 ⁸
2086 1844 2223 1895 Nam
2259 1852 2314 1893 et
2351 1853 2406 1892 tu
2430 1843 2590 1893 dnbis
2623 1855 2747 1905 ope·

1668 1933 1796 1982 ram,
1819 1928 1878 1970 ut
1902 1919 2234 1971 manifestum
2266 1920 2336 1969 sit
2368 1919 2491 1977 illis,
2516 1919 2745 1967 electum

1669 2001 1722 2045 te
1747 2011 1881 2058 esse,
1903 1997 1991 2061 qui
2017 1995 2083 2049 ad
2116 1996 2325 2046 eosdem
2358 1995 2462 2044 mei
2490 1996 2614 2044 loco
2637 1994 2749 2042 mit-

1670 2072 1891 2122 tereris.’
1956 2073 2090 2125 Quis
2121 2071 2259 2123 enim
2293 2072 2378 2121 bic
2412 2085 2518 2120 non
2544 2085 2614 2119 ex
2637 2070 2748 2119 vul·

1665 2152 1779 2215 gari
1817 2165 1931 2209 usu,
1959 2158 2016 2201 et
2049 2167 2116 2201 ex
2149 2152 2416 2213 analogia,
2436 2155 2745 2214 exspectas·

1665 2237 1768 2290 set,
1808 2242 1909 2278 meo
1951 2230 2084 2277 loco?
2151 2228 2302 2277 Taiia
2344 2228 2593 2290 exempla
2642 2224 2746 2274 for·

1669 2311 1811 2353 tasse
1845 2318 1961 2357 cum
1986 2303 2160 2353 Gellio
2195 2301 2394 2357 referas
2420 2302 2486 2351 ad
2525 2305 2543 2330 ⁶
2566 2309 2746 2352 anneto-

1670 2380 1876 2430 ritatem
1893 2380 2150 2444 quandam
2170 2379 2446 2429 vetustatis
2465 2393 2575 2426 non
2596 2376 2743 2425 nimis

1669 2456 1845 2519 anxie,
1888 2470 2054 2519 neque
2102 2455 2482 2518 superstitiose,
2532 2455 2744 2520 loquen

1669 2532 1770 2583 tis!
1837 2534 1907 2582 Et
1929 2532 2087 2598 quid?
2121 2532 2164 2581 si
2197 2531 2398 2585 Plinius
2433 2529 2577 2579 forte
2603 2537 2744 2579 utro'·

1669 2622 1771 2673 qne
1795 2586 1950 2658 modo
1969 2607 2144 2658 dicere
2176 2607 2360 2659 solitus
2392 2615 2495 2668 est,
2531 2606 2745 2669 exemplo

1668 2690 1771 2748 tuo,
1791 2695 1849 2737 et
1871 2687 2083 2748 exemplo
2105 2685 2197 2734 tui.
2259 2684 2347 2733 Sic
2370 2697 2495 2733 sane
2518 2691 2743 2747 utroque

1669 2760 1823 2812 modo
1864 2761 2020 2817 dixit,
2057 2759 2140 2809 sub
2159 2759 2469 2822 exemplo,et
2510 2758 2746 2822 aliquau-

1670 2837 1737 2888 do
1761 2839 1871 2887 sine
1894 2838 2263 2902 pra-positione
2277 2836 2379 2886 sub.
2426 2836 2584 2885 Hanc
2604 2834 2741 2884 enim

1669 2913 1994 2980 frequentius
2039 2914 2321 2979 adjtingit3
2376 2928 2425 2963 v.
2468 2927 2524 2976 g.
2564 2925 2742 2975 snpra,

1669 3004 1792 3041 ιιιι.
1810 2996 1860 3040 6.
1882 2990 2136 3039 ‘Futurus
2161 2989 2501 3052 imperatores
2527 2987 2631 3036 sub
2654 3000 2740 3035 ex·

1670 3069 1842 3131 emplo
1877 3063 2234 3130 praemonere.'
2301 3063 2383 3115 Cf.
2403 3065 2575 3126 Epist.
2599 3077 2644 3112 ι.
2665 3067 2741 3112 15.

1670 3157 1735 3193 ιι.
1756 3149 1806 3197 6.
1830 3158 1919 3194 ιιι.
1940 3146 2020 3193 18.
2040 3156 2123 3193 v1.
2148 3149 2199 3192 5.
2264 3140 2540 3191 Interdum
2566 3147 2742 3188 tamen

1667 3221 1821 3271 istam
1856 3220 2286 3286 praepositionem
2309 3217 2398 3266 sub
2429 3216 2662 3278 omittit3
2691 3230 2740 3262 v.

1670 3312 1719 3362 g.
1744 3299 1910 3361 Epist.
1933 3311 2022 3347 ιιι.
2044 3300 2095 3346 9.
2116 3298 2131 3323 ‘
2152 3294 2304 3345 Facit
2335 3295 2435 3343 hoc
2459 3293 2740 3346 Homerus,

1668 3375 1923 3439 multique
1958 3374 2097 3422 illius
2120 3368 2401 3435 exemplo.’
2469 3370 2642 3432 Epist.
2663 3381 2739 3416 rx.

1666 3456 1719 3503 9.
1741 3459 1758 3482 ‘
1778 3451 2113 3502 Quintianum
2138 3447 2286 3511 diligi
2310 3446 2470 3495 decet
2492 3445 2737 3508 exemplo

1666 3528 1864 3594 ipsius.’
1932 3530 2177 3579 Ceterum
2219 3529 2268 3575 in
2305 3525 2385 3574 bis
2424 3524 2594 3573 verbis
2629 3523 2736 3572 Pli-

1661 3606 1784 3655 nius
1809 3605 2022 3667 respicit
2054 3614 2285 3653 caussam
2312 3602 2474 3663 illam,
2497 3614 2600 3665 qua
2623 3599 2738 3648 Ma·

1667 3681 1775 3730 rius
1810 3680 2042 3741 Priscus,
2065 3677 2259 3727 Africae
2295 3676 2599 3740 proconsul,
2621 3684 2735 3723 cum

1665 3757 1771 3805 suis
1793 3755 2045 3804 ministris
2078 3767 2108 3802 a
2144 3749 2551 3815 provincialibus
2583 3764 2735 3798 accu-

1665 3839 1811 3885 satus
1831 3828 2260 3896 repetundarum,
2276 3834 2466 3890 agente
2482 3841 2579 3890 pro
2596 3825 2735 3875 Afris

1667 3922 1899 3958 caussam
1931 3906 2104 3956 Plinio
2139 3913 2336 3960 nostro,
2369 3910 2425 3951 et
2456 3902 2615 3951 Corn.
2637 3902 2736 3950 Ta-

1663 3984 1797 4045 cito,
1840 3984 2117 4033 damnatus
2160 3988 2241 4029 est
2293 3995 2324 4028 a
2363 3980 2608 4042 Trajano,
2648 3979 2733 4042 qni

1664 4061 1785 4110 huic
1801 4074 2000 4109 causste
2020 4057 2275 4107 tridnauae
2292 4054 2564 4116 interfuit,
2548 4071 2563 4083 ·
2581 4068 2729 4119 quarn

1663 4137 1946 4198 descripsit
1969 4135 2079 4198 ipse
2098 4131 2241 4182 Plin.
2263 4144 2326 4181 ιι.
2348 4133 2430 4179 11.
2447 4138 2502 4179 et
2520 4134 2601 4180 12.
2619 4145 2730 4194 quae

1663 4212 1902 4275 epistolae
1926 4210 2136 4259 omnino
2156 4221 2276 4257 cnm
2308 4206 2406 4254 boc
2429 4205 2548 4255 loco
2573 4206 2730 4256 ΡΙίιιί·

1663 4301 1765 4339 ano
1783 4293 1907 4338 sunt
1925 4282 2284 4337 conferendae.
2314 4281 2566 4332 Schmun.
