3017 4942
538 350 670 419 610

542 510 811 572 Ceterum,
835 506 994 562 verba
1013 507 1167 574 liujus
1189 508 1292 561 loci
1314 510 1367 560 in
1397 509 1607 575 quibus·

541 588 660 640 dam
683 587 953 639 codicibus
969 594 1167 638 mutata
1189 595 1246 638 et
1265 597 1514 653 corrupta
1533 587 1607 636 le·

540 673 767 731 μυίαις
801 679 850 714 v.
870 679 922 729 g.
944 664 997 714 in
1020 665 1191 716 altero
1213 664 1477 723 Gudisno,
1495 679 1608 729 pro·

535 741 664 806 prii-r
691 740 863 792 saeeulo
885 743 1045 800 arelo,-
1079 755 1141 792 ao
1167 740 1218 790 iu
1243 741 1364 792 cod.
1400 742 1607 792 Veneto

540 826 599 870 et
640 818 1130 885 Guelpberbytano,
1181 820 1394 885 propriis
1443 818 1608 870 merli

540 896 681 947 malo.
710 896 973 947 schwarz-

604 973 966 1036 Deciis-atim
1008 976 1236 1041 parendi]
1293 975 1430 1027 Raro
1484 989 1607 1034 vox,

541 1063 647 1114 qua
686 1063 812 1100 vcro
855 1051 1012 1101 etiam
1055 1051 1438 1104 Quinctiliauus
1482 1066 1606 1103 usus

541 1135 624 1179 est
654 1127 831 1180 Iustit.
865 1129 1022 1181 Orat.
1055 1143 1097 1182 ι.
1117 1134 1168 1181 2.
1197 1131 1215 1162 4
1239 1132 1333 1182 Est
1369 1132 1605 1194 quaedam

541 1204 709 1257 tacita
732 1203 1049 1270 dedignatio,
1068 1206 1170 1257 vim
1195 1207 1424 1272 dicendi,
1445 1208 1606 1261 tantis

541 1287 899 1346 comparatam
935 1281 1220 1345 laboribus,
1244 1282 1310 1332 ad
1336 1299 1491 1334 unum
1516 1299 1605 1334 au·

542 1356 762 1408 ditorcm
798 1357 1124 1410 demittere.'
1186 1356 1306 1409 Hoc
1343 1359 1458 1409 loco
1495 1358 1606 1430 Hi-

540 1435 658 1484 nius
690 1431 1049 1499 significanter
1085 1435 1337 1498 exprimit
1378 1436 1604 1486 animum

539 1510 760 1561 militum
816 1518 1195 1569 contumacem,
1250 1517 1306 1562 et
1354 1511 1605 1564 refracta·

540 1587 694 1650 rium,
728 1601 855 1652 erga
893 1586 1054 1639 duces
1081 1602 1237 1651 suos;
1270 1602 1485 1653 quorum
1508 1591 1605 1639 im-

540 1664 743 1730 perium
766 1664 1170 1729 adspernentur,
1204 1673 1259 1716 et
1285 1681 1413 1731 quos
1438 1667 1604 1732 indig-

540 1755 634 1792 nos
654 1741 897 1798 habeant,
932 1741 1123 1807 quibus
1154 1750 1391 1806 pareant.
1461 1745 1604 1795 Hinc

540 1826 595 1869 et
615 1818 781 1870 Tacit.
807 1832 867 1868 ιι.
892 1822 944 1871 2.
969 1818 1215 1882 Parthos,
1245 1821 1334 1885 qui
1369 1828 1603 1873 coutem-

539 1901 715 1946 serant
741 1895 1015 1959 imperium
1047 1896 1303 1962 Vonouis,
1339 1899 1475 1963 regis
1503 1897 1604 1961 sui,

540 1978 694 2022 vocat
712 1973 732 2002 ‘
756 1970 1136 2036 dedignantes?
1199 1973 1300 2022 Est
1322 1974 1458 2023 enirn
1481 1988 1605 2024 usus

539 2047 696 2112 hujus
720 2047 883 2110 verbi,
906 2060 1059 2111 quam
1093 2046 1329 2106 nominis,
1361 2047 1604 2116 frequen·

539 2124 672 2188 tior3
707 2130 896 2189 utpote
921 2123 1057 2188 quod
1082 2123 1296 2173 verbum
1321 2127 1399 2176 vel
1426 2126 1478 2176 in
1501 2127 1604 2176 boe

539 2201 654 2265 ipso
682 2199 1014 2267 Panegyrico
1048 2201 1325 2265 aliquoties
1358 2203 1604 2255 occurrit.

540 2277 696 2327 Idem.

604 2353 961 2416 Dedignatione
978 2354 1201 2420 parendi]
1236 2355 1389 2409 Quod
1413 2357 1603 2407 malum

537 2429 638 2494 ipsi
674 2430 939 2495 principes
973 2433 1253 2495 augebant,
1282 2435 1471 2500 'quibus
1506 2449 1606 2486 nec

539 2513 765 2570 gratum,
787 2507 939 2558 nimis
962 2507 1232 2560 audientes
1263 2508 1481 2562 ducibus
1513 2512 1604 2563 mi·

537 2583 657 2634 lites
681 2597 812 2633 esse.
876 2583 1044 2634 Immo
1067 2599 1166 2636 nee
1191 2592 1361 2637 tutum
1383 2595 1521 2653 erat,
1544 2591 1605 2639 ut

537 2659 701 2725 addit,
723 2661 1067 2712 reverentiam
1087 2664 1291 2712 mereri.
1325 2664 1460 2729 Lipn.

598 2736 812 2788 datm
832 2740 1012 2805 amari]
1050 2740 1239 2791 Acutc.
1306 2743 1485 2794 Securi
1511 2743 1604 2793 du·

535 2828 626 2865 ces
650 2828 806 2872 nunc,
828 2815 1019 2880 iuquit,
1042 2817 1126 2871 vel
1150 2816 1202 2866 in
1222 2816 1342 2868 odio
1365 2819 1603 2883 militum,

536 2890 620 2940 vel
644 2890 696 2940 in
721 2904 914 2941 amore.
967 2892 1078 2941 Cur
1100 2890 1152 2940 in
1174 2890 1335 2941 odio?
1367 2894 1489 2957 quia
1509 2893 1600 2945 de·

535 2967 818 3018 lationibua
850 2982 955 3018 uon
987 2967 1124 3031 apud
1157 2973 1210 3018 te
1234 2968 1396 3020 locus.
1463 2969 1525 3019 Iu
1549 2984 1602 3021 a·

535 3046 716 3094 more?
749 3045 869 3109 qnia
888 3058 987 3094 nec
1009 3049 1112 3103 tuae
1136 3044 1319 3094 virtuti
1344 3044 1412 3094 ab
1428 3046 1604 3096 aliena

536 3121 709 3171 times.
742 3121 897 3170 Idem.

604 3195 821 3260 Offensa
839 3194 1024 3260 puriter
1041 3196 1334 3262 gratiaque]
1363 3197 1452 3247 Sic
1474 3204 1601 3264 apte

535 3272 870 3322 translocatae
891 3277 1011 3321 suut
1031 3272 1112 3322 bas
1147 3286 1302 3323 voces
1324 3274 1376 3322 in
1408 3274 1601 3326 codici·

530 3349 629 3400 bus
654 3350 786 3400 Mes.
806 3362 924 3399 oum
949 3350 1106 3413 vulgo
1137 3350 1383 3415 legantur
1401 3351 1602 3418 offensa

528 3425 797 3490 mtioeque
813 3425 1013 3490 pariter.
1047 3424 1131 3476 Ita
1146 3426 1354 3476 easdem
1378 3430 1600 3480 translo·

533 3503 673 3552 eavit
693 3503 809 3554 Liv.
835 3513 1002 3552 xxix.
1022 3504 1104 3551 ⁸1.
1134 3502 1155 3531 ‘
1181 3502 1409 3553 Virtutis
1431 3505 1600 3568 speci·

532 3592 653 3627 rnen
695 3579 839 3631 dedit
881 3579 1035 3630 sociis
1080 3579 1300 3645 pariter,
1340 3580 1600 3632 hostibus·

533 3658 669 3720 qne.'
701 3654 946 3705 Schmun.

600 3730 795 3780 Iaatant
814 3729 1058 3796 opu-ibes]
1092 3732 1224 3785 Qnae
1242 3747 1327 3783 res
1346 3732 1467 3784 odia
1488 3735 1599 3799 gig-

531 3822 657 3859 nere
681 3811 834 3867 solet,
863 3812 906 3860 si
936 3812 1098 3862 duces
1123 3812 1276 3877 rigidi
1300 3826 1517 3877 operum
1542 3819 1600 3864 et

531 3884 762 3935 munium
800 3892 1116 3949 exactores3
1158 3887 1450 3951 praesertim
1482 3901 1598 3939 aevo

533 3967 589 4009 et
610 3960 797 4010 militia
805 3961 918 4025 jam
943 3963 1195 4012 molliore.
1262 3962 1338 4013 At
1354 3963 1453 4012 sub
1468 3964 1596 4013 Tra·

525 4036 658 4100 jauo
680 4035 963 4095 faciebant,
981 4037 1305 4103 disciplinam
1329 4045 1387 4088 et
1402 4052 1597 4088 morem

532 4120 765 4162 veterem
791 4114 1157 4163 instaurantes.
1189 4114 1327 4176 Lipa-

591 4187 782 4241 Adsent
804 4188 1248 4254 exercitationibus]
1285 4189 1421 4240 Nam
1436 4195 1594 4241 -eteae

1235 367 1451 418 80⁰1·AE
1496 362 1912 418 vanorum
1962 364 2048 416 11⁴1

1677 509 1779 560 aab
1824 510 2060 575 tyrannis
2103 509 2321 568 omissae,
2367 516 2457 561 aut
2497 510 2751 573 remissa»,

1677 600 1798 638 cnm
1847 588 2072 653 agnitis
2124 603 2222 656 pro
2275 589 2536 654 sapientia
2591 594 2751 640 esset.

1710 740 1883 804 Arma,
1897 740 2094 808 mia]
2117 742 2341 805 Nescio,
2355 742 2469 810 quis
2488 742 2743 795 menium

1678 831 1800 867 naus
1819 817 1872 867 in
1894 818 2178 884 campestri
2197 817 2560 876 meditatione,
2579 828 2637 870 ct
2657 834 2751 870 au-

1679 907 1776 959 pra
1792 893 2022 960 dixerat,
2042 896 2059 926 4
2076 910 2194 947 cum
2216 903 2488 961 spectator
2505 895 2751 947 modera-

1679 975 1864 1036 torque
1889 973 2176 1024 iueuntium
2206 971 2494 1023 certamina
2517 971 2750 1023 virorum

1677 1060 1822 1098 arma
1843 1047 2219 1113 componeres?
2281 1049 2473 1113 Itaque
2496 1047 2627 1099 duaa
2659 1061 2753 1099 ve-

1678 1139 1766 1176 ces
1800 1126 1853 1176 iu
1893 1141 2043 1177 unam
2078 1127 2451 1187 contraxerim,
2489 1133 2546 1177 et
2589 1140 2750 1177 arn·-

1677 1207 1837 1254 nteata
1854 1204 2194 1268 reposuerim,
2208 1204 2261 1254 id
2280 1211 2378 1260 eat,
2392 1201 2749 1254 vaux-eorm·

1674 1275 1785 1339 μίν.
1818 1278 1984 1330 Livia.

1744 1354 1945 1412 Μαικία,
1969 1352 2122 1418 φῦσε]
2156 1355 2321 1406 Recte
2355 1354 2561 1407 censuit
2583 1353 2749 1406 Pate·

1678 1431 1834 1489 relus,
1881 1432 2007 1482 nihil
2050 1432 2136 1482 bic
2178 1445 2294 1482 esse
2345 1432 2749 1484 immutandum.

1678 1508 1867 1574 Neque
1904 1515 2165 1573 proeterea
2205 1523 2420 1560 neeesse
2463 1516 2567 1568 est,
2608 1508 2749 1575 quod

1676 1584 1797 1636 Jac.
1832 1585 1900 1637 de
1938 1587 1990 1636 la
2028 1586 2211 1637 Baane
2246 1587 2539 1649 annotavit,
2569 1587 2750 1637 mia

1677 1659 1759 1711 hie
1784 1676 1879 1725 per
1900 1668 1916 1691 4
1939 1664 2114 1714 munia
2133 1662 2150 1686 '
2184 1664 2562 1728 interpretari3
2597 1665 2752 1730 quasi

1677 1733 1916 1800 ἀρχαϊκῶς
1969 1739 2223 1802 scriptum
2279 1740 2369 1802 sit,
2422 1739 2559 1789 sicut
2604 1736 2751 1804 apud

1679 1813 1836 1867 Luer.
1861 1828 1901 1864 ι.
1924 1819 2007 1866 30.
2033 1816 2051 1845 ‘
2081 1816 2215 1867 Fara
2246 1830 2481 1866 moeuera
2502 1815 2754 1871 militiai.'

1677 1889 1850 1941 Multo
1889 1892 2055 1942 minus
2090 1905 2156 1942 ex
2202 1892 2526 1943 correctione
2567 1890 2752 1942 Behsii

1677 1967 2093 2032 rescribendum,
2135 1984 2273 2020 ema
2304 1969 2446 2030 viria,
2472 1985 2656 2034 pugna
2677 1969 2749 2020 οὗ·

1675 2049 1976 2109 m,epteat.
2042 2044 2317 2109 Aptabant
2338 2044 2474 2096 enim
2501 2046 2627 2099 belli
2652 2046 2750 2097 du-

1677 2134 1783 2176 ces,
1819 2136 1881 2172 ac
1924 2121 2212 2173 defensioni
2256 2123 2750 2182 accommodabant,

1678 2198 1887 2255 moenia,
1938 2206 1997 2250 et
2039 2200 2268 2266 urbium,
2321 2208 2379 2251 ct
2433 2208 2750 2253 castrorum.

1679 2273 1925 2326 Scluat-z.

1740 2350 1914 2418 Arma,
1934 2352 2131 2418 menia]
2167 2353 2324 2417 Legit
2336 2360 2637 2407 ama-neate
2662 2355 2745 2406 Li·

1675 2425 1896 2485 vineias,
1959 2442 2143 2493 parum
2200 2426 2433 2480 feliciter
2489 2442 2610 2482 meo
2659 2433 2748 2497 ju·

1676 2501 1834 2555 dicio.
1901 2503 2114 2554 Meliori
2156 2505 2463 2570 conjectura
2506 2509 2749 2572 reposuit

1678 2582 1888 2647 Lipsius
1924 2583 2104 2635 maia.
2172 2584 2288 2649 Ege
2330 2584 2460 2634 nibil
2504 2585 2746 2637 immuto.

1678 2660 1901 2711 Paterol.

1744 2734 1953 2800 Μαικία]
1988 2737 2307 2795 Castrorum,
2332 2744 2424 2789 aut
2445 2737 2653 2789 urbium
2687 2737 2746 2789 ia

1677 2811 1943 2863 limitibus.
1976 2813 2058 2863 Au
2072 2814 2232 2864 mia
2249 2815 2425 2878 placet
2442 2814 2581 2880 legi?
2608 2813 2748 2866 Inde

1676 2891 1693 2919 ‘
1718 2890 1989 2941 munifices
2013 2889 2031 2913 ³
2074 2891 2288 2955 milites,
2330 2892 2418 2956 qui
2459 2891 2641 2942 facere
2680 2905 2749 2942 ea

1675 2965 2030 3030 cogebantur3
2050 2972 2066 2997 4
2086 2966 2374 3031 immanens
2388 2967 2475 3031 qui
2494 2969 2749 3032 exempti.

1678 3043 1814 3093 Nam
1829 3043 1966 3108 quod
1989 3044 2067 3093 vir
2080 3044 2266 3094 doctus
2286 3045 2745 3109 ammentajunc·

1678 3118 1772 3168 tim
1815 3119 1899 3170 hic
1944 3119 2094 3184 legit,
2138 3119 2224 3171 cui
2267 3118 2425 3172 docto
2471 3121 2748 3185 probabit?

1673 3193 1810 3258 Lips-

1740 3269 1955 3335 Aptnat]
2006 3271 2187 3323 Codex
2236 3272 2520 3324 Vaticanus
2566 3274 2633 3325 R.
2677 3273 2747 3324 Α.

1675 3347 1822 3397 14⁷⁶.
1870 3360 2145 3412 perperam
2191 3348 2348 3399 habet
2389 3355 2604 3414 mnuat-
2671 3351 2749 3402 At

1675 3423 1891 3474 verbum
1930 3430 2120 3489 mant,
2151 3426 2250 3477 boc
2283 3427 2399 3478 loco
2437 3428 2779 3493 simpliciter.

1675 3501 1922 3564 positum,
1959 3503 2096 3553 idem
2142 3504 2282 3555 valet
2326 3518 2409 3566 ac,
2456 3503 2472 3531 ‘
2509 3505 2749 3569 parant,'

1674 3578 1690 3605 4
1711 3576 2059 3641 comparant,'
2080 3579 2098 3608 4
2125 3579 2469 3643 preparant?
2492 3588 2508 3611 ⁴
2527 3581 2592 3630 in·
2607 3581 2747 3632 ordi-

1674 3665 1791 3702 nem
1814 3652 2096 3718 redigunt,’
2120 3657 2136 3684 4
2161 3655 2464 3705 instruunt-⁹
2496 3658 2585 3707 De
2609 3659 2749 3722 ejus·

1672 3728 1813 3778 modi
1833 3735 2087 3794 apparatu
2109 3729 2161 3779 id
2185 3739 2406 3795 usurpat
2420 3733 2610 3796 virgil.
2631 3735 2747 3785 AEn.

1674 3816 1754 3853 av.
1773 3806 1892 3856 289.
1924 3808 1940 3835 4
1965 3806 2197 3856 Classem
2227 3814 2414 3872 aptent
2440 3809 2629 3860 taciti:
2661 3826 2748 3861 so·

1672 3880 1782 3930 cios
1793 3882 1860 3931 ad
1881 3883 2059 3935 littora
2073 3892 2296 3949 cogaut3
2331 3886 2496 3936 Arma
2516 3887 2750 3951 parent-⁹

1672 3956 1829 4020 Apud
1871 3960 1986 4010 Liv.
2021 3960 2132 4010 lite
2169 3975 2271 4012 vox
2304 3959 2620 4028 frequenter
2656 3979 2748 4016 oc·

1672 4035 1840 4085 currit
1859 4035 1930 4086 de
1951 4038 2296 4100 apparatione
2332 4053 2501 4089 rerum
2532 4039 2748 4092 bellica·

1672 4124 1819 4173 rum;
1856 4127 1902 4162 v.
1923 4126 1975 4176 g.
1997 4125 2052 4162 x.
2076 4116 2158 4163 33.
2181 4118 2197 4143 4
2223 4114 2323 4164 Vix
2349 4114 2472 4165 dum
2496 4117 2626 4166 satis
2653 4133 2747 4184 ap-

1672 4185 1800 4238 tatis
1819 4189 1992 4246 armis,
2008 4187 2061 4239 iu
2081 4187 2289 4242 ordines
2304 4190 2475 4243 eunts'
2506 4205 2636 4243 xxx.
2657 4199 2745 4246 21.
