3017 4942
513 346 651 416 914

513 505 698 558 codice
714 504 961 571 seriptum
980 510 1059 558 est
1072 507 1134 559 si.
1176 508 1433 574 Equidem
1450 510 1584 561 nihil

511 582 775 634 insolitum
810 592 910 646 est,
936 583 982 633 si
1015 585 1293 649 aliquando
1327 585 1448 650 poni
1485 600 1582 650 pro

512 659 638 718 κείς
677 660 769 710 sed
794 661 915 711 nibil
938 675 1067 725 opus
1091 667 1176 712 est
1201 670 1258 712 ut
1280 662 1365 713 hic
1385 662 1581 727 aliquid

511 742 781 798 mutetur;
839 750 1010 800 neque
1056 738 1312 799 particula
1354 739 1448 788 etsi
1487 753 1583 801 per

431 834 437 839 ·
513 824 714 860 comma
744 818 826 860 est
849 813 1160 876 separanda,
1196 822 1351 877 prout
1374 815 1425 863 in
1445 814 1581 864 Aru·

434 908 439 913 ·
512 887 757 936 tzenia‘ua
785 888 1012 939 editione
1036 899 1327 954 separatur,
1350 898 1406 941 et
1439 889 1584 942 forte

513 963 658 1013 aliis:
696 978 864 1027 neque
887 966 1021 1014 enim
1042 968 1227 1029 copula
1243 973 1291 1017 et
1311 969 1392 1018 bic
1408 969 1579 1018 locum

508 1039 690 1090 babet.
757 1041 990 1090 Verbum
1013 1049 1029 1072 ⁸
1052 1041 1396 1108 detorquere’
1419 1045 1581 1107 signi-

511 1115 665 1173 ficat„
691 1116 913 1181 aliquem
956 1119 1104 1183 qnasi
1151 1119 1392 1177 invitum.
1430 1129 1487 1170 et
1529 1119 1581 1171 vi

511 1195 753 1259 quadam,
776 1195 1048 1245 blandiore
1072 1203 1262 1257 tamen,
1280 1190 1583 1260 deflectere,

508 1279 589 1329 ut,
608 1279 807 1321 mutata
831 1274 1118 1334 voluntate,
1135 1279 1189 1322 et
1211 1274 1447 1330 consilio,
1467 1289 1497 1322 a
1522 1288 1579 1325 re

509 1349 684 1417 aliqua
718 1357 944 1398 mentem
980 1354 1202 1399 avertat.
1266 1350 1469 1399 Plinius
1501 1350 1581 1399 iu-

508 1423 610 1481 fra,
648 1439 872 1477 Lxxxn.
908 1430 958 1475 6.
1001 1427 1019 1454 ⁸
1042 1425 1280 1475 Validior
1319 1433 1430 1476 toto
1463 1440 1575 1476 cor·

507 1514 636 1564 pore
673 1504 885 1558 animus,
918 1516 1071 1566 quem
1107 1517 1206 1552 nou
1243 1502 1467 1553 fortunae
1504 1503 1579 1553 iu·

504 1578 776 1641 dulgentia
811 1579 1031 1642 molliat,
1049 1593 1150 1628 non
1184 1581 1352 1645 copiae
1385 1582 1580 1643 princi·

507 1654 654 1717 pales
688 1654 752 1702 ad
784 1653 1056 1716 segnitiem
1093 1654 1369 1719 luxumque
1399 1655 1578 1705 detor·

507 1727 744 1793 queant-⁸
815 1729 926 1779 Cic.
950 1729 1017 1778 de
1053 1727 1210 1780 Offic.
1236 1745 1300 1781 ιι.
1322 1735 1402 1780 10.
1434 1732 1452 1760 ‘
1472 1733 1579 1783 Vo-

505 1807 756 1869 luptates,
796 1805 1142 1856 blandissimae
1184 1806 1428 1869 dominae‚
1469 1823 1578 1858 ma·

496 1881 645 1946 jores
682 1890 859 1947 partes
901 1882 1060 1932 animi
1096 1897 1128 1931 a
1163 1883 1354 1933 virtute
1401 1876 1579 1934 detor·

509 1958 708 2022 quent!
741 1959 892 2008 Idem.

519 2062 525 2069 ·
563 2035 836 2084 Hebetabat
857 2036 1037 2100 tomen]
1068 2035 1296 2099 Proprie
1319 2035 1479 2100 gladii
1498 2036 1576 2086 di·

508 2119 700 2160 cuntur
729 2110 1032 2166 ‘hebetum'
1073 2112 1281 2177 qnando
1325 2114 1578 2177 quodam·

508 2186 663 2236 modo
702 2186 1070 2248 retunduntur,
1104 2194 1165 2236 ut
1199 2202 1266 2236 ne
1301 2189 1575 2251 pristinam

504 2262 668 2310 aciem
686 2261 964 2311 retineant.
994 2261 1194 2311 Plinius
1212 2278 1389 2328 supra,
1411 2277 1579 2315 xvtu.

507 2339 561 2385 8.
581 2340 598 2364 ⁸
615 2337 830 2389 Gladios
847 2339 1005 2389 etiam
1025 2339 1224 2389 incuria
1244 2339 1480 2389 hebetari
1495 2355 1576 2390 re-

507 2415 757 2481 tundique
790 2416 1124 2481 gaudebant!
1190 2416 1398 2467 Deinde
1427 2436 1574 2479 μετα-

504 2496 708 2559 φορικῶς
745 2494 900 2543 etiam
940 2493 1004 2542 ad
1048 2493 1243 2543 animos
1281 2497 1338 2545 et
1368 2495 1577 2558 ingenia

502 2571 769 2620 hominum
811 2567 1139 2625 transfertur,
1178 2584 1396 2635 quorum
1433 2572 1576 2621 acies

504 2653 561 2696 et
600 2647 676 2696 vis
720 2646 1104 2712 quodammodo
1146 2647 1307 2695 minui
1351 2647 1575 2699 videtur·

502 2721 646 2773 Plin.
669 2723 843 2787 Epist.
862 2737 952 2775 ιιι.
972 2728 1051 2773 16.
1086 2729 1104 2752 ‘
1120 2722 1354 2778 Confido,
1370 2738 1453 2773 me
1471 2736 1575 2773 non

503 2798 578 2849 sic
610 2799 823 2849 auribus
855 2798 993 2855 duci,
1016 2805 1074 2850 ut
1096 2810 1272 2848 omnes
1294 2800 1459 2849 aculei
1486 2800 1572 2862 ju·

503 2872 631 2925 dicii
653 2875 753 2924 mei
776 2875 979 2924 illarum
1005 2875 1353 2925 delinimentis
1386 2875 1574 2925 refrin-

503 2957 723 3012 ganturt
759 2950 1073 3000 hebetentur
1092 2949 1335 3009 fortasse,
1351 2959 1405 3001 et
1427 2952 1573 3015 paul·

503 3025 666 3077 lulum
685 3027 1060 3089 retundantur;
1085 3028 1241 3077 evelli
1258 3028 1463 3091 quidem
1484 3044 1575 3077 ex-

503 3103 843 3166 torquerique
876 3118 980 3152 non
1008 3101 1263 3168 possunt.’
1328 3103 1476 3154 Idem
1504 3107 1573 3155 E·

502 3177 624 3241 pist.
646 3191 772 3228 vm.
793 3182 872 3227 14.
904 3181 922 3207 ‘
948 3180 1150 3245 Quibus
1183 3182 1330 3230 maiis
1362 3182 1575 3245 ingenia

501 3259 680 3302 nostra
708 3253 758 3302 iu
786 3262 1054 3317 posterum
1077 3270 1284 3320 quoque
1308 3257 1572 3321 hebetata,

501 3326 693 3387 fracta,
714 3337 928 3379 contusa
950 3328 1104 3381 suut!
1160 3330 1225 3380 In
1250 3346 1365 3381 meo
1388 3333 1574 3384 codice

501 3405 834 3457 desideratur
857 3407 1067 3456 verbnm
1088 3407 1352 3459 hebetabat.
1417 3410 1481 3460 In
1512 3411 1573 3460 li·

501 3481 599 3532 bro
638 3483 898 3534 Vossiano
938 3485 1195 3548 scriptum
1231 3493 1315 3535 est
1349 3486 1573 3539 habebat-

502 3573 628 3621 que,-
671 3558 724 3608 in
768 3559 1007 3609 Sichardi
1050 3559 1281 3609 editione
1324 3575 1571 3611 excusum

502 3635 866 3696 est‚habetabat
881 3651 905 3694 ,·
935 3636 1140 3685 omnino
1162 3635 1424 3686 mendose.
1478 3639 1571 3688 Se-

501 3724 667 3773 quens
704 3724 891 3760 nornen
924 3713 1161 3774 reputatio
1195 3720 1298 3776 est,
1331 3715 1572 3766 conside·

500 3787 654 3841 ratio·
686 3793 700 3815 ⁸
720 3788 987 3850 Reputare
1005 3788 1136 3838 rem’
1159 3788 1400 3852 dicimur,
1416 3806 1572 3853 quam

500 3861 771 3912 uobiscum
787 3864 960 3913 animo
978 3864 1289 3914 revolvimus
1304 3875 1358 3916 et
1377 3881 1572 3930 expen-

500 3936 687 3986 dimus.
752 3938 887 3988 Usus
911 3948 993 3989 est
1018 3940 1117 3989 boe
1139 3942 1345 3991 nomine
1368 3943 1571 3994 Plinius

500 4011 672 4075 Major
696 4024 752 4063 x.
775 4017 857 4064 38.
891 4014 907 4042 ‘
937 4014 1132 4065 Harum
1165 4017 1334 4067 avium
1365 4018 1570 4069 volatus

501 4086 556 4137 in
603 4090 986 4151 reputationem
1026 4101 1320 4142 ceterarum
1361 4109 1569 4158 quoque

501 4162 765 4213 voluerum
790 4179 881 4217 nos
906 4166 1164 4227 impellit!
1229 4168 1400 4219 Tacit.
1422 4169 1572 4221 Hist-

500 4251 566 4290 ιι.
581 4243 663 4291 38.
696 4247 709 4272 ⁴
725 4241 830 4292 Sed
852 4255 935 4293 me
960 4248 1193 4309 veterum
1215 4256 1568 4313 novorumque

1138 404 1143 411 .
1209 362 1435 415 Nom:
1478 362 1896 417 VAmoRtm
1941 364 2032 419 m

1660 508 1925 573 reputatio
1945 507 2150 574 lougius
2172 506 2334 560 tulit.’
2365 508 2519 561 Idm

1733 584 1878 639 Vides
1896 584 2047 648 enim]
2080 585 2334 637 cellarius
2369 584 2437 633 ad
2478 584 2618 635 bunc
2651 584 2724 634 lo-

1659 673 1810 715 eume
1865 669 1882 697 ¹
1907 662 1992 712 Sic
2029 662 2203 725 plures
2239 660 2506 710 librorum.
2572 661 2726 711 Cata·-

1659 749 1823 800 noeus,
1854 739 1987 794 Quid
2021 739 2184 789 enim?
2250 737 2455 789 Baudio
2503 737 2728 795 videtur.

1666 810 1790 867 Vide
1801 814 1944 869 enim.
1978 814 2199 879 Quoquo
2216 814 2370 867 modo
2394 813 2557 875 legas,
2578 814 2723 867 etho-2

1659 888 1815 952 poeia,
1851 903 1945 939 seu
1984 902 2184 941 morum
2223 891 2518 953 expressio,
2558 890 2725 939 innui-

1660 968 1763 1027 tur,
1800 965 1953 1030 quasi
1997 964 2195 1017 dietum
2236 966 2327 1027 sit,
2378 962 2727 1019 ‘videnceo”

1660 1039 1793 1091 Haec
1831 1041 2105 1095 Cellarius.
2173 1039 2250 1093 At
2286 1042 2570 1093 Catanaeus
2616 1044 2724 1107 ipso

1656 1115 1711 1167 iu
1736 1118 1994 1180 prioribus
2032 1117 2349 1168 editionibus
2379 1132 2465 1167 an.
2489 1122 2637 1169 1505.
2673 1126 2724 1167 et

1658 1198 1805 1247 1510.
1835 1194 2028 1259 edidit,
2069 1194 2256 1247 Vides!
2285 1196 2329 1245 si
2357 1197 2474 1259 quid
2507 1195 2626 1246 bene
2645 1194 2728 1254 se-

1655 1285 1779 1321 cero.
1866 1272 2068 1325 Contra
2124 1272 2401 1321 Frobenius
2448 1287 2533 1320 an.
2582 1275 2726 1325 1552.

1658 1345 1854 1396 Paulus
1874 1347 2191 1412 Stephanus,
2212 1353 2267 1396 et
2287 1346 2480 1397 Petrus
2499 1347 2725 1410 Cbouet,

1655 1424 1747 1485 qui
1762 1421 2014 1472 recudere
2029 1423 2258 1473 Catanaei
2281 1425 2729 1489 commentarium,

1656 1499 1861 1547 demum
1883 1499 2189 1562 evulgarunt
2227 1499 2358 1556 Quid
2390 1496 2555 1551 enim?
2600 1499 2726 1548 Ges-

1657 1587 1830 1632 ner-us,
1853 1588 1884 1623 a
1903 1575 2145 1632 Cellsrio,
2166 1582 2220 1624 ut
2239 1576 2442 1638 opinor,
2466 1569 2728 1638 inductus,

1658 1652 1882 1712 putavit,
1940 1666 2037 1715 pro
2098 1652 2245 1707 Vides
2295 1654 2441 1715 enim,
2496 1652 2567 1702 ab
2614 1652 2726 1715 ipso

1655 1724 1797 1777 forte
1836 1736 2054 1780 auctore
2096 1730 2320 1794 positum
2367 1728 2530 1779 fuisse
2586 1730 2727 1783 Viae·

1654 1804 1785 1867 licet,
1840 1818 1955 1856 cum
2020 1821 2121 1856 non
2177 1808 2340 1869 possit
2395 1820 2725 1871 concoquere

1662 1877 1807 1930 Vides
1825 1880 1949 1929 enim
1965 1879 1992 1930 Ι
2025 1880 2201 1931 Nihilo
2220 1880 2388 1931 miuus
2412 1888 2591 1931 tamen
2616 1882 2726 1933 haec

1654 1955 1814 2009 lectio
1837 1956 1905 2005 ab
1928 1957 2181 2015 omnibus,
2218 1969 2319 2007 non
2344 1957 2509 2009 solum
2532 1958 2725 2009 ceteris

1652 2029 1942 2095 impressis,
1975 2034 2067 2082 sed
2105 2033 2259 2083 etiam
2298 2033 2431 2082 Μαι.
2453 2032 2724 2084 confirma-

1654 2116 1856 2169 matur3
1887 2108 1984 2163 nisi
2008 2110 2143 2174 quod
2168 2111 2221 2159 in
2241 2110 2423 2160 codice
2448 2111 2726 2175 Patavino,

1653 2189 1708 2232 et
1730 2185 1861 2234 libro
1884 2184 2162 2248 vossiano,
2197 2185 2278 2234 hae
2314 2199 2467 2235 voces
2505 2187 2583 2239 ita
2622 2188 2724 2237 sint.

1652 2262 2010 2324 transpositae,
2051 2261 2195 2312 Vides
2211 2278 2232 2320 ,-
2261 2263 2306 2311 si
2326 2264 2439 2326 quid
2461 2263 2590 2313 enim
2609 2263 2724 2315 bene

1635 2335 1822 2394 fecero.
1899 2338 2013 2400 Ego
2069 2337 2194 2390 nihil
2250 2340 2577 2401 mutandum,
2634 2346 2723 2392 sut

1651 2420 1795 2463 certe
1829 2413 1957 2462 uiuit
1997 2414 2273 2476 iuteresse,
2314 2414 2576 2476 existimo,
2615 2415 2726 2465 sive.

1650 2490 1777 2548 uide,
1815 2491 1926 2540 sive
1968 2491 2117 2548 vides,
2160 2491 2321 2553 legas.
2390 2491 2524 2541 Haec
2564 2490 2723 2543 verba

1651 2564 1787 2615 enim
1812 2564 2013 2619 Plinius
2050 2565 2313 2628 expressit
2346 2579 2441 2628 per
2475 2567 2721 2627 διαλογισ·

1646 2638 1759 2703 μὸν,
1802 2654 1921 2690 cum
1970 2649 2148 2691 certus
2204 2655 2372 2691 sermo
2415 2643 2723 2695 attribuitur

1650 2730 1885 2779 persouae
1910 2731 2067 2775 verre,
2104 2732 2167 2769 ac
2199 2732 2316 2783 quae
2353 2718 2422 2768 sit
2446 2721 2718 2781 presentis

1651 2793 1900 2854 instituti,
1938 2792 2012 2843 ita
2048 2801 2106 2843 ut
2146 2808 2369 2859 persona
2406 2795 2500 2844 illa
2532 2798 2617 2847 vel
2652 2797 2720 2847 lo·

1649 2878 1841 2934 quatur
1862 2885 2058 2930 secum,
2096 2871 2177 2920 vel
2212 2885 2327 2921 curn
2365 2872 2547 2925 altera.
2589 2874 2720 2924 Con·

1650 2945 1730 2994 ter
1753 2948 1905 2999 Voss.
1930 2946 2107 2997 Instit.
2134 2949 2287 2999 Orat.
2311 2963 2364 2998 v.
2385 2952 2433 2999 7.
2465 2949 2555 2999 Sic
2578 2950 2717 3016 apud

1648 3023 1868 3073 Terent.
1911 3024 2146 3074 Ennnch.
2188 3037 2229 3073 ι.
2272 3028 2318 3075 1.
2369 3029 2415 3079 l,
2470 3026 2719 3079 Phaedria

1648 3112 1824 3149 secum
1841 3100 2103 3164 loquitur:
2131 3106 2145 3128 ‘
2163 3100 2301 3150 Quid
2321 3102 2479 3165 igitur
2496 3100 2717 3155 faciam?

1650 3174 1771 3226 Non
1795 3190 1934 3238 eam,
1969 3191 2035 3226 ne
2061 3192 2196 3228 nuuc
2221 3177 2450 3242 quidem,
2482 3193 2603 3229 cum
2638 3195 2718 3229 ar·

1649 3266 1825 3301 cessor
1849 3254 2017 3312 ultro,’
2037 3258 2136 3303 ὅτε.
2161 3254 2250 3304 ubi
2279 3256 2552 3309 Donatus:
2592 3257 2718 3308 ‘Est

1648 3330 1977 3392 διαλογισμὸς,
2000 3333 2170 3393 σχῆμα
2190 3329 2408 3381 διανοίας.
2452 3331 2716 3398 Apparet,

1651 3415 1708 3455 et
1748 3408 1913 3456 multa
1953 3409 2171 3457 tacitum
2215 3409 2475 3470 cogitasse
2516 3407 2716 3458 adoles·

1650 3490 1880 3539 ceutem,
1928 3492 1983 3536 et
2025 3483 2234 3534 tandem
2283 3484 2334 3533 iu
2390 3485 2506 3534 hoec
2556 3485 2717 3536 verbs

1649 3559 1987 3623 prorupisse.'
2033 3560 2144 3610 Jul.
2186 3558 2491 3609 Rufinianus
2527 3559 2597 3610 de
2637 3560 2716 3609 Fi-

1648 3637 1793 3698 guris
1831 3636 2241 3695 Sententiarum,
2279 3650 2394 3699 pag.
2425 3639 2510 3685 2⁷,
2546 3634 2564 3662 ‘
2588 3636 2717 3684 Dia-

1650 3711 1933 3774 logismus‚’
1967 3712 2158 3776 inquit,
2189 3713 2205 3740 ⁴
2231 3710 2289 3760 fit
2324 3712 2421 3772 ita,
2456 3725 2574 3761 cum
2602 3712 2717 3777 quis

1646 3803 1822 3838 secum
1842 3789 2098 3852 disputat,
2118 3794 2171 3838 et
2190 3789 2409 3844 volutat,
2427 3787 2554 3850 quid
2573 3795 2720 3851 agat,

1650 3865 1733 3914 vel
1777 3865 1901 3928 quid
1938 3863 2195 3927 agendum
2238 3861 2430 3927 putet.'
2514 3862 2716 3927 Hujus-

1647 3939 1802 3989 modo
1836 3942 2035 4006 aliquot
2065 3939 2307 4003 exempla
2337 3936 2493 3988 affert
2517 3938 2715 3990 Rufini·

1647 4029 1809 4064 anus:
1847 4017 2064 4079 primum
2089 4030 2155 4064 ex
2175 4015 2410 4064 Terentii
2446 4014 2717 4077 Eunucho,

1645 4091 1681 4139 1.
1701 4106 1749 4141 c.
1772 4093 1991 4142 alterum
2024 4105 2091 4140 ex
2125 4091 2313 4155 virgil.
2343 4091 2456 4141 AEn.
2495 4103 2576 4141 ιν.
2598 4095 2713 4147 634.

1647 4183 1793 4234 seqq.
1823 4169 1911 4219 ubi
1949 4168 2109 4230 Dido,
2147 4175 2421 4232 postquam
2443 4167 2610 4217 multa
2633 4181 2716 4216 se·-

1646 4260 1762 4298 cum
1788 4247 2087 4312 cogitasset,
2107 4245 2184 4305 sic
2210 4245 2534 4310 prorumpitz
2571 4252 2588 4275 ‘
2613 4245 2710 4313 Eo,
