3017 4942
483 327 616 393 570

488 489 577 538 Sic
599 487 831 553 loquitur
853 486 1063 538 Phoedr.
1094 502 1151 539 v.
1185 491 1236 538 7.
1269 488 1285 517 ‘
1306 489 1549 539 Accessit

479 567 642 622 ulter,
685 579 834 628 aeque
873 564 1114 615 defectus
1155 564 1307 629 pilis.'
1390 566 1548 617 Ovid.

489 642 624 693 Met.
652 655 707 690 v·
726 646 842 692 106.
877 642 1172 706 ‘Sanguine
1202 640 1437 691 defectos
1460 658 1547 693 ce·

480 717 617 767 cidit
650 717 908 780 collapsus
945 718 996 768 in
1021 717 1198 767 artus.'
1262 719 1382 768 Val.
1405 719 1549 769 Flac.

488 809 594 844 vn.
621 800 734 844 116.
756 795 909 844 ‘Solo
932 793 1333 844 maeretdefecta
1357 795 1551 845 cubili?

489 873 695 922 Seneca
721 871 938 934 Hippoi.
980 879 1052 920 vs‘.
1078 875 1193 921 3⁷5.
1257 878 1273 903 ⁴
1293 872 1447 922 Vadit
1471 873 1548 923 in-

489 956 636 999 certo
670 949 802 1012 pede
831 947 1074 1003 Phaedra,
1101 950 1214 1012 jam
1239 947 1437 998 viribus
1458 949 1547 998 de-

488 1024 667 1075 fecta.'
734 1026 820 1075 Ne
846 1039 967 1074 vero
999 1032 1149 1086 putes
1191 1025 1326 1075 solos
1367 1024 1547 1088 poetas

485 1104 562 1151 ita
587 1101 747 1166 loqui,
773 1101 892 1150 audi
918 1107 972 1150 et
999 1100 1111 1150 Val.
1135 1100 1278 1149 Max.
1304 1114 1406 1150 vu.
1421 1105 1470 1151 6.
1493 1105 1546 1152 2.

484 1179 507 1225 .‘
526 1178 832 1228 Casilinates
890 1176 1247 1226 alimentorum
1300 1174 1548 1226 facultate

488 1253 743 1305 defecti!-
793 1253 941 1304 Idem
966 1268 1052 1304 ιιι.
1073 1259 1123 1304 2.
1147 1262 1259 1304 ext.
1289 1255 1417 1304 ‘Vir
1439 1270 1547 1320 am-

489 1332 748 1396 plissimus
789 1337 942 1395 atque
988 1330 1415 1396 prudentissimus
1451 1346 1546 1381 suo

487 1409 702 1459 consilio
746 1406 1006 1470 defectus,
1050 1408 1234 1471 puerili
1279 1423 1398 1458 usus
1430 1406 1548 1458 est.'

488 1487 636 1536 Bene
660 1491 830 1535 autem
846 1485 1223 1549 sapienterque
1257 1485 1412 1535 docet
1437 1486 1546 1536 Pli-

487 1563 624 1624 nius,
645 1563 784 1612 illum
818 1561 1102 1627 principem
1141 1558 1293 1610 facile
1328 1563 1546 1612 exitium

485 1647 545 1690 et
589 1653 828 1689 occasum
883 1637 1084 1702 imperii
1138 1639 1546 1688 acceleraturum

485 1730 620 1779 esse,
643 1717 728 1780 qui
767 1715 899 1765 solos
935 1716 1202 1777 primores,
1243 1722 1297 1764 et
1333 1715 1546 1774 nobiles,

485 1793 732 1857 ditesque
755 1790 909 1849 ,tueri
956 1792 1119 1853 velit3
1152 1800 1336 1841 contra
1364 1801 1547 1843 autem

483 1870 785 1931 inferiores,
808 1877 862 1919 et
892 1867 1095 1932 plebem
1115 1869 1400 1933 pauperem
1421 1884 1547 1935 neg·

369 1964 394 1987 ·
484 1950 636 2014 ligat,
659 1963 826 2013 neque
849 1950 956 2014 ejus
982 1950 1230 1999 rationem
1265 1963 1545 2014 curamque

486 2027 699 2076 habeat.
761 2028 930 2079 Quam
955 2041 1134 2092 parum
1152 2026 1287 2076 enim
1304 2027 1455 2077 homo
1473 2028 1547 2077 vi·

488 2117 632 2166 vere,
658 2111 906 2168 recteque
927 2104 1116 2168 valere,
1138 2111 1193 2153 et
1215 2102 1373 2153 firmis
1401 2105 1547 2167 pedi·

481 2180 583 2231 bns
605 2187 743 2231 stare
769 2187 962 2244 potest,
997 2182 1148 2245 cujus
1184 2190 1345 2245 caput
1381 2183 1545 2232 solnm

483 2265 744 2323 superest,
785 2259 896 2307 sine
942 2265 1129 2308 trunco
1161 2266 1241 2309 et
1300 2257 1545 2309 inferiore

485 2349 742 2399 corpore3
774 2342 880 2385 tam
919 2349 1099 2399 parum
1123 2335 1282 2385 etiam
1314 2345 1456 2386 stare
1487 2344 1546 2386 et

483 2408 670 2461 florere
703 2420 875 2477 potest
911 2426 990 2463 res
1021 2411 1247 2476 publica,
1286 2411 1374 2461 nbi
1408 2414 1546 2464 solus

482 2490 748 2553 princeps3
771 2497 825 2541 et
849 2504 964 2540 cum
995 2489 1105 2554 ipso
1132 2504 1393 2554 proceres,
1429 2497 1545 2540 tan-

483 2578 634 2629 quam
656 2567 852 2631 capita,
875 2567 1006 2615 bene
1026 2581 1081 2616 se
1105 2566 1333 2616 habeant
1354 2582 1370 2627 3
1396 2568 1545 2630 plebs

477 2657 627 2708 vero,
651 2652 707 2694 et
733 2636 1012 2709 pauperes,
1045 2644 1096 2692 in
1129 2642 1240 2693 dies
1275 2643 1547 2707 deficiant,

473 2726 569 2769 aut
596 2720 873 2783 intereant,
893 2727 948 2769 et
966 2720 1110 2770 velut
1136 2735 1166 2769 a
1189 2721 1543 2783 superioribus

485 2796 717 2859 partibus
742 2792 1040 2861 reipublicae
1065 2809 1276 2859 prorsus
1301 2810 1548 2859 separen-

421 2877 425 2882 '
483 2878 586 2921 tur.
650 2873 894 2923 Pertinet
929 2872 1030 2923 huc
1066 2872 1257 2921 eximia
1285 2874 1548 2923 sententia

483 2948 596 3000 Cic.
619 2965 649 3000 e
672 2950 898 2999 Platone
932 2950 1183 3013 repetita,
1212 2946 1367 2997 Offic.
1401 2964 1441 2998 1.
1463 2954 1548 2999 26.

482 3025 765 3087 ‘Omnium
801 3026 886 3089 qui
926 3024 1227 3089 reipublicae
1270 3024 1546 3087 praefuturi

479 3108 621 3164 sunt,
643 3101 746 3150 duo
761 3100 996 3150 Platonis
1021 3106 1285 3163 praecepta
1301 3107 1546 3152 teneant:

482 3190 660 3240 uuum,
675 3184 735 3226 ut
759 3176 1036 3226 utilitatem
1059 3177 1246 3227 civium
1270 3178 1344 3228 sic
1365 3185 1547 3229 tuean-

481 3261 588 3322 tur,
609 3261 683 3310 ut,
705 3268 1030 3318 quacunque
1047 3263 1228 3318 agunt,
1249 3255 1312 3304 ad
1335 3269 1446 3305 eam
1464 3271 1545 3306 re·

479 3329 672 3392 ferant,
708 3329 858 3380 obliti
899 3330 1279 3380 commodorum
1306 3347 1543 3384 suorum:

481 3407 720 3466 alterum,
756 3415 815 3457 ut
837 3413 1004 3457 totum
1028 3421 1217 3472 corpus
1244 3409 1543 3473 reipublicae

478 3493 664 3535 curent
687 3501 704 3548 ς
760 3497 845 3545 ne,
899 3483 1019 3533 dnm
1076 3492 1278 3548 partem
1323 3487 1545 3550 aliquam

479 3569 709 3624 tuentur,
753 3560 978 3625 reliquas
1024 3560 1285 3612 deserant.
1321 3596 1333 3611 .
1360 3595 1375 3611 .
1401 3597 1413 3612 .
1439 3564 1544 3615 Qui

478 3645 652 3689 autem
692 3638 830 3703 parti
868 3638 1057 3688 civium
1092 3641 1389 3702 consulunt,
1425 3655 1544 3704 par·

478 3724 586 3767 tem
609 3716 896 3780 negligunt,
931 3730 1036 3765 rem
1057 3716 1545 3779 perniciosissimam

478 3794 533 3842 in
556 3793 818 3843 civitatem
845 3792 1118 3855 inducunt,
1133 3791 1440 3841 seditionem
1464 3801 1542 3843 at-

482 3885 582 3933 quc
626 3873 967 3929 discordianiss
1007 3885 1067 3917 ea·
1111 3885 1211 3929 qno
1255 3870 1448 3927 evenit,
1470 3878 1542 3936 *ut

482 3949 566 3993 ulii
594 3949 887 4009 pupillarem
915 3949 995 3993 alii
1019 3949 1235 3993 studiosi
1263 3947 1441 4010 optimi
1456 3963 1544 3998 cu·

474 4025 691 4085 juraque,
735 4025 1023 4077 videantur.
1083 4025 1235 4085 {raalai
1279 4024 1542 4076 universo·

470 4113 590 4131 ¹¹⁴³·
618 4097 630 4117 ¹
666 4101 815 4149 Idem.
1314 4140 1321 4146 .

707 4181 799 4225 tum
823 4177 1039 4237 carl-mre]
1071 4177 1296 4225 Martini.
1315 4191 1442 4228 xnl·
1459 4184 1545 4231 77.

739 4249 943 4301 defecta
983 4249 1279 4301 modulatur
1311 4255 1544 4306 carmina

1590 3027 1675 3077 *in
1732 3043 1878 3090 spem
1936 3022 2352 3076 alimentorum.’

1187 342 1405 394 No‘rAE
1453 344 1554 393 VA
1569 341 1865 395 molum
1914 345 1997 396 lu

1625 489 1802 553 lingua
1825 492 2075 543 Cantator
2109 505 2303 557 qgnus
2340 491 2537 545 funeris
2571 492 2689 559 ipse

1625 567 1737 617 sui.'
1770 569 1926 619 Bern.

1619 665 1627 671 ·
1690 644 1855 694 Facile
1890 650 1961 694 est
1989 644 2275 711 conjectare]
2309 648 2489 699 Codex
2521 648 2689 698 Guel-

1624 720 1979 785 pherbytanus
2013 730 2069 771 et
2090 730 2311 788 uterque
2335 724 2467 774 liber
2488 724 2690 775 Gudia-

1623 812 1742 858 nus,
1792 812 1889 863 pro
1930 799 2190 860 coniectare
2224 800 2416 851 habent
2456 802 2688 863 cogitare.

1625 873 1729 924 Sed
1772 876 1913 925 salva
1935 876 2095 927 debet
2132 892 2251 928 esse
2271 879 2483 943 vulgata
2506 878 2687 928 lectio.

1624 953 1850 1003 Verbum
1872 953 1925 1002 id
1948 960 2030 1003 est
2054 954 2379 1005 Pliniauumx
2406 955 2579 1019 Epist.
2597 967 2687 1004 nr.

1623 1033 1673 1078 9.
1692 1032 1807 1080 26.‘
1830 1031 2203 1094 conjectabis?
2227 1031 2411 1097 iuquit,
2434 1033 2450 1060 ‘
2467 1046 2532 1081 ex
2556 1030 2688 1081 hoel

1624 1104 1795 1170 Epist.
1823 1120 1926 1156 vn.
1948 1111 2028 1156 27.
2067 1111 2149 1157 14.
2186 1108 2298 1157 ‘Ex
2334 1122 2437 1171 quo
2478 1108 2688 1169 conjec-

1626 1182 1724 1230 tari
1762 1182 1970 1246 potest!
2032 1184 2218 1247 Supra,
2257 1185 2453 1246 Paneg.
2494 1196 2594 1234 xx.
2634 1190 2688 1232 et

1624 1258 1793 1320 Epist.
1816 1274 1905 1310 ιιι.
1927 1263 2011 1309 27.
2029 1264 2077 1310 6.
2114 1259 2245 1309 dicit
2286 1266 2301 1289 ‘
2326 1260 2685 1322 conjecturam

1622 1332 1851 1391 facere.’,
1902 1335 1989 1385 Sic
2023 1343 2079 1386 et
2106 1336 2504 1392 Quinctilianus,
2530 1335 2687 1385 Plinii

1624 1421 1939 1478 praeceptor,
1973 1413 2155 1463 Iustit.
2183 1413 2337 1464 Orat.
2363 1427 2468 1462 vu.
2488 1417 2538 1463 3.
2575 1413 2591 1440 ‘
2613 1413 2686 1462 U-

1626 1498 1761 1539 trum
1797 1492 1866 1541 sit
1901 1492 1952 1539 in
1988 1505 2063 1549 re,
2100 1487 2400 1554 conjectat-⁹
2465 1488 2608 1540 Quin
2632 1494 2688 1539 et

1622 1576 1741 1618 ante
1764 1567 1855 1617 hos
1877 1568 2097 1618 Terent.
2118 1569 2253 1618 Eun.
2280 1580 2367 1616 m.
2387 1570 2438 1617 4.
2456 1571 2508 1615 5.
2538 1573 2555 1596 ⁴
2577 1567 2687 1616 Ne·

1624 1658 1722 1710 qne
1735 1645 1861 1702 scio,
1880 1645 2001 1707 qnid
2017 1644 2209 1708 dicam,
2230 1651 2321 1694 aut
2338 1643 2459 1709 quid
2476 1643 2688 1707 conjec-

1622 1719 1770 1771 tem.’
1818 1722 2065 1774 Setinum.

1685 1799 1844 1849 Aures
1880 1806 1989 1850 tuas
2022 1798 2215 1862 imbuit]
2261 1797 2440 1848 Codex
2473 1796 2685 1848 Vatica-

1621 1888 1717 1924 nus
1745 1880 1892 1926 3461.
1936 1891 2033 1941 pro
2074 1876 2245 1925 imbuit
2282 1873 2516 1924 ostendit
2553 1874 2686 1923 ineu·

1621 1951 1743 2002 buit.
1811 1954 1942 2004 Quae
1969 1951 2191 2004 varietas
2223 1952 2428 2001 inanem
2458 1950 2686 2013 quidem,

1622 2029 2049 2093 qualemcumque
2094 2034 2287 2084 tamen,
2327 2040 2436 2090 prae
2481 2040 2538 2074 se
2579 2024 2685 2075 fert

1619 2103 1864 2167 speciem.
1933 2103 2010 2154 At
2054 2104 2195 2152 nullo
2239 2101 2391 2151 modo
2429 2107 2686 2163 exputare

1621 2193 1846 2244 possum,
1877 2179 2135 2245 quomodo
2170 2177 2366 2227 librarii
2401 2179 2610 2233 inertes,
2632 2176 2684 2225 in

1622 2254 2203 2306 codicibus.Vaticanis
2249 2259 2393 2305 14⁷5.
2439 2261 2496 2303 et
2538 2256 2686 2306 1476.

1622 2333 1749 2382 item
1787 2334 1839 2382 in
1876 2332 2179 2387 Parmensi,
2202 2332 2421 2394 Veneto,
2458 2335 2512 2379 et
2549 2344 2686 2387 meo,

1620 2410 1673 2459 in
1695 2425 2016 2462 communem
2050 2409 2324 2459 inciderint
2354 2408 2687 2467 erroremsut

1620 2503 1717 2553 pro
1752 2489 1924 2538 imbuit
1967 2487 2232 2552 pinxerint
2278 2484 2524 2543 intinctu,-
2568 2497 2683 2549 quae

1624 2581 1721 2617 vox
1746 2566 1904 2615 etiarn
1937 2563 2253 2629 conspicitur
2275 2561 2327 2611 in
2353 2561 2485 2613 libro
2509 2560 2685 2611 Vossi-

1622 2656 1743 2691 auo.
1791 2641 1945 2691 Idem.

1619 2737 1627 2753 ·
1689 2716 1913 2767 Baiuras
1932 2716 2185 2781 alimenta]
2223 2713 2381 2779 Atqui
2415 2713 2484 2763 de
2509 2712 2687 2777 congi-

1623 2795 1731 2843 ario
1746 2795 1879 2845 dixit
1895 2802 2116 2854 tantum,
2134 2792 2267 2857 quod
2285 2807 2409 2842 sane
2424 2791 2686 2840 diversum

1624 2872 1692 2920 ab
1716 2872 1827 2921 istis
1849 2888 1863 2921 τ
1888 2879 1944 2921 et
1968 2869 2101 2920 infra
2122 2882 2311 2920 xxvn.
2340 2873 2385 2919 l.
2405 2870 2481 2917 bis
2501 2874 2687 2934 terque

1623 2949 1914 3013 disjungitz
1952 2949 2050 2998 ‘Iu
2097 2961 2240 3011 spem
2283 2946 2687 3010 congiariornm,

2464 3023 2686 3086 Iterum,

1624 3110 1638 3132 ‘
1664 3102 1997 3165 Congiarium
2022 3102 2112 3149 das
2133 3100 2200 3149 de
2227 3098 2593 3155 tuo,alimenta
2619 3099 2687 3150 de

1623 3179 1752 3230 tuo.’
1821 3180 2047 3229 Diversa
2075 3178 2188 3227 haec
2227 3176 2414 3238 igitur:
2451 3175 2543 3224 sed
2575 3175 2686 3240 opi-

1621 3257 1735 3306 nari
1758 3256 1904 3313 licet,
1928 3254 2063 3321 quod
2087 3253 2173 3318 qui
2207 3253 2269 3301 ad
2308 3249 2573 3316 congiaria
2597 3253 2690 3301 ad-

1623 3333 1782 3390 missi,
1822 3333 1977 3383 iidem
2015 3333 2079 3381 ad
2102 3329 2382 3382 frumenta.
2452 3331 2590 3380 Nam
2613 3331 2688 3379 sic

1622 3412 1852 3462 alimenta
1892 3408 2226 3475 interpretari
2263 3406 2589 3469 Capitolinus
2616 3408 2689 3455 vi·

1622 3489 1778 3539 detur
1800 3489 1852 3537 in
1891 3484 2464 3537 Antonino:.‘Pueros
2502 3491 2559 3533 et
2595 3499 2685 3548 pu-

1622 3567 1751 3615 ellas
1774 3579 2026 3615 novorum
2050 3562 2311 3612 homiuum
2336 3559 2688 3611 frumentariae

1622 3641 1948 3706 perceptioni
1974 3637 2255 3701 adscripsit
2273 3636 2306 3688 ι’
2341 3645 2399 3688 ut
2430 3645 2574 3701 puto,
2598 3653 2688 3687 ex·

1620 3720 1794 3783 emplo
1817 3719 1916 3767 isto
1938 3716 2164 3780 'ru-ojani,
2195 3712 2286 3764 sed
2329 3719 2384 3763 ct
2408 3713 2687 3775 Hadriani,

1620 3797 1685 3845 de
1717 3811 1817 3860 quo
1853 3792 2229 3856 Spartianusss
2249 3789 2434 3839 Pueris
2456 3804 2518 3840 ac
2543 3790 2687 3854 puel-

1618 3874 1703 3937 lis,
1726 3871 1911 3937 quibus
1951 3870 2110 3920 etiam
2147 3868 2401 3930 Trajanus
2439 3868 2687 3917 alimenta

1618 3950 1900 4009 detulerat,
1941 3947 2316 3996 incrementum
2358 3942 2685 3992 liberalitatis

1620 4024 1855 4091 adjecit.'
1925 4024 2038 4075 Etsi
2062 4021 2202 4072 haud
2228 4035 2433 4082 negem,
2454 4022 2688 4084 potuisse

1527 4134 1533 4144 ·
1620 4111 1677 4154 et
1701 4105 1751 4152 in
1778 4101 2012 4169 pecuniae
2043 4097 2198 4149 modo
2222 4098 2333 4148 haec
2356 4098 2605 4152 alimenta
2629 4097 2687 4145 fi-

1620 4180 1737 4231 niri.
1802 4178 1907 4230 Sed
1932 4179 2045 4228 hoec
2084 4189 2222 4224 nunc
2254 4190 2283 4223 a
2313 4174 2541 4238 Trajano
2586 4175 2685 4223 Ro·

1622 4270 1752 4307 rnoez
1793 4262 1982 4321 postea
1996 4267 2090 4318 per
2114 4251 2319 4303 Italiam
2345 4250 2477 4320 lianc
2503 4252 2683 4300 libera·
