3017 4942
787 399 854 448 c.
899 396 1147 448 ΡιιΝιι
1195 396 1535 449 suevum
1584 394 1863 449 mnne.
1938 399 1988 449 ι.
2019 382 2132 451 73.
2433 384 2574 453 9391

364 642 371 651 -
429 619 600 668 hstis
626 618 933 683 ⁴elamor-ibus]
967 619 1116 669 Pone
1149 620 1426 669 sexcentos

351 707 456 743 una
497 695 814 745 clamantesz
863 702 920 745 et
967 694 1103 744 adde
1143 695 1425 757 actuarios,

350 776 410 820 et
432 769 742 828 laticlavios,
767 771 996 836 quibus
970 786 1060 836 jus
1095 771 1337 823 veniendi
1368 772 1423 823 in

353 854 616 896 senatum·
650 847 805 897 Idem.

421 924 545 980 Quis
574 924 711 988 tunc]
751 925 1147 984 Elzevirii,‘1'h.
1186 926 1418 985 Hearue,

348 1006 412 1050 et
445 1001 601 1064 pauci
643 1001 732 1052 alii
761 1004 1129 1060 recentiorum,
1158 1018 1256 1068 pro
1294 1010 1424 1069 tunc,

348 1076 569 1127 edidere
604 1091 743 1128 ιιιιιισ.
812 1078 1025 1128 Verum
1045 1085 1159 1129 tunc
1191 1080 1422 1146 plurimu?

349 1161 648 1204 ceterarum
723 1154 1032 1219 editionum,
1107 1158 1423 1224 plurimique

350 1229 595 1280 codicum
639 1232 769 1281 Mss.
825 1232 946 1282 hnic
997 1233 1115 1283 loeo
1169 1243 1426 1288 asserunt.

349 1302 468 1355 Has
502 1320 628 1357 vero
662 1307 949 1371 particulas
978 1310 1136 1360 etiam
1170 1311 1290 1361 alibi
1318 1327 1421 1363 non

351 1396 475 1432 raro
511 1383 651 1433 inter
673 1400 730 1434 se
767 1384 1038 1451 confundi,
1062 1389 1172 1451 jam
1196 1391 1423 1441 animad-

349 1460 516 1509 vertit
559 1461 885 1512 Burmannus
927 1463 995 1512 ad
1040 1464 1295 1516 Quinctil.
1334 1468 1423 1517 In·

348 1535 462 1586 stit.
487 1535 638 1587 Orat.
661 1551 713 1601 p.
736 1541 857 1589 492.
891 1539 1142 1590 Schwarz.

361 1640 365 1645 -
421 1613 698 1663 Exsiluisse
733 1615 909 1680 sende]
958 1616 1143 1666 Codex
1182 1617 1422 1682 :Venetus

352 1691 403 1738 1.
429 1689 511 1738 his
530 1689 714 1740 inserit
732 1705 1016 1752 pronomen
1029 1709 1112 1744 set
1148 1695 1274 1752 Quis
1294 1698 1425 1748 exsi-

350 1765 497 1815 luisse
516 1780 567 1816 se
587 1768 734 1817 sensit
750 1772 772 1816 Ρ
803 1769 875 1818 Et
899 1769 1095 1832 nescio,
1118 1786 1182 1821 an
1201 1773 1302 1823 huc
1327 1775 1423 1824 eti·

351 1852 435 1891 am
459 1842 737 1893 referende
765 1844 1027 1909 scriptura
1051 1849 1248 1900 codicis
1272 1852 1424 1902 Pari-

350 1919 559 1982 sieusis,
581 1921 774 1971 Veneti
798 1926 848 1971 2.
872 1928 923 1971 et
943 1925 1061 1981 mei,
1083 1925 1206 1982 Quis
1225 1929 1425 1978 exsiluis

349 2010 402 2045 se
423 1994 613 2049 sensit?
659 1997 844 2059 Putes,
867 1998 945 2048 sie
972 2001 1130 2050 etism
1156 2003 1207 2051 in
1232 2006 1422 2055 ceteris

340 2071 496 2124 'libris
521 2074 783 2137 impressis
807 2075 1120 2141 scriptisque
1139 2093 1423 2141 pronomen

347 2163 400 2199 ss
443 2150 669 2213 exprimi
712 2149 978 2211 debuisse,
1015 2168 1132 2202 cum
1177 2168 1279 2204 non
1332 2156 1422 2206 de-

350 2227 458 2276 sint
491 2227 754 2291 exempla,
789 2227 877 2277 nbi
914 2227 1199 2280 infinitivus
1240 2233 1425 2282 modus

348 2301 581 2366 perfecti
617 2304 887 2367 temporis,
913 2305 963 2354 in
997 2319 1074 2355 ·ss
1094 2307 1295 2370 exiens,
1326 2324 1422 2372 per

346 2379 716 2442 compendium
764 2380 1027 2431 scribendi
1083 2384 1231 2434 simul
1291 2386 1419 2436 illud

345 2457 520 2521 ipsum
556 2470 844 2521 pronomen
881 2458 1190 2523 designarit.
1259 2461 1420 2513 Hattd

345 2541 522 2585 temen
568 2548 783 2585 necesse
829 2537 1093 2599 existimo,
1137 2542 1195 2588 ut
1229 2540 1421 2605 ubique

345 2611 423 2661 sie
448 2613 805 2676 exprimatur3
839 2629 958 2663 cnm
981 2622 1208 2673 constet,
1230 2617 1282 2666 in
1306 2631 1420 2667 ore·

348 2689 495 2738 tione
539 2689 746 2755 obliqua
787 2691 1112 2741 accusativos
1158 2688 1421 2756 prono'mi·

346 2778 493 2822 num,
530 2780 604 2830 se,
637 2781 729 2828 me,
762 2771 832 2829 te,
865 2766 1019 2824 illum,
1051 2783 1152 2830 nos,
1185 2784 1286 2831 vos,
1318 2767 1422 2819 fre·

344 2849 575 2905 quenter
598 2843 769 2891 omitti
794 2844 991 2905 solere;
1015 2845 1305 2908 cujusmodi
1329 2844 1421 2895 exss

345 2918 523 2981 empla
546 2917 816 2967 annotavit
841 2919 1046 2969 Cottius
1073 2921 1139 2969 ad
1157 2922 1315 2982 Ptin.
1330 2916 1424 2972 ‘E-

344 2991 476 3056 pist.
514 3007 598 3056 1¹.-
648 2998 727 3043 13.
774 2999 855 3045 16.
903 2994 970 3045 ad
1009 2998 1221 3049 Sallust.
1261 2997 1422 3049 'cuttu

354 3081 522 3119 xxxr.
558 3073 606 3119 7.
639 3077 696 3121 et
725 3071 789 3121 ad
826 3071 939 3121 Cic.
972 3072 1117 3123 Fam.
1154 3088 1217 3123 ιι.
1252 3077 1336 3125 1³.
1369 3081 1422 3126 4.

347 3145 525 3213 Etiam
555 3146 787 3197 Gronov.
829 3148 1058 3199 Observ.
1095 3163 1159 3200 ιι.
1191 3155 1242 3202 7.
1281 3167 1421 3217 qute-

349 3221 471 3272 dam
497 3224 737 3285 exempla
764 3225 1088 3289 suppeditat,
1122 3227 1209 3276 nbi
1236 3241 1422 3292 prono·

349 3311 473 3348 men
499 3313 550 3348 se
572 3299 1006 3351 subaudiendum.
1075 3303 1249 3355 Quid?
1283 3305 1418 3368 quod

348 3372 576 3424 fortasse
621 3374 707 3423 hie
749 3375 908 3425 etiam
949 3377 1222 3428 subaudiri
1253 3379 1423 3443 possit

345 3467 486 3511 eum5
521 3452 669 3518 qnasi
699 3453 897 3503 dietum
924 3454 1014 3516 sit,
1049 3456 1175 3521 Quis
1205 3473 1309 3507 eum
1337 3473 1424 3507 ex·

344 3528 537 3579 siluisse
587 3529 772 3578 sensit?
833 3530 1044 3580 Etenim
1099 3548 1208 3596 prae
1265 3534 1421 3584 nimio

348 3604 542 3668 gaudio
563 3619 716 3655 nemo
735 3604 1026 3657 advertisse
1044 3609 1274 3673 videtur,
1295 3611 1419 3673 quid

348 3680 461 3743 ipse
485 3679 706 3740 fecerit3
743 3681 866 3746 quid
890 3681 1118 3736 fecerint
1139 3686 1246 3735 alii·
1295 3687 1419 3738 Huc

348 3757 619 3820 pertinent
665 3759 756 3808 illa.
790 3759 1093 3811 Mamertini
1134 3762 1311 3824 verba,
1352 3764 1416 3813 ad

343 3833 547 3885 initium
585 3835 734 3899 liujus
769 3837 960 3899 capitis
1008 3838 1193 3900 citata,
1230 3840 1417 3902 quibus

344 3911 433 3960 ille
457 3911 593 3960 hunc
616 3912 774 3959 Plinii
797 3912 964 3960 locum
986 3915 1258 3964 aemulatus
1279 3915 1419 3966 vide·

345 3995 471 4038 tur.
507 3986 653 4035 ‘Illa
666 3987 899 4050 jactatio
924 3995 1181 4053 togarum,
1215 3992 1304 4041 illa
1327 4006 1419 4041 ex-

345 4061 538 4112 ultatio
561 4077 855 4126 corporum,
877 4065 1232 4114 nescientibus
1267 4081 1418 4130 paeue

344 4138 658 4197 homiuibus,
695 4139 1064 4189 excitabatur)
1132 4142 1219 4190 De
1259 4143 1419 4193 verbo

347 4213 596 4263 exsiluisse
626 4213 737 4276 jam
772 4228 950 4276 supra,
974 4213 1038 4264 ad
1065 4228 1216 4267 mxvi-
1241 4222 1288 4269 1.
1311 4232 1418 4286 ιιοιι

348 4289 475 4339 nihil
501 4289 765 4340 annotavi.
798 4289 950 4341 Idem.

1566 541 1807 592 Instinctu
1825 541 2054 606 quod-su]
2072 537 2137 592 In
2155 538 2418 594 codicibus
2435 543 2567 595 Mss.

1498 615 1756 668 Vatieano
1798 621 1949 668 3461.
1985 618 2191 669 Veneto
2219 621 2272 668 2.
2311 628 2367 669 et
2402 618 2566 671 Guel-

1501 693 1683 755 plterb.
1702 708 1798 756 pro
1820 696 2022 760 quodam
2054 694 2305 757 seriptum
2330 701 2414 746 est
2435 711 2567 760 ‘1¹⁸oe-

1498 769 1629 830 dam,
1671 770 1817 834 qnasi
1861 771 2033 833 legere
2066 770 2367 828 debeamus,
2403 773 2567 823 Multa

1487 842 1697 904 fecimus
1717 851 1883 909 sponte
1894 861 1916 906 ‚·
1940 847 2089 911 plura
2111 847 2364 899 instinctu
2383 863 2401 910 ς
2423 864 2568 914 quae·

1499 919 1621 970 dam
1660 928 1713 971 et
1739 922 1975 987 imperio.
2036 923 2142 973 Sed
2167 923 2292 974 nihil
2317 925 2565 975 innovan-

1499 995 1620 1046 dum
1644 997 1799 1047 estin
1825 1000 2054 1050 lectione
2091 1001 2321 1064 vulgata.
2385 999 2569 1063 Sponte

1499 1072 1693 1136 aliquid
1733 1072 1910 1124 facere
1955 1075 2223 1134 dicuutur,
2268 1077 2357 1141 qui
2399 1077 2568 1128 libera

1499 1148 1771 1199 voluntate
1808 1158 1865 1200 et
1908 1151 2132 1201 scientes
2178 1151 2567 1219 prudentesque

1499 1233 1679 1287 agunt.
1745 1226 1837 1275 Sic
1880 1227 2048 1278 Varro
2090 1227 2157 1277 de
2198 1228 2261 1277 Ι..
2307 1229 2370 1279 Ι...
2418 1243 2472 1287 v.
2513 1234 2567 1283 7.

1497 1301 1798 1364 ‘Spondeo‚
1831 1318 1863 1352 a
1896 1310 2125 1368 sponte;
2156 1319 2275 1354 nam
2315 1305 2368 1354 id
2403 1309 2567 1372 valet,

1500 1375 1805 1427 voluntate-³
1874 1378 1958 1428 Ab
1986 1378 2065 1428 his
2086 1379 2279 1429 diversi
2315 1388 2456 1442 sunt,
2477 1383 2569 1449 qui

1499 1467 1641 1504 οεοῦ
1673 1461 1879 1504 naturae
1914 1469 2044 1517 snae,
2065 1457 2148 1505 vel
2184 1463 2403 1506 externo
2437 1459 2567 1511 alio-

1498 1543 1609 1580 rum
1632 1530 1891 1582 hominnm
1912 1531 2184 1594 instinctu,
2216 1534 2327 1582 sive
2350 1535 2565 1598 instiga·

1501 1604 1664 1668 tione,
1700 1614 1794 1656 aut
1821 1608 1969 1674 quasi
2003 1608 2054 1658 vi
2087 1616 2142 1659 et
2166 1609 2383 1673 imperio
2408 1608 2567 1661 affec-

1498 1689 1646 1733 tuum
1682 1697 1909 1743 suornm,
1946 1685 2134 1750 quibus
2165 1700 2267 1735 non
2289 1686 2445 1738 facile
2484 1703 2567 1738 re-

1497 1760 1610 1810 sisti
1633 1767 1826 1825 potest,
1848 1771 2026 1826 agunt.
2066 1765 2378 1828 Hujusmodi
2401 1780 2566 1830 oppo-

1497 1838 1598 1888 sita
1620 1840 1855 1902 legimus,
1870 1854 1919 1890 v.
1937 1854 1989 1904 g.
2013 1842 2151 1904 apud
2167 1842 2381 1892 Terent.
2396 1842 2567 1893 Andr.

1496 1928 1577 1965 tv.
1600 1919 1651 1965 2.
1671 1919 1722 1964 9.
1751 1917 1767 1945 ⁶
1794 1916 1930 1980 Age,
1963 1917 2008 1968 si
2039 1918 2122 1968 hie
2144 1932 2245 1969 non
2270 1920 2462 1969 insanit
2484 1934 2567 1970 sa·

1499 1993 1567 2042 tis
1601 2007 1695 2043 sua
1725 2001 1931 2057 sponte,
1964 1994 2194 2059 instiga!
2262 1995 2489 2060 Adelph.
2522 2009 2565 2047 ι.

1499 2073 1547 2118 1.
1567 2074 1652 2120 «19.
1683 2075 1701 2100 ‘
1726 2070 1846 2121 Hoc
1868 2071 2100 2135 patrium
2116 2079 2197 2123 est
2221 2073 2416 2137 potins,
2439 2088 2563 2123 con-

1493 2146 1770 2198 suefacere
1813 2147 1997 2210 tilium,
2038 2162 2132 2199 sua
2176 2157 2365 2214 sponte
2418 2157 2564 2200 recte

1497 2222 1697 2284 faeere,
1751 2240 1904 2288 quam
1962 2226 2134 2276 alieno
2182 2224 2360 2276 metu.'
2425 2225 2567 2276 Item

1498 2300 1639 2364 apud
1664 2300 1779 2351 Cic.
1802 2300 1869 2350 de
1888 2302 2011 2352 Nat.
2033 2303 2198 2352 Deor.
2215 2316 2281 2354 11.
2307 2306 2388 2352 12.
2407 2304 2422 2331 ⁸
2441 2303 2567 2354 Pla·

1497 2378 1607 2426 toni
1639 2378 1832 2441 placet,
1862 2377 1992 2428 duos
2026 2393 2141 2429 esse
2173 2387 2370 2441 motus;
2406 2394 2566 2430 unum

1496 2468 1663 2510 snum,
1684 2456 1907 2504 alterum
1923 2464 2197 2507 externum
2218 2472 2233 2505 ε
2258 2469 2369 2506 esse
2388 2467 2567 2509 autem

1496 2530 1739 2587 divinius,
1760 2531 1898 2595 quod
1923 2533 2089 2594 ipsum
2108 2546 2175 2582 ex
2193 2547 2250 2583 se
2272 2547 2364 2583 sua
2377 2543 2569 2597 sponte

1438 2615 1446 2619 ’
1496 2612 1789 2663 moveatur,
1809 2620 1958 2671 quam
1981 2607 2120 2671 qnod
2151 2611 2300 2672 pulsu
2335 2610 2569 2673 agitetur
2657 2618 2673 2626 ‘⁴

1498 2680 1705 2730 alieno)
1773 2682 1863 2732 Sic
1906 2696 2031 2731 vero
2069 2683 2229 2734 etiam
2266 2684 2567 2749 cupiditati,

1497 2757 1707 2822 gaudio,
1725 2757 1943 2822 aliisque
1965 2756 2260 2824 affectibus,
2283 2760 2566 2811 dominium

1496 2844 1555 2885 et
1601 2835 1896 2900 imperium,
1937 2850 1998 2886 ae
2051 2837 2290 2900 quedam
2346 2838 2568 2901 cogendi

1498 2910 1593 2970 vis,
1612 2913 1889 2977 aliquando
1915 2913 2072 2963 tribui
2106 2914 2260 2963 solet.
2327 2914 2438 2965 Cic.
2462 2914 2567 2965 Pa-

1495 2987 1678 3038 radox.
1700 3002 1753 3038 v.
1776 2988 1793 3017 ‘
1819 2988 1920 3039 Illa
1931 2988 2199 3054 cupiditas
2223 2990 2451 3054 honoris,
2475 2990 2571 3040 im·

1497 3065 1655 3129 perii,
1691 3066 2093 3129 provinciarum,
2128 3082 2281 3131 quam
2321 3068 2452 3118 dura
2486 3074 2568 3120 est

1494 3142 1738 3192 dominal
1776 3157 1930 3208 quam
1954 3142 2266 3208 imperiosa!
2302 3159 2454 3210 quum
2479 3161 2567 3196 ve-

1494 3219 1735 3268 hemens!
1781 3220 2018 3284 Cethego
2038 3251 2056 3270 .
2083 3254 2098 3270 .
2126 3256 2140 3271 .
2164 3223 2361 3273 servire
2390 3223 2569 3288 coegit

1495 3284 1607 3358 eo's,
1629 3296 1718 3361 qui
1744 3296 1843 3347 sibi
1858 3312 1978 3348 esse
2000 3298 2301 3361 amplissimi
2319 3301 2569 3352 videban-

1497 3375 1621 3425 «ιιι-3
1686 3376 1958 3426 Ennodius
1982 3376 2157 3440 Epist.
2178 3391 2235 3427 v.
2261 3382 2343 3428 16.
2376 3387 2392 3411 ⁶
2416 3380 2568 3443 Msg‘·

1495 3464 1563 3501 na
1592 3459 1715 3502 snut
1751 3452 2058 3514 gaudiorum
2084 3453 2340 3516 imperia:
2376 3469 2568 3520 expers

1494 3536 1579 3578 est
1602 3528 1938 3593 continentias
1956 3528 2209 3593 hilaritas,
2234 3541 2286 3579 et
2307 3533 2360 3582 in
2387 3546 2567 3584 vocem

1494 3606 1655 3668 gestit
1681 3619 1974 3668 erumpere.
1977 3604 2181 3655 Ἰάειη.

1495 3700 1505 3705 ·
1561 3681 1811 3729 Ιιιεείιιοιιι
1842 3681 2068 3744 quodam]
2104 3682 2241 3731 Nam
2277 3656 2479 3734 animus
2513 3683 2566 3735 in

1494 3756 1686 3820 gaudio
1733 3758 1956 3806 emicans
1998 3762 2055 3805 et
2095 3758 2410 3820 subsultans,
2452 3774 2568 3810 eor·

1493 3846 1593 3896 pus
1617 3831 1854 3894 ignarum
1877 3837 1934 3881 et
1955 3846 2107 3896 paene
2129 3832 2346 3883 invitum
2369 3847 2437 3884 eo
2469 3835 2568 3885 du·

1492 3910 1585 3959 cit·
1618 3908 1755 3972 Lips-

1492 4002 1501 4010 ·
1560 3987 1711 4046 Nam,
1750 3989 1928 4049 quanto
1982 3986 2163 4050 magis]
2222 3986 2337 4037 Νοιι
2389 3995 2567 4052 quanto

1493 4062 1651 4123 magis
1672 4062 1739 4111 V.
1775 4061 1943 4110 Livia.

1561 4139 1695 4188 Nom
1727 4142 1908 4199 quanto
1939 4133 2121 4198 magis]
2157 4136 2220 4185 In
2255 4137 2456 4189 duobus
2478 4155 2568 4192 co-

1493 4214 1698 4265 dicibus
1728 4213 1965 4269 Venetis,
1988 4214 2112 4262 item
2150 4211 2449 4277 parisiensi,
2470 4218 2568 4267 Sa.

1490 4290 1827 4355 munigenitus,
1846 4302 1985 4354 meo,
1999 4294 2055 4338 et
2070 4289 2122 4338 in
2138 4288 2268 4340 libro
2279 4290 2568 4360 vossiano,

2972 3830 2989 3981 ..eam

2951 4682 2952 4700 ⁴
2953 4632 2958 4643 Γ
2953 4066 2974 4583 *ιᾼιπ-ι-π-Ἲ-τ-ῄ-η--ΠΪ
2971 4022 2976 4045 Y
