3017 4942
462 373 472 379 ’
494 409 649 482 836,-

496 569 659 621 ᾱειε.’
691 571 821 621 Cum
863 570 925 622 C.
960 570 1121 621 Silius
1161 572 1415 637 jactaret,
1460 588 1563 623 non
1627 553 1634 562 ’

452 683 455 692 ,
495 662 795 698 mansurum
825 647 988 698 fuisse
1025 649 1239 701 Tiberio
1272 651 1570 715 imperium,

1187 429 1410 479 ⁸0¹1·AE
1460 429 1874 481 vsluolwtot
1925 432 2005 482 m

1714 574 1935 642 Obliga,
1972 574 2225 642 obliger-is]
2277 574 2491 627 Scilicet
2531 577 2721 641 obliget

1647 651 1770 702 alios
1794 652 2080 718 beneflciis,
2103 663 2162 705 nt
2181 655 2278 705 tibi
2306 654 2535 705 debeant
2552 671 2570 716 ς
2590 655 2710 704 obli·

498 727 541 776 si
562 727 665 776 suis
690 741 892 791 qnoque
926 727 1215 790 legionibus
1259 729 1451 791 cupido
1477 745 1568 779 no·
1641 729 1779 789 geris
1798 729 1864 776 ab
1879 729 2118 793 aliis‚per
2135 731 2289 780 fidem
2310 739 2366 780 et
2383 732 2716 796 obsequium,

498 803 655 856 vandi
684 803 912 868 fuisset,
945 812 960 835 ‘
984 807 1177 855 destrui
1203 821 1296 870 per
1327 806 1439 856 baec
1463 806 1571 857 for-

499 890 678 933 tunam
711 896 855 932 suam
894 883 1094 940 Caessr,
1130 884 1480 948 imparemque
1515 898 1572 934 se

498 967 649 1010 tento
686 960 898 1020 merito,
943 961 1175 1011 rebatur.
1246 961 1367 1011 Non
1415 961 1573 1010 bene·

497 1035 619 1089 ficia
644 1050 705 1087 eo
731 1038 1049 1101 usqne-laetn
1084 1045 1224 1100 sunt,
1246 1039 1366 1087 dum
1393 1038 1572 1088 viden·

500 1118 588 1161 tur
626 1113 820 1162 exsolvi
848 1129 1031 1177 posse3
1070 1114 1155 1163 ubi
1182 1116 1399 1164 multum
1426 1124 1572 1165 ante-

500 1204 716 1252 venere,
748 1205 845 1255 pro
889 1193 1059 1255 gratia
1086 1192 1259 1241 odium
1297 1192 1575 1243 redditur.’

499 1279 734 1342 Tacitus,
754 1279 943 1330 Annai.
966 1280 1058 1329 lib.
1078 1295 1156 1330 lv.
1182 1296 1298 1344 cap.
1319 1286 1398 1333 18.
1442 1282 1574 1331 Ges-

501 1354 576 1406 tio
596 1356 909 1419 leger-efflat,
925 1356 970 1406 σι’
983 1362 1138 1420 putet,
1164 1363 1217 1406 ut
1239 1363 1381 1407 amet.
1406 1357 1575 1407 Idem.

544 1431 737 1496 Amet]
775 1431 1029 1497 Princeps
1066 1440 1255 1494 potens
1292 1431 1574 1482 beneficio·

499 1522 615 1559 rum
637 1511 883 1571 omnium,
905 1511 1016 1575 ipse
1041 1518 1189 1561 extra
1213 1520 1408 1560 sortem
1434 1511 1574 1574 capi-

501 1583 625 1633 endi
650 1584 885 1634 videtur:
921 1584 1044 1650 qnid
1080 1585 1122 1634 si
1158 1592 1327 1635 tamen
1352 1587 1577 1649 ceperit,

502 1669 596 1711 ιιιι
629 1661 832 1725 cepisse
867 1663 1053 1725 putet?
1088 1675 1186 1710 non
1212 1670 1372 1724 amat,
1394 1662 1580 1726 inquit,

499 1735 554 1784 id
590 1743 690 1800 est,
714 1737 826 1787 odit
849 1753 955 1799 eos,
985 1737 1171 1804 quibus
1205 1746 1356 1802 putat
1392 1752 1448 1786 se
1485 1738 1579 1787 de-

499 1812 648 1862 bere.
713 1815 848 1864 Nam
883 1822 899 1845 ‘
921 1815 1117 1865 destrui
1152 1829 1246 1878 per
1266 1815 1379 1864 haec
1406 1813 1574 1864 fortu-

500 1904 621 1940 nam
643 1907 787 1942 suam
810 1892 1172 1954 ei·bitrantur,’
1206 1895 1279 1942 ait
1304 1893 1578 1958 quispiam,

504 1968 521 1995 ‘
548 1974 604 2016 et
650 1968 832 2018 talium
880 1978 1137 2032 auctores,
1182 1971 1328 2034 quasi
1388 1978 1599 2033 expro·‘

505 2041 739 2103 brantes,
762 2044 1081 2094 cernuntur.'
1115 2045 1252 2107 Lips.

571 2119 643 2167 Et
663 2121 823 2169 solvis.
892 2120 1011 2184 Sed,
1040 2135 1145 2168 cum
1162 2119 1262 2182 ter]
1301 2120 1435 2169 Fere
1473 2135 1580 2169 ma·

503 2195 615 2258 iim,
655 2197 724 2245 Et
759 2195 932 2245 solvis.-
967 2201 1016 2246 et
1056 2211 1161 2246 cum
1200 2200 1293 2253 ter,
1324 2199 1406 2260 ξε.
1441 2197 1580 2248 Gru·

509 2278 672 2322 terus.

572 2348 804 2398 Fortunae
842 2347 962 2410 true]
998 2349 1135 2398 Nam
1171 2355 1251 2415 tu,
1275 2366 1463 2416 magna
1500 2366 1579 2401 re·

507 2424 810 2483 tribuendo,
848 2425 1011 2476 efficis
1051 2433 1107 2475 ιιι
1144 2442 1329 2492 magna
1368 2429 1580 2478 videan-

509 2509 613 2559 tur,
642 2519 756 2566 quae
783 2505 1032 2553 tribuere.
1068 2505 1204 2567 Lips.

574 2579 636 2628 In
656 2579 832 2644 maius]
869 2580 932 2629 In
959 2581 1145 2630 codice
1170 2582 1378 2632 Veneto
1394 2587 1441 2631 1.
1464 2582 1594 2632 viti·.

506 2668 596 2705 ose
632 2656 884 2721 scriptum
918 2664 1000 2707 est
1038 2659 1087 2707 in
1120 2673 1303 2707 manus.
1349 2659 1582 2708 Schwar-

508 2733 641 2784 zius.

570 2812 613 2862 Δ
660 2818 708 2862 te
744 2811 937 2876 recipit]
970 2813 1062 2863 Sic
1105 2813 1360 2877 scriptum
1404 2820 1485 2863 est
1527 2814 1582 2863 in

511 2886 778 2937 codicibus
812 2889 1101 2948 Vaticanis,
1138 2890 1375 2954 Venetis,
1416 2891 1582 2941 Guel-

508 2963 859 3027 plierbytano,
880 2971 935 3013 et
958 2980 1073 3013 meo
1098 2982 1114 3026 ;
1145 2966 1219 3013 sic
1246 2967 1399 3015 etiam
1425 2981 1594 3016 excit·-

512 3053 625 3086 sum
650 3046 730 3087 est
756 3039 805 3087 in
835 3040 1069 3102 plurimis
1105 3041 1441 3092 editionibus.
1509 3043 1586 3092 At

510 3128 612 3163 non
658 3115 820 3164 multo
868 3116 1138 3178 pauciores
1177 3118 1296 3166 libri
1344 3118 1585 3181 impressi

513 3189 714 3239 liabent
752 3192 967 3253 νεαρξη
1013 3193 1201 3255 quibus
1240 3208 1269 3242 e
1313 3194 1584 3244 codicibus

517 3266 653 3314 Mss.
691 3269 1041 3317 assentiuntur
1066 3269 1399 3334 Parisiensis,
1428 3273 1585 3321 Salis-

511 3341 806 3404 burgensis,
847 3350 901 3392 et
933 3343 1065 3393 liber
1100 3346 1400 3397 Vossianus.
1436 3349 1589 3399 Inter

515 3419 820 3483 impressos,
844 3421 954 3485 Gry
966 3422 1112 3484 phius
1138 3438 1221 3473 an.
1245 3429 1392 3474 1531.
1415 3425 1587 3477 edidit

516 3500 716 3560 ΠϊῐμίΗ
756 3516 836 3544 flu.
868 3502 1009 3548 1542.
1032 3501 1225 3564 recepit.
1294 3502 1587 3565 Suspensas

516 3576 628 3624 fei-⁵2.
656 3576 812 3624 haheo
840 3576 1083 3632 rationes,
1115 3585 1283 3627 utram
1307 3578 1586 3629 lectionem

520 3656 808 3700 resilirem:
856 3653 1060 3701 [aridem
1087 3661 1258 3703 tamen
1295 3670 1389 3718 pro
1427 3655 1587 3706 verbo

520 3732 792 3792 prim-enus
840 3731 1082 3794 [emporis
1138 3746 1254 3780 cum
1303 3732 1590 3782 Arntzenlo

520 3808 961 3868 prunnmiiamlnm
1018 3821 1227 3867 censeo,
1278 3807 1398 3872 quia
1453 3808 1588 3858 istud

523 3900 752 3944 praesens
780 3884 954 3932 :ln-5¹:50
979 3884 1100 3947 quid
1134 3884 1336 3934 acutius
1362 3881 1589 3946 afferat3

524 3960 684 4008 veluti
736 3964 874 4008 diunt
920 3961 1141 4022 Plinius,
1184 3975 1246 4009 eo
1288 3960 1420 4023 ipso,
1466 3961 1590 4010 dum

524 4040 708 4100 aliq-iis
736 4052 760 4080 :⁴-
788 4040 1016 4100 'I'rujauo
1039 4037 1235 4099 recipiat
1262 4037 1592 4102 beneficium,

528 4116 576 4160 id
604 4132 716 4160 uum
748 4116 908 4172 gratis
940 4110 1123 4162 officiis
1143 4114 1366 4177 Trajano
1391 4117 1593 4177 praesil-

524 4192 592 4236 tis
620 4192 868 4236 mer-uisse
896 4189 1091 4250 videri3
1126 4196 1421 4252 propterea,
1453 4192 1592 4255 quod

524 4268 608 4316 liin
644 4264 884 4326 prinecps
918 4266 1276 4314 non·cumulet
1316 4267 1593 4318 honoribus

528 4352 580 4392 nt
608 4340 892 4396 beneficiis,
916 4340 1009 4390 nisi
1036 4341 1170 4391 bene
1189 4343 1417 4396 merito&
1443 4345 1596 4397 Idem.

480 4547 621 4660 ba.

1646 818 1707 854 ac
1741 814 1890 867 grata
1930 804 2101 856 officia
2135 807 2228 856 tibi
2265 807 2524 871 praestita,
2560 815 2618 857 ιιι
2656 814 2714 856 tn

1647 882 1729 944 iis,
1750 891 1991 948 tanquam
2026 883 2094 933 de
2131 892 2184 933 te
2219 883 2349 934 bene
2372 885 2594 947 meritis,
2620 884 2714 933 de·

1648 957 1770 1008 bere
1797 961 2038 1010 videaris.
2073 961 2135 1010 In
2160 962 2587 1025 Berneggeriana
2604 961 2714 1010 edi-

1649 1037 1808 1099 tione,
1830 1038 1953 1087 item
1981 1037 2273 1100 Hackiana,
2295 1046 2347 1088 et
2368 1038 2716 1098 Gesneriana,

1649 1115 1891 1162 omissum
1939 1122 2017 1164 est
2062 1115 2271 1164 verbum
2315 1115 2531 1178 obliges,-
2576 1114 2714 1181 quod

1649 1205 1773 1241 vero
1791 1197 2019 1241 erratum
2043 1192 2307 1243 Gesner-ns
2328 1194 2378 1241 in
2405 1193 2625 1256 epistola
2649 1193 2714 1241 de

1649 1282 1743 1316 sua
1789 1267 1948 1317 Plinii
1992 1268 2222 1319 editione
2263 1270 2584 1319 emendavit.
2652 1270 2716 1320 In

1648 1344 1833 1394 codice
1853 1345 2324 1412 Guelpbcrbytano
2353 1348 2607 1410 scriptum
2637 1354 2718 1396 est

1648 1422 1844 1483 obliges,
1883 1423 2197 1487 obligerisque
2213 1440 2233 1483 ,-
2270 1426 2404 1490 quod
2444 1439 2548 1473 non
2593 1425 2723 1474 satis

1653 1497 1848 1562 placet,
1886 1501 2004 1562 quia
2038 1514 2159 1551 mox
2195 1501 2432 1565 sequitur
2460 1501 2720 1550 incertum-

1650 1589 1767 1642 qtae.⁸
1822 1576 1995 1640 Magis
2030 1576 2227 1626 arridet
2261 1577 2419 1626 lectio
2453 1577 2505 1626 in
2537 1576 2725 1627 codice
2827 1608 2832 1613 -

1654 1652 1906 1702 Vaticano
1944 1657 2091 1704 1776.
2145 1653 2344 1716 Semper
2375 1652 2575 1715 obliges,
2598 1667 2721 1702 sem-

1648 1743 1736 1792 per
1757 1729 2004 1791 obligeris.
2040 1729 2210 1780 Idem.

1720 1806 1907 1856 Debere
1929 1806 2044 1871 tibi]
2067 1807 2128 1856 In
2151 1805 2331 1859 codiee
2347 1808 2556 1857 Veneto
2575 1807 2723 1858 Lde·

1653 1889 1737 1932 est
1759 1897 2040 1946 pronomen
2063 1883 2156 1933 tibi
2172 1899 2193 1940 ;
2230 1883 2367 1947 quod
2394 1897 2518 1932 vero
2541 1885 2726 1949 majori

1656 1959 2016 2021 perspicuitati
2055 1960 2291 2010 inseruit.
2360 1960 2425 2010 In
2471 1961 2723 2012 Beroaldi

1655 2035 1907 2097 editione,
1946 2050 2042 2100 pro
2077 2037 2263 2099 debere,
2297 2037 2491 2101 legitur
2513 2037 2725 2096 'tabern

1653 2113 1743 2163 sed
1783 2114 2051 2164 mendose.
2107 2115 2372 2172 Ceterum,
2416 2124 2583 2165 recte-
2608 2116 2732 2167 haec,

1657 2190 1816 2241 verba
1830 2192 2061 2254 explicat
2081 2191 2321 2256 Lipsius:
2347 2206 2538 2255 nempe
2556 2192 2727 2244 incer-

1658 2273 1766 2326 tum
1791 2268 2106 2334 dubiumque
2130 2268 2308 2325 facias,
2328 2275 2502 2319 utrum
2521 2269 2724 2319 civibus

1658 2346 1758 2396 tuis
1783 2345 1941 2408 magis
1964 2345 2216 2408 expediat
2240 2351 2294 2395 et
2317 2346 2448 2396 utile
2470 2347 2560 2401 sit,
2583 2347 2728 2411 ipsos

1655 2421 1831 2470 multis
1855 2436 1884 2470 ε
1909 2427 1960 2470 ιε
1978 2422 2231 2470 cumulari
2256 2420 2619 2485 devincirique
2639 2422 2739 2471 be-.

1656 2497 1873 2554 neticiis,
1906 2503 1964 2545 ut
1997 2496 2095 2547 tibi
2121 2496 2379 2557 debeant;
2420 2511 2485 2544 an
2513 2496 2725 2546 eosdem

1658 2574 1751 2623 tibi
1795 2573 2105 2637 praestitisse
2150 2572 2401 2636 obsequia
2444 2577 2501 2622 et
2551 2571 2727 2622 fidelis

1656 2647 1845 2704 officia,
1877 2664 1992 2714 quoe
2019 2657 2076 2699 ιιι
2110 2649 2518 2699 cumulatissime
2555 2662 2730 2698 remn-
2756 2664 2760 2668 ·

1660 2726 1877 2778 neret-is.
1929 2726 2115 2777 Debere
2145 2727 2356 2790 ponitur
2391 2740 2488 2790 per
2523 2743 2739 2785 nermo·-

1656 2805 1786 2872 μίαν,
1811 2816 2055 2872 tanquam
2073 2806 2291 2857 effectus
2309 2814 2365 2857 et
2385 2821 2731 2872 consequens,

1660 2899 1757 2948 pro
1781 2885 2145 2947 antecedente,
2182 2884 2234 2934 id
2260 2892 2362 2947 est,
2393 2899 2511 2948 pro,
2535 2884 2737 2935 benefi-

1659 2961 1751 3010 ciis
1773 2962 1963 3018 ornari.
1986 2961 2334 3026 obligariqu03
2358 2963 2449 3012 et‘.
2470 2970 2733 3026 praestare

1661 3035 1756 3086 tibi
1775 3035 1789 3056 '
1810 3036 1995 3087 eodem
2012 3045 2162 3102 tropo
2183 3038 2392 3102 ponitur
2411 3053 2510 3103 pro
2529 3045 2584 3088 ιε
2609 3040 2626 3068 ‘
2643 3039 2735 3089 de·

1661 3113 1886 3177 mereri,'
1907 3120 2018 3178 aut,
2035 3114 2086 3163 in
2104 3120 2156 3165 te
2175 3114 2370 3179 aliquid
2387 3121 2596 3178 gratum
2612 3130 2736 3167 con-

1663 3187 1862 3238 tulisse.
1899 3190 2048 3240 Idem.

1728 3266 1916 3316 Debere
1941 3267 2057 3330 tibi]
2095 3267 2297 3329 Acute;
2339 3267 2392 3318 id
2429 3274 2532 3332 est,
2559 3277 2735 3320 utrum

1663 3343 1839 3393 utilius
1864 3346 1932 3394 sit
1969 3345 2138 3401 nobis,
2175 3345 2378 3409 cepisse
2402 3360 2434 3394 a
2459 3353 2512 3395 te
2540 3346 2740 3396 benefi-

1665 3421 1822 3483 cium,
1865 3421 2004 3486 quod
2043 3429 2122 3472 est
2159 3422 2354 3480 debere3
2397 3436 2464 3471 an
2510 3423 2738 3487 dedisse,

1667 3499 1788 3562 quia
1811 3499 1905 3547 boc
1932 3506 2242 3562 presentem
2268 3515 2386 3550 mox
2414 3498 2647 3551 fructum
2683 3509 2739 3552 et

1667 3575 2134 3625 remunerationem
2173 3577 2346 3626 trabit.
2375 3612 2379 3617 .
2411 3578 2623 3628 Dedisse
2650 3593 2738 3628 an·

1667 3658 1772 3702 tem
1797 3653 1879 3701 hic
1904 3660 1983 3702 est
2009 3659 2023 3682 ‘
2045 3653 2388 3717 praestitisse?
2419 3654 2561 3718 Lips.

1735 3728 1869 3777 cn.
1894 3741 2009 3777 Lxr.
2058 3729 2340 3793 Antiquam]
2381 3727 2523 3777 Ante
2551 3729 2740 3792 princi-

1668 3819 1794 3868 pes:
1823 3820 1939 3854 cum
1966 3804 2113 3854 multi
2139 3805 2499 3855 consulatibus
2520 3805 2601 3855 sic
2619 3820 2751 3856 auc·-

1670 3880 1728 3930 ti.
1764 3881 1899 3944 Lips.

1731 3956 2010 4022 Assidente]
2053 3957 2218 4009 Juxta
2263 3963 2404 4007 tuam
2447 3958 2650 4009 sellam.
2685 3960 2737 4008 I·

1667 4037 1792 4084 dem.

1738 4112 1831 4162 Ter
1871 4115 2054 4162 consule
2098 4113 2360 4176 assidente]
2408 4113 2515 4163 Hic
2559 4117 2736 4165 consul

1670 4188 1902 4238 assidens
1927 4186 2028 4238 suit
2061 4190 2142 4238 Μ.
2165 4189 2336 4240 Julius
2360 4191 2582 4250 Fronto,
2615 4198 2747 4242 tnnc·

1669 4267 1848 4317 consul
1884 4266 2186 4324 ordinarius,
2231 4267 2322 4317 sed
2358 4267 2592 4319 secundo
2624 4268 2732 4318 loco

1669 4353 2032 4410 nuncupatus3
2063 4360 2182 4397 cum
2213 4345 2434 4427 pri-mum
2459 4347 2628 4400 locum
2650 4361 2741 4397 ca··
