<?xml version="1.0" encoding="UTF-8"?>
<!DOCTYPE html PUBLIC "-//W3C//DTD XHTML 1.0 Transitional//EN"
    "http://www.w3.org/TR/xhtml1/DTD/xhtml1-transitional.dtd">
<html xmlns="http://www.w3.org/1999/xhtml" xml:lang="en" lang="en">
 <head>
  <title>
</title>
<meta http-equiv="Content-Type" content="text/html;charset=utf-8" />
  <meta name='ocr-system' content='tesseract 3.04.00' />
  <meta name='ocr-capabilities' content='ocr_page ocr_carea ocr_par ocr_line ocrx_word'/>
</head>
<body>
  <div class='ocr_page' id='page_1' title='image "./panegyriciveter01unkngoog_0145.png"; bbox 0 0 3017 4942; ppageno 0'>
   <div class='ocr_carea' id='block_1_1' title="bbox 675 354 2082 426">
    <p class='ocr_par' dir='ltr' id='par_1_1' title="bbox 675 354 2082 426">
     <span class='ocr_line' id='line_1_1' title="bbox 675 354 2082 426; baseline -0.002 0"><span class='ocrx_word' id='word_1_1' title='bbox 675 371 684 384; x_wconf 79' lang='lat'><strong><em>‘</em></strong></span> <span class='ocrx_word' id='word_1_2' title='bbox 726 375 792 426; x_wconf 84' lang='lat' dir='ltr'><strong>c.</strong></span> <span class='ocrx_word' id='word_1_3' title='bbox 839 372 1085 425; x_wconf 70' lang='lat' dir='ltr'><strong>amun</strong></span> <span class='ocrx_word' id='word_1_4' title='bbox 1136 371 1475 425; x_wconf 71' lang='lat' dir='ltr'><strong>saeuum</strong></span> <span class='ocrx_word' id='word_1_5' title='bbox 1522 372 1802 422; x_wconf 60' lang='lat' dir='ltr'><strong>ranae.</strong></span> <span class='ocrx_word' id='word_1_6' title='bbox 1878 372 1926 419; x_wconf 85' lang='grc' dir='ltr'><strong>ι.</strong></span> <span class='ocrx_word' id='word_1_7' title='bbox 1971 354 2082 423; x_wconf 80' lang='lat'><strong>28.</strong></span> 
     </span>
    </p>
   </div>
   <div class='ocr_carea' id='block_1_2' title="bbox 283 517 1366 2113">
    <p class='ocr_par' dir='ltr' id='par_1_2' title="bbox 284 517 1365 1122">
     <span class='ocr_line' id='line_1_2' title="bbox 287 517 1357 585; baseline -0.002 -14"><span class='ocrx_word' id='word_1_8' title='bbox 287 534 391 571; x_wconf 83' lang='lat' dir='ltr'><strong>non</strong></span> <span class='ocrx_word' id='word_1_9' title='bbox 423 525 532 571; x_wconf 83' lang='lat' dir='ltr'><strong>tam</strong></span> <span class='ocrx_word' id='word_1_10' title='bbox 565 520 623 570; x_wconf 86' lang='lat' dir='ltr'><strong>id</strong></span> <span class='ocrx_word' id='word_1_11' title='bbox 652 534 800 571; x_wconf 86' lang='lat' dir='ltr'><strong>snum</strong></span> <span class='ocrx_word' id='word_1_12' title='bbox 825 520 990 572; x_wconf 78' lang='lat' dir='ltr'><strong>videri</strong></span> <span class='ocrx_word' id='word_1_13' title='bbox 1024 518 1189 571; x_wconf 86' lang='lat' dir='ltr'><strong>debet</strong></span> <span class='ocrx_word' id='word_1_14' title='bbox 1219 517 1357 585; x_wconf 82' lang='lat' dir='ltr'><strong>quod</strong></span> 
     </span>
     <span class='ocr_line' id='line_1_3' title="bbox 285 596 1358 665; baseline -0.003 -16"><span class='ocrx_word' id='word_1_15' title='bbox 285 599 525 655; x_wconf 83' lang='lat' dir='ltr'><strong>abstulit,</strong></span> <span class='ocrx_word' id='word_1_16' title='bbox 568 613 722 665; x_wconf 79' lang='lat' dir='ltr'><strong>quam</strong></span> <span class='ocrx_word' id='word_1_17' title='bbox 767 597 917 664; x_wconf 84' lang='lat' dir='ltr'><strong>quod·</strong></span> <span class='ocrx_word' id='word_1_18' title='bbox 948 596 1118 648; x_wconf 86' lang='lat' dir='ltr'><strong>dedit.</strong></span> <span class='ocrx_word' id='word_1_19' title='bbox 1196 597 1358 659; x_wconf 82' lang='lat' dir='ltr'><strong>Nam,</strong></span> 
     </span>
     <span class='ocr_line' id='line_1_4' title="bbox 289 672 1357 739; baseline -0.005 -15"><span class='ocrx_word' id='word_1_20' title='bbox 289 688 408 724; x_wconf 85' lang='lat' dir='ltr'><strong>cnm</strong></span> <span class='ocrx_word' id='word_1_21' title='bbox 430 675 574 724; x_wconf 84' lang='lat' dir='ltr'><strong>iatra</strong></span> <span class='ocrx_word' id='word_1_22' title='bbox 598 675 765 739; x_wconf 87' lang='lat' dir='ltr'><strong>ipsum</strong></span> <span class='ocrx_word' id='word_1_23' title='bbox 789 674 1061 724; x_wconf 78' lang='lat' dir='ltr'><strong>volvantur</strong></span> <span class='ocrx_word' id='word_1_24' title='bbox 1082 672 1326 729; x_wconf 85' lang='lat' dir='ltr'><strong>omnia,..</strong></span> <span class='ocrx_word' id='word_1_25' title='bbox 1341 704 1357 720; x_wconf 98' lang='lat'><strong>.</strong></span> 
     </span>
     <span class='ocr_line' id='line_1_5' title="bbox 286 748 1359 817; baseline -0.005 -16"><span class='ocrx_word' id='word_1_26' title='bbox 286 753 536 817; x_wconf 84' lang='lat' dir='ltr'><strong>quicquid</strong></span> <span class='ocrx_word' id='word_1_27' title='bbox 573 753 626 802; x_wconf 90' lang='lat' dir='ltr'><strong>in</strong></span> <span class='ocrx_word' id='word_1_28' title='bbox 661 751 802 801; x_wconf 86' lang='lat' dir='ltr'><strong>cives</strong></span> <span class='ocrx_word' id='word_1_29' title='bbox 832 756 1008 801; x_wconf 87' lang='lat' dir='ltr'><strong>manat</strong></span> <span class='ocrx_word' id='word_1_30' title='bbox 1040 764 1070 799; x_wconf 88' lang='lat' dir='ltr'><strong>a</strong></span> <span class='ocrx_word' id='word_1_31' title='bbox 1105 748 1359 813; x_wconf 72' lang='lat' dir='ltr'>principe,</span> 
     </span>
     <span class='ocr_line' id='line_1_6' title="bbox 286 823 1359 892; baseline -0.003 -16"><span class='ocrx_word' id='word_1_32' title='bbox 286 828 553 880; x_wconf 74' lang='lat' dir='ltr'><strong>redundat</strong></span> <span class='ocrx_word' id='word_1_33' title='bbox 578 829 634 882; x_wconf 86' lang='lat' dir='ltr'><strong>in</strong></span> <span class='ocrx_word' id='word_1_34' title='bbox 656 827 978 892; x_wconf 84' lang='lat' dir='ltr'><strong>principem;</strong></span> <span class='ocrx_word' id='word_1_35' title='bbox 1010 833 1066 876; x_wconf 89' lang='lat' dir='ltr'><strong>et</strong></span> <span class='ocrx_word' id='word_1_36' title='bbox 1090 824 1188 888; x_wconf 89' lang='lat' dir='ltr'><strong>rei,</strong></span> <span class='ocrx_word' id='word_1_37' title='bbox 1208 833 1261 873; x_wconf 90' lang='lat' dir='ltr'><strong>et</strong></span> <span class='ocrx_word' id='word_1_38' title='bbox 1283 823 1359 874; x_wconf 78' lang='lat' dir='ltr'><strong>fa-</strong></span> 
     </span>
     <span class='ocr_line' id='line_1_7' title="bbox 285 902 1358 965; baseline -0.006 -9"><span class='ocrx_word' id='word_1_39' title='bbox 285 919 405 961; x_wconf 69' lang='lat' dir='ltr'><strong>mae,</strong></span> <span class='ocrx_word' id='word_1_40' title='bbox 427 904 566 960; x_wconf 85' lang='lat' dir='ltr'><strong>bene</strong></span> <span class='ocrx_word' id='word_1_41' title='bbox 597 905 818 956; x_wconf 80' lang='lat' dir='ltr'><strong>consulit</strong></span> <span class='ocrx_word' id='word_1_42' title='bbox 844 902 1113 956; x_wconf 81' lang='lat' dir='ltr'><strong>munificus</strong></span> <span class='ocrx_word' id='word_1_43' title='bbox 1136 903 1358 965; x_wconf 88' lang='lat' dir='ltr'><strong>impera-</strong></span> 
     </span>
     <span class='ocr_line' id='line_1_8' title="bbox 289 979 1365 1043; baseline -0.003 -12"><span class='ocrx_word' id='word_1_44' title='bbox 289 986 390 1031; x_wconf 86' lang='lat' dir='ltr'><strong>tor.</strong></span> <span class='ocrx_word' id='word_1_45' title='bbox 440 981 707 1032; x_wconf 87' lang='lat' dir='ltr'><strong>Lucratur</strong></span> <span class='ocrx_word' id='word_1_46' title='bbox 727 980 862 1032; x_wconf 88' lang='lat' dir='ltr'><strong>enim</strong></span> <span class='ocrx_word' id='word_1_47' title='bbox 883 979 1115 1043; x_wconf 82' lang='lat' dir='ltr'><strong>gloriam.</strong></span> <span class='ocrx_word' id='word_1_48' title='bbox 1134 992 1250 1028; x_wconf 88' lang='lat' dir='ltr'><strong>cum</strong></span> <span class='ocrx_word' id='word_1_49' title='bbox 1269 979 1365 1029; x_wconf 71' lang='lat' dir='ltr'><strong>dat</strong></span> 
     </span>
     <span class='ocr_line' id='line_1_9' title="bbox 284 1056 1229 1122; baseline -0.004 -12"><span class='ocrx_word' id='word_1_50' title='bbox 284 1058 563 1122; x_wconf 80' lang='lat' dir='ltr'><strong>pecuniam</strong></span> <span class='ocrx_word' id='word_1_51' title='bbox 591 1056 952 1110; x_wconf 75' lang='lat' dir='ltr'><strong>reversuram.’</strong></span> <span class='ocrx_word' id='word_1_52' title='bbox 985 1057 1229 1107; x_wconf 73' lang='lat' dir='ltr'><strong>Schworz.</strong></span> 
     </span>
    </p>

    <p class='ocr_par' dir='ltr' id='par_1_3' title="bbox 283 1133 1361 1505">
     <span class='ocr_line' id='line_1_10' title="bbox 355 1133 1358 1198; baseline -0.001 -13"><span class='ocrx_word' id='word_1_53' title='bbox 355 1136 511 1197; x_wconf 64' lang='lat' dir='ltr'><strong>Cadus</strong></span> <span class='ocrx_word' id='word_1_54' title='bbox 538 1135 639 1198; x_wconf 81' lang='lat' dir='ltr'><strong>est]</strong></span> <span class='ocrx_word' id='word_1_55' title='bbox 678 1136 809 1186; x_wconf 86' lang='lat' dir='ltr'><strong>Sen.</strong></span> <span class='ocrx_word' id='word_1_56' title='bbox 844 1136 980 1187; x_wconf 88' lang='lat' dir='ltr'><strong>Ben.</strong></span> <span class='ocrx_word' id='word_1_57' title='bbox 1012 1148 1112 1186; x_wconf 80' lang='lat' dir='ltr'><strong>vu.</strong></span> <span class='ocrx_word' id='word_1_58' title='bbox 1146 1139 1204 1184; x_wconf 80' lang='lat'><strong>4.</strong></span> <span class='ocrx_word' id='word_1_59' title='bbox 1239 1133 1358 1185; x_wconf 84' lang='lat' dir='ltr'><strong>‘Ad</strong></span> 
     </span>
     <span class='ocr_line' id='line_1_11' title="bbox 283 1210 1360 1277; baseline 0.001 -16"><span class='ocrx_word' id='word_1_60' title='bbox 283 1225 439 1277; x_wconf 82' lang='lat' dir='ltr'><strong>reges</strong></span> <span class='ocrx_word' id='word_1_61' title='bbox 469 1218 711 1277; x_wconf 74' lang='lat' dir='ltr'><strong>potestas</strong></span> <span class='ocrx_word' id='word_1_62' title='bbox 736 1213 960 1266; x_wconf 81' lang='lat' dir='ltr'><strong>omniurn</strong></span> <span class='ocrx_word' id='word_1_63' title='bbox 993 1212 1261 1276; x_wconf 83' lang='lat' dir='ltr'><strong>pertinet;</strong></span> <span class='ocrx_word' id='word_1_64' title='bbox 1292 1210 1360 1262; x_wconf 89' lang='lat' dir='ltr'><strong>ad</strong></span> 
     </span>
     <span class='ocr_line' id='line_1_12' title="bbox 285 1288 1361 1355; baseline -0.003 -15"><span class='ocrx_word' id='word_1_65' title='bbox 285 1290 520 1354; x_wconf 85' lang='lat' dir='ltr'><strong>singulos</strong></span> <span class='ocrx_word' id='word_1_66' title='bbox 564 1289 899 1355; x_wconf 75' lang='lat' dir='ltr'><strong>proprietas-⁹</strong></span> <span class='ocrx_word' id='word_1_67' title='bbox 944 1290 1075 1352; x_wconf 74' lang='lat' dir='ltr'><strong>Cap.</strong></span> <span class='ocrx_word' id='word_1_68' title='bbox 1112 1295 1163 1339; x_wconf 82' lang='lat'><strong>5.</strong></span> <span class='ocrx_word' id='word_1_69' title='bbox 1212 1295 1227 1319; x_wconf 85' lang='lat'>‘</span> <span class='ocrx_word' id='word_1_70' title='bbox 1250 1288 1361 1338; x_wconf 86' lang='lat' dir='ltr'><strong>Sub</strong></span> 
     </span>
     <span class='ocr_line' id='line_1_13' title="bbox 286 1366 1361 1430; baseline -0.001 -14"><span class='ocrx_word' id='word_1_71' title='bbox 286 1367 490 1429; x_wconf 87' lang='lat' dir='ltr'><strong>optimo</strong></span> <span class='ocrx_word' id='word_1_72' title='bbox 522 1381 669 1430; x_wconf 74' lang='lat' dir='ltr'><strong>rege,</strong></span> <span class='ocrx_word' id='word_1_73' title='bbox 693 1366 864 1416; x_wconf 80' lang='lat' dir='ltr'><strong>omnia</strong></span> <span class='ocrx_word' id='word_1_74' title='bbox 884 1381 977 1430; x_wconf 81' lang='lat' dir='ltr'><strong>rex</strong></span> <span class='ocrx_word' id='word_1_75' title='bbox 1001 1366 1221 1430; x_wconf 89' lang='lat' dir='ltr'><strong>imperio</strong></span> <span class='ocrx_word' id='word_1_76' title='bbox 1245 1380 1361 1430; x_wconf 89' lang='lat' dir='ltr'><strong>pos·</strong></span> 
     </span>
     <span class='ocr_line' id='line_1_14' title="bbox 285 1441 1135 1505; baseline -0.002 -14"><span class='ocrx_word' id='word_1_77' title='bbox 285 1441 445 1498; x_wconf 84' lang='lat' dir='ltr'><strong>sidet.</strong></span> <span class='ocrx_word' id='word_1_78' title='bbox 470 1441 669 1505; x_wconf 79' lang='lat' dir='ltr'><strong>singuli</strong></span> <span class='ocrx_word' id='word_1_79' title='bbox 689 1441 948 1491; x_wconf 63' lang='lat' dir='ltr'><strong>dominio!</strong></span> <span class='ocrx_word' id='word_1_80' title='bbox 980 1442 1135 1491; x_wconf 76' lang='lat' dir='ltr'><strong>Ber-n.</strong></span> 
     </span>
    </p>

    <p class='ocr_par' dir='ltr' id='par_1_4' title="bbox 283 1517 1366 1953">
     <span class='ocr_line' id='line_1_15' title="bbox 354 1517 1362 1586; baseline -0.001 -17"><span class='ocrx_word' id='word_1_81' title='bbox 354 1520 566 1570; x_wconf 73' lang='lat' dir='ltr'><strong>Tantam</strong></span> <span class='ocrx_word' id='word_1_82' title='bbox 582 1520 710 1586; x_wconf 77' lang='lat' dir='ltr'><strong>ipse]</strong></span> <span class='ocrx_word' id='word_1_83' title='bbox 739 1519 1073 1570; x_wconf 88' lang='lat' dir='ltr'><strong>Constantius</strong></span> <span class='ocrx_word' id='word_1_84' title='bbox 1093 1518 1267 1569; x_wconf 88' lang='lat' dir='ltr'><strong>amicis</strong></span> <span class='ocrx_word' id='word_1_85' title='bbox 1284 1517 1362 1570; x_wconf 86' lang='lat' dir='ltr'><strong>in-</strong></span> 
     </span>
     <span class='ocr_line' id='line_1_16' title="bbox 283 1594 1363 1661; baseline -0.001 -15"><span class='ocrx_word' id='word_1_86' title='bbox 283 1595 652 1659; x_wconf 80' lang='lat' dir='ltr'><strong>crepantibus,</strong></span> <span class='ocrx_word' id='word_1_87' title='bbox 665 1596 799 1661; x_wconf 88' lang='lat' dir='ltr'><strong>qnod</strong></span> <span class='ocrx_word' id='word_1_88' title='bbox 816 1594 993 1650; x_wconf 81' lang='lat' dir='ltr'><strong>fiscum</strong></span> <span class='ocrx_word' id='word_1_89' title='bbox 1010 1597 1363 1661; x_wconf 77' lang='lat' dir='ltr'><strong>indiligentius</strong></span> 
     </span>
     <span class='ocr_line' id='line_1_17' title="bbox 294 1671 1366 1737; baseline -0.001 -16"><span class='ocrx_word' id='word_1_90' title='bbox 294 1678 528 1728; x_wconf 88' lang='lat' dir='ltr'><strong>curaret,</strong></span> <span class='ocrx_word' id='word_1_91' title='bbox 549 1671 840 1736; x_wconf 83' lang='lat' dir='ltr'><strong>respondit,</strong></span> <span class='ocrx_word' id='word_1_92' title='bbox 870 1680 884 1702; x_wconf 82' lang='lat'>⁸</span> <span class='ocrx_word' id='word_1_93' title='bbox 902 1672 1079 1722; x_wconf 87' lang='lat' dir='ltr'><strong>Bonus</strong></span> <span class='ocrx_word' id='word_1_94' title='bbox 1101 1674 1366 1737; x_wconf 87' lang='lat' dir='ltr'><strong>princeps,</strong></span> 
     </span>
     <span class='ocr_line' id='line_1_18' title="bbox 288 1749 1363 1820; baseline 0.002 -23"><span class='ocrx_word' id='word_1_95' title='bbox 288 1750 380 1814; x_wconf 80' lang='lat' dir='ltr'><strong>qui</strong></span> <span class='ocrx_word' id='word_1_96' title='bbox 407 1749 576 1813; x_wconf 84' lang='lat' dir='ltr'><strong>magis</strong></span> <span class='ocrx_word' id='word_1_97' title='bbox 602 1765 633 1799; x_wconf 88' lang='lat' dir='ltr'><strong>a</strong></span> <span class='ocrx_word' id='word_1_98' title='bbox 656 1750 761 1799; x_wconf 90' lang='lat' dir='ltr'><strong>suis</strong></span> <span class='ocrx_word' id='word_1_99' title='bbox 781 1750 1014 1820; x_wconf 74' lang='lat' dir='ltr'><strong>diligitur</strong></span> <span class='ocrx_word' id='word_1_100' title='bbox 1037 1766 1189 1815; x_wconf 82' lang='lat' dir='ltr'><strong>quam</strong></span> <span class='ocrx_word' id='word_1_101' title='bbox 1213 1751 1363 1800; x_wconf 88' lang='lat' dir='ltr'><strong>time·</strong></span> 
     </span>
     <span class='ocr_line' id='line_1_19' title="bbox 291 1826 1366 1894; baseline 0.004 -19"><span class='ocrx_word' id='word_1_102' title='bbox 291 1835 403 1890; x_wconf 85' lang='lat' dir='ltr'><strong>tur,</strong></span> <span class='ocrx_word' id='word_1_103' title='bbox 423 1826 586 1876; x_wconf 84' lang='lat' dir='ltr'><strong>babet</strong></span> <span class='ocrx_word' id='word_1_104' title='bbox 606 1826 861 1892; x_wconf 66' lang='lat' dir='ltr'><strong>quidquid</strong></span> <span class='ocrx_word' id='word_1_105' title='bbox 894 1829 1034 1879; x_wconf 76' lang='lat' dir='ltr'><strong>cives</strong></span> <span class='ocrx_word' id='word_1_106' title='bbox 1060 1826 1366 1894; x_wconf 69' lang='lat' dir='ltr'><strong>possident.¹</strong></span> 
     </span>
     <span class='ocr_line' id='line_1_20' title="bbox 291 1903 448 1953; baseline 0.006 -1"><span class='ocrx_word' id='word_1_107' title='bbox 291 1903 448 1953; x_wconf 76' lang='lat' dir='ltr'><strong>Ident-</strong></span> 
     </span>
    </p>

    <p class='ocr_par' dir='ltr' id='par_1_5' title="bbox 292 1980 1365 2113">
     <span class='ocr_line' id='line_1_21' title="bbox 354 1980 1365 2047; baseline 0.003 -18"><span class='ocrx_word' id='word_1_108' title='bbox 354 1980 607 2035; x_wconf 71' lang='lat' dir='ltr'><strong>Quantum</strong></span> <span class='ocrx_word' id='word_1_109' title='bbox 620 1980 967 2047; x_wconf 73' lang='lat' dir='ltr'><strong>omnes‚habet]</strong></span> <span class='ocrx_word' id='word_1_110' title='bbox 988 1982 1137 2034; x_wconf 83' lang='lat' dir='ltr'><strong>Idem</strong></span> <span class='ocrx_word' id='word_1_111' title='bbox 1155 1983 1207 2034; x_wconf 84' lang='lat' dir='ltr'><strong>ia</strong></span> <span class='ocrx_word' id='word_1_112' title='bbox 1224 1998 1365 2033; x_wconf 87' lang='lat' dir='ltr'><strong>men-</strong></span> 
     </span>
     <span class='ocr_line' id='line_1_22' title="bbox 292 2054 1363 2113; baseline 0.004 -7"><span class='ocrx_word' id='word_1_113' title='bbox 292 2061 345 2106; x_wconf 87' lang='lat' dir='ltr'><strong>te</strong></span> <span class='ocrx_word' id='word_1_114' title='bbox 388 2054 574 2107; x_wconf 86' lang='lat' dir='ltr'><strong>habuit</strong></span> <span class='ocrx_word' id='word_1_115' title='bbox 614 2056 738 2107; x_wconf 87' lang='lat' dir='ltr'><strong>Lat.</strong></span> <span class='ocrx_word' id='word_1_116' title='bbox 772 2057 959 2108; x_wconf 88' lang='lat' dir='ltr'><strong>Pacat.</strong></span> <span class='ocrx_word' id='word_1_117' title='bbox 998 2060 1033 2109; x_wconf 90' lang='lat' dir='ltr'><strong>l.</strong></span> <span class='ocrx_word' id='word_1_118' title='bbox 1062 2074 1110 2111; x_wconf 91' lang='lat' dir='ltr'><strong>c.</strong></span> <span class='ocrx_word' id='word_1_119' title='bbox 1158 2060 1363 2113; x_wconf 84' lang='lat' dir='ltr'><strong>‘Quam</strong></span> 
     </span>
    </p>
   </div>
   <div class='ocr_carea' id='block_1_3' title="bbox 291 2128 1401 2201">
    <p class='ocr_par' dir='ltr' id='par_1_6' title="bbox 291 2128 1401 2201">
     <span class='ocr_line' id='line_1_23' title="bbox 291 2128 1401 2201; baseline 0.004 -21"><span class='ocrx_word' id='word_1_120' title='bbox 291 2128 448 2181; x_wconf 78' lang='lat' dir='ltr'><strong>affert</strong></span> <span class='ocrx_word' id='word_1_121' title='bbox 496 2146 735 2182; x_wconf 77' lang='lat' dir='ltr'>caussam</span> <span class='ocrx_word' id='word_1_122' title='bbox 791 2134 1401 2201; x_wconf 67' lang='lat' dir='ltr'><strong>concupiscendi„qui,-</strong></span> 
     </span>
    </p>
   </div>
   <div class='ocr_carea' id='block_1_4' title="bbox 291 2208 1377 4351">
    <p class='ocr_par' dir='ltr' id='par_1_7' title="bbox 291 2208 1377 4351">
     <span class='ocr_line' id='line_1_24' title="bbox 291 2208 1365 2274; baseline 0.005 -16"><span class='ocrx_word' id='word_1_123' title='bbox 291 2215 546 2273; x_wconf 84' lang='lat' dir='ltr'><strong>quantum</strong></span> <span class='ocrx_word' id='word_1_124' title='bbox 571 2208 764 2274; x_wconf 88' lang='lat' dir='ltr'><strong>ubique</strong></span> <span class='ocrx_word' id='word_1_125' title='bbox 781 2219 883 2273; x_wconf 90' lang='lat' dir='ltr'><strong>est,</strong></span> <span class='ocrx_word' id='word_1_126' title='bbox 898 2212 1100 2262; x_wconf 68' lang='lat' dir='ltr'><strong>habet?</strong></span> <span class='ocrx_word' id='word_1_127' title='bbox 1122 2213 1365 2264; x_wconf 62' lang='lat' dir='ltr'><strong>Schmun-z.</strong></span> 
     </span>
     <span class='ocr_line' id='line_1_25' title="bbox 359 2285 1366 2351; baseline 0.005 -16"><span class='ocrx_word' id='word_1_128' title='bbox 359 2285 500 2336; x_wconf 66' lang='lat' dir='ltr'><strong>Car.</strong></span> <span class='ocrx_word' id='word_1_129' title='bbox 521 2298 733 2335; x_wconf 85' lang='lat' dir='ltr'><strong>xxvm.</strong></span> <span class='ocrx_word' id='word_1_130' title='bbox 763 2286 877 2336; x_wconf 77' lang='lat' dir='ltr'><strong>Alio</strong></span> <span class='ocrx_word' id='word_1_131' title='bbox 898 2287 1141 2351; x_wconf 71' lang='lat' dir='ltr'><strong>movent]</strong></span> <span class='ocrx_word' id='word_1_132' title='bbox 1176 2288 1366 2340; x_wconf 84' lang='lat' dir='ltr'><strong>Atten-</strong></span> 
     </span>
     <span class='ocr_line' id='line_1_26' title="bbox 292 2359 1367 2425; baseline 0.006 -15"><span class='ocrx_word' id='word_1_133' title='bbox 292 2359 425 2410; x_wconf 83' lang='lat' dir='ltr'><strong>dant</strong></span> <span class='ocrx_word' id='word_1_134' title='bbox 466 2361 696 2410; x_wconf 74' lang='lat' dir='ltr'><strong>rhetores</strong></span> <span class='ocrx_word' id='word_1_135' title='bbox 734 2362 1024 2425; x_wconf 75' lang='lat' dir='ltr'><strong>elegantem</strong></span> <span class='ocrx_word' id='word_1_136' title='bbox 1066 2365 1367 2416; x_wconf 86' lang='lat' dir='ltr'><strong>transeundi</strong></span> 
     </span>
     <span class='ocr_line' id='line_1_27' title="bbox 293 2435 1366 2505; baseline 0.006 -18"><span class='ocrx_word' id='word_1_137' title='bbox 293 2435 602 2499; x_wconf 76' lang='lat' dir='ltr'><strong>formulam3</strong></span> <span class='ocrx_word' id='word_1_138' title='bbox 639 2453 946 2504; x_wconf 85' lang='lat' dir='ltr'><strong>quamquam</strong></span> <span class='ocrx_word' id='word_1_139' title='bbox 970 2440 1226 2505; x_wconf 60' lang='lat' dir='ltr'><strong>,singulari</strong></span> <span class='ocrx_word' id='word_1_140' title='bbox 1250 2448 1366 2493; x_wconf 86' lang='lat' dir='ltr'><strong>arte</strong></span> 
     </span>
     <span class='ocr_line' id='line_1_28' title="bbox 291 2512 1368 2568; baseline 0.006 -6"><span class='ocrx_word' id='word_1_141' title='bbox 291 2512 387 2563; x_wconf 81' lang='lat' dir='ltr'><strong>hie</strong></span> <span class='ocrx_word' id='word_1_142' title='bbox 413 2519 598 2565; x_wconf 85' lang='lat' dir='ltr'><strong>utatur</strong></span> <span class='ocrx_word' id='word_1_143' title='bbox 629 2523 823 2563; x_wconf 86' lang='lat' dir='ltr'><strong>orator.</strong></span> <span class='ocrx_word' id='word_1_144' title='bbox 885 2515 1022 2565; x_wconf 87' lang='lat' dir='ltr'><strong>Dum</strong></span> <span class='ocrx_word' id='word_1_145' title='bbox 1057 2517 1189 2566; x_wconf 90' lang='lat' dir='ltr'><strong>enim</strong></span> <span class='ocrx_word' id='word_1_146' title='bbox 1227 2518 1368 2568; x_wconf 87' lang='lat' dir='ltr'><strong>laudi</strong></span> 
     </span>
     <span class='ocr_line' id='line_1_29' title="bbox 291 2588 1368 2658; baseline 0.007 -19"><span class='ocrx_word' id='word_1_147' title='bbox 291 2588 634 2641; x_wconf 73' lang='lat' dir='ltr'><strong>liberalitatis</strong></span> <span class='ocrx_word' id='word_1_148' title='bbox 676 2592 909 2655; x_wconf 82' lang='lat' dir='ltr'><strong>Trajani,</strong></span> <span class='ocrx_word' id='word_1_149' title='bbox 948 2596 1229 2658; x_wconf 72' lang='lat' dir='ltr'><strong>congiariis</strong></span> <span class='ocrx_word' id='word_1_150' title='bbox 1275 2597 1368 2646; x_wconf 83' lang='lat' dir='ltr'><strong>ali-</strong></span> 
     </span>
     <span class='ocr_line' id='line_1_30' title="bbox 293 2667 1370 2733; baseline 0.006 -17"><span class='ocrx_word' id='word_1_151' title='bbox 293 2667 597 2733; x_wconf 80' lang='lat' dir='ltr'><strong>mentisque</strong></span> <span class='ocrx_word' id='word_1_152' title='bbox 636 2667 822 2718; x_wconf 89' lang='lat' dir='ltr'><strong>dandis</strong></span> <span class='ocrx_word' id='word_1_153' title='bbox 865 2678 1051 2732; x_wconf 81' lang='lat' dir='ltr'><strong>partae,</strong></span> <span class='ocrx_word' id='word_1_154' title='bbox 1088 2671 1236 2721; x_wconf 89' lang='lat' dir='ltr'><strong>nimis</strong></span> <span class='ocrx_word' id='word_1_155' title='bbox 1277 2674 1370 2723; x_wconf 88' lang='lat' dir='ltr'><strong>diu</strong></span> 
     </span>
     <span class='ocr_line' id='line_1_31' title="bbox 294 2742 1369 2814; baseline 0.007 -21"><span class='ocrx_word' id='word_1_156' title='bbox 294 2742 554 2794; x_wconf 78' lang='lat' dir='ltr'><strong>iahaerere</strong></span> <span class='ocrx_word' id='word_1_157' title='bbox 595 2745 757 2795; x_wconf 79' lang='lat' dir='ltr'><strong>videri</strong></span> <span class='ocrx_word' id='word_1_158' title='bbox 801 2754 1038 2809; x_wconf 82' lang='lat' dir='ltr'><strong>poterat3</strong></span> <span class='ocrx_word' id='word_1_159' title='bbox 1077 2763 1234 2814; x_wconf 87' lang='lat' dir='ltr'><strong>nunc,</strong></span> <span class='ocrx_word' id='word_1_160' title='bbox 1265 2765 1369 2801; x_wconf 89' lang='lat' dir='ltr'><strong>non</strong></span> 
     </span>
     <span class='ocr_line' id='line_1_32' title="bbox 294 2820 1372 2886; baseline 0.006 -16"><span class='ocrx_word' id='word_1_161' title='bbox 294 2834 427 2870; x_wconf 77' lang='lat' dir='ltr'><strong>vera</strong></span> <span class='ocrx_word' id='word_1_162' title='bbox 465 2820 700 2886; x_wconf 86' lang='lat' dir='ltr'><strong>quidem,</strong></span> <span class='ocrx_word' id='word_1_163' title='bbox 732 2823 826 2872; x_wconf 90' lang='lat' dir='ltr'><strong>sed</strong></span> <span class='ocrx_word' id='word_1_164' title='bbox 861 2825 1101 2876; x_wconf 85' lang='lat' dir='ltr'><strong>simulata</strong></span> <span class='ocrx_word' id='word_1_165' title='bbox 1144 2828 1372 2878; x_wconf 85' lang='lat' dir='ltr'><strong>transiti-</strong></span> 
     </span>
     <span class='ocr_line' id='line_1_33' title="bbox 297 2897 1369 2965; baseline 0.006 -19"><span class='ocrx_word' id='word_1_166' title='bbox 297 2910 396 2947; x_wconf 88' lang='lat' dir='ltr'><strong>one</strong></span> <span class='ocrx_word' id='word_1_167' title='bbox 421 2897 489 2946; x_wconf 87' lang='lat' dir='ltr'><strong>ad</strong></span> <span class='ocrx_word' id='word_1_168' title='bbox 514 2907 877 2961; x_wconf 77' lang='lat' dir='ltr'><strong>argumentum</strong></span> <span class='ocrx_word' id='word_1_169' title='bbox 896 2915 1105 2964; x_wconf 79' lang='lat' dir='ltr'><strong>novum,</strong></span> <span class='ocrx_word' id='word_1_170' title='bbox 1123 2917 1262 2965; x_wconf 88' lang='lat' dir='ltr'><strong>usus,</strong></span> <span class='ocrx_word' id='word_1_171' title='bbox 1279 2918 1369 2952; x_wconf 85' lang='lat' dir='ltr'><strong>ex·</strong></span> 
     </span>
     <span class='ocr_line' id='line_1_34' title="bbox 298 2973 1371 3044; baseline 0.007 -20"><span class='ocrx_word' id='word_1_172' title='bbox 298 2973 431 3024; x_wconf 86' lang='lat' dir='ltr'><strong>citat</strong></span> <span class='ocrx_word' id='word_1_173' title='bbox 462 2974 608 3038; x_wconf 82' lang='lat' dir='ltr'><strong>quasi</strong></span> <span class='ocrx_word' id='word_1_174' title='bbox 642 2976 910 3026; x_wconf 82' lang='lat' dir='ltr'><strong>auditores</strong></span> <span class='ocrx_word' id='word_1_175' title='bbox 944 2986 1001 3028; x_wconf 83' lang='lat' dir='ltr'><strong>et</strong></span> <span class='ocrx_word' id='word_1_176' title='bbox 1034 2979 1285 3044; x_wconf 81' lang='lat' dir='ltr'><strong>lectores,</strong></span> <span class='ocrx_word' id='word_1_177' title='bbox 1303 2994 1371 3031; x_wconf 85' lang='lat' dir='ltr'><strong>ne</strong></span> 
     </span>
     <span class='ocr_line' id='line_1_35' title="bbox 296 3050 1369 3114; baseline 0.006 -14"><span class='ocrx_word' id='word_1_178' title='bbox 296 3050 531 3114; x_wconf 77' lang='lat' dir='ltr'><strong>longiore</strong></span> <span class='ocrx_word' id='word_1_179' title='bbox 552 3052 705 3104; x_wconf 85' lang='lat' dir='ltr'><strong>unius</strong></span> <span class='ocrx_word' id='word_1_180' title='bbox 720 3053 924 3103; x_wconf 80' lang='lat' dir='ltr'><strong>virtutis</strong></span> <span class='ocrx_word' id='word_1_181' title='bbox 947 3055 1242 3106; x_wconf 81' lang='lat' dir='ltr'><strong>laudatione</strong></span> <span class='ocrx_word' id='word_1_182' title='bbox 1266 3056 1369 3106; x_wconf 81' lang='lat' dir='ltr'><strong>for·</strong></span> 
     </span>
     <span class='ocr_line' id='line_1_36' title="bbox 300 3128 1374 3198; baseline 0.008 -22"><span class='ocrx_word' id='word_1_183' title='bbox 300 3131 360 3176; x_wconf 82' lang='lat' dir='ltr'><strong>te</strong></span> <span class='ocrx_word' id='word_1_184' title='bbox 377 3128 757 3191; x_wconf 76' lang='lat' dir='ltr'><strong>languescant:</strong></span> <span class='ocrx_word' id='word_1_185' title='bbox 798 3131 960 3181; x_wconf 78' lang='lat' dir='ltr'><strong>nihilo</strong></span> <span class='ocrx_word' id='word_1_186' title='bbox 988 3134 1154 3185; x_wconf 86' lang='lat' dir='ltr'><strong>minus</strong></span> <span class='ocrx_word' id='word_1_187' title='bbox 1181 3141 1374 3198; x_wconf 88' lang='lat' dir='ltr'><strong>tamen,</strong></span> 
     </span>
     <span class='ocr_line' id='line_1_37' title="bbox 299 3199 1374 3274; baseline 0.009 -24"><span class='ocrx_word' id='word_1_188' title='bbox 299 3199 487 3253; x_wconf 86' lang='lat' dir='ltr'><strong>idonea</strong></span> <span class='ocrx_word' id='word_1_189' title='bbox 510 3218 630 3252; x_wconf 85' lang='lat' dir='ltr'><strong>usus</strong></span> <span class='ocrx_word' id='word_1_190' title='bbox 653 3207 1014 3270; x_wconf 83' lang='lat' dir='ltr'><strong>excusatione,</strong></span> <span class='ocrx_word' id='word_1_191' title='bbox 1040 3210 1374 3274; x_wconf 79' lang='lat' dir='ltr'><strong>prosequitur</strong></span> 
     </span>
     <span class='ocr_line' id='line_1_38' title="bbox 301 3277 1371 3351; baseline 0.009 -25"><span class='ocrx_word' id='word_1_192' title='bbox 301 3277 439 3327; x_wconf 89' lang='lat' dir='ltr'><strong>idem</strong></span> <span class='ocrx_word' id='word_1_193' title='bbox 478 3289 862 3343; x_wconf 81' lang='lat' dir='ltr'><strong>argumentum,</strong></span> <span class='ocrx_word' id='word_1_194' title='bbox 901 3282 1371 3351; x_wconf 73' lang='lat' dir='ltr'><strong>liberalitatemque</strong></span> 
     </span>
     <span class='ocr_line' id='line_1_39' title="bbox 302 3355 1373 3421; baseline 0.007 -16"><span class='ocrx_word' id='word_1_195' title='bbox 302 3355 521 3421; x_wconf 84' lang='lat' dir='ltr'><strong>Trajani</strong></span> <span class='ocrx_word' id='word_1_196' title='bbox 553 3357 722 3406; x_wconf 84' lang='lat' dir='ltr'><strong>adbuc</strong></span> <span class='ocrx_word' id='word_1_197' title='bbox 753 3359 1075 3421; x_wconf 88' lang='lat' dir='ltr'><strong>potissimum</strong></span> <span class='ocrx_word' id='word_1_198' title='bbox 1102 3377 1132 3410; x_wconf 89' lang='lat' dir='ltr'><strong>a</strong></span> <span class='ocrx_word' id='word_1_199' title='bbox 1155 3361 1260 3412; x_wconf 88' lang='lat' dir='ltr'><strong>fine</strong></span> <span class='ocrx_word' id='word_1_200' title='bbox 1284 3363 1373 3413; x_wconf 78' lang='lat' dir='ltr'><strong>ho·</strong></span> 
     </span>
     <span class='ocr_line' id='line_1_40' title="bbox 304 3432 1374 3494; baseline 0.007 -14"><span class='ocrx_word' id='word_1_201' title='bbox 304 3432 596 3482; x_wconf 85' lang='lat' dir='ltr'><strong>nestissimo</strong></span> <span class='ocrx_word' id='word_1_202' title='bbox 610 3435 954 3485; x_wconf 82' lang='lat' dir='ltr'><strong>commendat.</strong></span> <span class='ocrx_word' id='word_1_203' title='bbox 978 3436 1374 3494; x_wconf 86' lang='lat' dir='ltr'><strong>Ceterum,‘nn-</strong></span> 
     </span>
     <span class='ocr_line' id='line_1_41' title="bbox 304 3507 1373 3580; baseline 0.011 -25"><span class='ocrx_word' id='word_1_204' title='bbox 304 3522 500 3562; x_wconf 84' lang='lat' dir='ltr'><strong>merosa</strong></span> <span class='ocrx_word' id='word_1_205' title='bbox 539 3507 737 3572; x_wconf 86' lang='lat' dir='ltr'><strong>gloria&#39;</strong></span> <span class='ocrx_word' id='word_1_206' title='bbox 763 3510 933 3562; x_wconf 85' lang='lat' dir='ltr'><strong>Plinio</strong></span> <span class='ocrx_word' id='word_1_207' title='bbox 962 3512 1157 3564; x_wconf 85' lang='lat' dir='ltr'><strong>dicitur</strong></span> <span class='ocrx_word' id='word_1_208' title='bbox 1179 3517 1373 3580; x_wconf 85' lang='lat' dir='ltr'><strong>ampla,</strong></span> 
     </span>
     <span class='ocr_line' id='line_1_42' title="bbox 305 3586 1376 3654; baseline 0.01 -21"><span class='ocrx_word' id='word_1_209' title='bbox 305 3586 606 3649; x_wconf 80' lang='lat' dir='ltr'><strong>multiplex,</strong></span> <span class='ocrx_word' id='word_1_210' title='bbox 642 3592 698 3636; x_wconf 89' lang='lat' dir='ltr'><strong>et</strong></span> <span class='ocrx_word' id='word_1_211' title='bbox 739 3589 955 3651; x_wconf 87' lang='lat' dir='ltr'><strong>eopiosa</strong></span> <span class='ocrx_word' id='word_1_212' title='bbox 991 3592 1201 3654; x_wconf 52' lang='lat' dir='ltr'><strong>gluttu,</strong></span> <span class='ocrx_word' id='word_1_213' title='bbox 1234 3594 1376 3645; x_wconf 85' lang='lat' dir='ltr'><strong>sicut</strong></span> 
     </span>
     <span class='ocr_line' id='line_1_43' title="bbox 308 3660 1376 3725; baseline 0.01 -15"><span class='ocrx_word' id='word_1_214' title='bbox 308 3660 498 3717; x_wconf 75' lang='lat' dir='ltr'><strong>eidem,</strong></span> <span class='ocrx_word' id='word_1_215' title='bbox 520 3662 690 3725; x_wconf 82' lang='lat' dir='ltr'><strong>Epist.</strong></span> <span class='ocrx_word' id='word_1_216' title='bbox 716 3676 810 3714; x_wconf 81' lang='lat' dir='ltr'><strong>nt.</strong></span> <span class='ocrx_word' id='word_1_217' title='bbox 830 3668 881 3715; x_wconf 88' lang='grc'><strong>9.</strong></span> <span class='ocrx_word' id='word_1_218' title='bbox 916 3668 932 3694; x_wconf 89' lang='lat'>‘</span> <span class='ocrx_word' id='word_1_219' title='bbox 955 3669 1376 3720; x_wconf 85' lang='lat' dir='ltr'><strong>numerosissima</strong></span> 
     </span>
     <span class='ocr_line' id='line_1_44' title="bbox 309 3739 1373 3813; baseline 0.008 -23"><span class='ocrx_word' id='word_1_220' title='bbox 309 3739 518 3791; x_wconf 83' lang='lat' dir='ltr'><strong>caussa’</strong></span> <span class='ocrx_word' id='word_1_221' title='bbox 541 3741 887 3807; x_wconf 65' lang='lat' dir='ltr'><strong>dicitnr,quae</strong></span> <span class='ocrx_word' id='word_1_222' title='bbox 912 3746 1074 3795; x_wconf 88' lang='lat' dir='ltr'><strong>multa</strong></span> <span class='ocrx_word' id='word_1_223' title='bbox 1090 3748 1270 3813; x_wconf 88' lang='lat' dir='ltr'><strong>capita</strong></span> <span class='ocrx_word' id='word_1_224' title='bbox 1285 3748 1373 3798; x_wconf 87' lang='lat' dir='ltr'><strong>ha-</strong></span> 
     </span>
     <span class='ocr_line' id='line_1_45' title="bbox 309 3813 1375 3882; baseline 0.01 -17"><span class='ocrx_word' id='word_1_225' title='bbox 309 3813 414 3880; x_wconf 88' lang='lat' dir='ltr'><strong>bet,</strong></span> <span class='ocrx_word' id='word_1_226' title='bbox 431 3824 490 3867; x_wconf 90' lang='lat' dir='ltr'><strong>et</strong></span> <span class='ocrx_word' id='word_1_227' title='bbox 508 3817 757 3867; x_wconf 84' lang='lat' dir='ltr'><strong>latissime</strong></span> <span class='ocrx_word' id='word_1_228' title='bbox 782 3826 947 3882; x_wconf 88' lang='lat' dir='ltr'><strong>patet.</strong></span> <span class='ocrx_word' id='word_1_229' title='bbox 974 3859 981 3868; x_wconf 84' lang='lat'><strong>.</strong></span> <span class='ocrx_word' id='word_1_230' title='bbox 1004 3823 1093 3873; x_wconf 83' lang='lat' dir='ltr'><strong>Sic</strong></span> <span class='ocrx_word' id='word_1_231' title='bbox 1113 3831 1169 3874; x_wconf 90' lang='lat' dir='ltr'><strong>et</strong></span> <span class='ocrx_word' id='word_1_232' title='bbox 1191 3830 1375 3876; x_wconf 86' lang='lat' dir='ltr'><strong>auctor</strong></span> 
     </span>
     <span class='ocr_line' id='line_1_46' title="bbox 312 3895 1376 3959; baseline 0.009 -16"><span class='ocrx_word' id='word_1_233' title='bbox 312 3895 548 3944; x_wconf 84' lang='lat' dir='ltr'><strong>carminis</strong></span> <span class='ocrx_word' id='word_1_234' title='bbox 587 3896 652 3946; x_wconf 89' lang='lat' dir='ltr'><strong>ad</strong></span> <span class='ocrx_word' id='word_1_235' title='bbox 696 3898 874 3947; x_wconf 78' lang='lat' dir='ltr'><strong>Pison-</strong></span> <span class='ocrx_word' id='word_1_236' title='bbox 911 3914 985 3948; x_wconf 83' lang='lat' dir='ltr'><strong>vs.</strong></span> <span class='ocrx_word' id='word_1_237' title='bbox 1015 3904 1100 3951; x_wconf 87' lang='lat'><strong>66.</strong></span> <span class='ocrx_word' id='word_1_238' title='bbox 1133 3900 1224 3959; x_wconf 81' lang='lat' dir='ltr'><strong>ait,</strong></span> <span class='ocrx_word' id='word_1_239' title='bbox 1260 3910 1276 3932; x_wconf 86' lang='lat'>‘</span> <span class='ocrx_word' id='word_1_240' title='bbox 1299 3904 1376 3952; x_wconf 85' lang='lat' dir='ltr'><strong>Te</strong></span> 
     </span>
     <span class='ocr_line' id='line_1_47' title="bbox 311 3974 1374 4043; baseline 0.01 -23"><span class='ocrx_word' id='word_1_241' title='bbox 311 3984 580 4023; x_wconf 86' lang='lat' dir='ltr'><strong>numerosa</strong></span> <span class='ocrx_word' id='word_1_242' title='bbox 609 3974 764 4024; x_wconf 83' lang='lat' dir='ltr'><strong>laude</strong></span> <span class='ocrx_word' id='word_1_243' title='bbox 793 3985 1007 4027; x_wconf 85' lang='lat' dir='ltr'><strong>senatus</strong></span> <span class='ocrx_word' id='word_1_244' title='bbox 1030 3978 1228 4043; x_wconf 81' lang='lat' dir='ltr'><strong>excipit</strong></span> <span class='ocrx_word' id='word_1_245' title='bbox 1247 3978 1280 4027; x_wconf 68' lang='grc' dir='ltr'><strong>ε’</strong></span> <span class='ocrx_word' id='word_1_246' title='bbox 1319 3986 1374 4031; x_wconf 83' lang='lat' dir='ltr'><strong>et</strong></span> 
     </span>
     <span class='ocr_line' id='line_1_48' title="bbox 314 4048 1375 4170; baseline 0.008 -74"><span class='ocrx_word' id='word_1_247' title='bbox 314 4060 384 4170; x_wconf 57' lang='lat' dir='ltr'><strong>ilis.</strong></span> <span class='ocrx_word' id='word_1_248' title='bbox 425 4052 542 4099; x_wconf 83' lang='lat'><strong>125.</strong></span> <span class='ocrx_word' id='word_1_249' title='bbox 594 4048 824 4101; x_wconf 84' lang='lat' dir='ltr'><strong>‘Virtus</strong></span> <span class='ocrx_word' id='word_1_250' title='bbox 869 4067 1145 4104; x_wconf 87' lang='lat' dir='ltr'><strong>numerosa</strong></span> <span class='ocrx_word' id='word_1_251' title='bbox 1184 4055 1375 4119; x_wconf 66' lang='lat' dir='ltr'><strong>juvat:</strong></span> 
     </span>
     <span class='ocr_line' id='line_1_49' title="bbox 344 4124 1123 4174; baseline 0.01 -2"><span class='ocrx_word' id='word_1_252' title='bbox 344 4124 458 4173; x_wconf 82' lang='lat' dir='ltr'><strong>dem.</strong></span> <span class='ocrx_word' id='word_1_253' title='bbox 1118 4169 1123 4174; x_wconf 79' lang='grc'><strong>.</strong></span> 
     </span>
     <span class='ocr_line' id='line_1_50' title="bbox 373 4200 1374 4269; baseline 0.012 -20"><span class='ocrx_word' id='word_1_254' title='bbox 373 4200 632 4253; x_wconf 72' lang='lat' dir='ltr'><strong>Pecuniam</strong></span> <span class='ocrx_word' id='word_1_255' title='bbox 645 4201 928 4269; x_wconf 71' lang='lat' dir='ltr'><strong>profudisti]</strong></span> <span class='ocrx_word' id='word_1_256' title='bbox 946 4205 1146 4257; x_wconf 86' lang='lat' dir='ltr'><strong>Plinius</strong></span> <span class='ocrx_word' id='word_1_257' title='bbox 1162 4209 1374 4260; x_wconf 84' lang='lat' dir='ltr'><strong>verbum</strong></span> 
     </span>
     <span class='ocr_line' id='line_1_51' title="bbox 315 4272 1377 4351; baseline 0.011 -24"><span class='ocrx_word' id='word_1_258' title='bbox 315 4272 332 4303; x_wconf 77' lang='lat'><strong>⁴</strong></span> <span class='ocrx_word' id='word_1_259' title='bbox 347 4277 678 4340; x_wconf 82' lang='lat' dir='ltr'><strong>profundere’</strong></span> <span class='ocrx_word' id='word_1_260' title='bbox 699 4281 784 4334; x_wconf 88' lang='lat' dir='ltr'><strong>hic</strong></span> <span class='ocrx_word' id='word_1_261' title='bbox 802 4282 855 4333; x_wconf 91' lang='lat' dir='ltr'><strong>in</strong></span> <span class='ocrx_word' id='word_1_262' title='bbox 875 4281 1026 4335; x_wconf 86' lang='lat' dir='ltr'><strong>laude</strong></span> <span class='ocrx_word' id='word_1_263' title='bbox 1045 4284 1193 4351; x_wconf 85' lang='lat' dir='ltr'><strong>ponit</strong></span> <span class='ocrx_word' id='word_1_264' title='bbox 1209 4301 1234 4350; x_wconf 63' lang='lat' dir='ltr'><strong>‘a</strong></span> <span class='ocrx_word' id='word_1_265' title='bbox 1259 4301 1377 4341; x_wconf 88' lang='lat' dir='ltr'><strong>cum</strong></span> 
     </span>
    </p>
   </div>
   <div class='ocr_carea' id='block_1_5' title="bbox 2361 356 2498 442">
    <p class='ocr_par' dir='ltr' id='par_1_8' title="bbox 2361 356 2498 442">
     <span class='ocr_line' id='line_1_52' title="bbox 2361 356 2498 442; baseline -0.015 -19"><span class='ocrx_word' id='word_1_266' title='bbox 2361 356 2498 442; x_wconf 60' lang='lat'><strong>6⁷⁵</strong></span> 
     </span>
    </p>
   </div>
   <div class='ocr_carea' id='block_1_6' title="bbox 1433 514 2498 583">
    <p class='ocr_par' dir='ltr' id='par_1_9' title="bbox 1433 514 2498 583">
     <span class='ocr_line' id='line_1_53' title="bbox 1433 514 2498 583; baseline -0.003 -15"><span class='ocrx_word' id='word_1_267' title='bbox 1433 516 1559 576; x_wconf 74' lang='lat' dir='ltr'><strong>alibi</strong></span> <span class='ocrx_word' id='word_1_268' title='bbox 1590 516 1920 583; x_wconf 75' lang='lat' dir='ltr'><strong>prodigorum</strong></span> <span class='ocrx_word' id='word_1_269' title='bbox 1949 531 2067 567; x_wconf 89' lang='lat' dir='ltr'><strong>esse</strong></span> <span class='ocrx_word' id='word_1_270' title='bbox 2100 515 2307 566; x_wconf 81' lang='lat' dir='ltr'><strong>dicatur</strong></span> <span class='ocrx_word' id='word_1_271' title='bbox 2336 514 2354 543; x_wconf 85' lang='lat'>‘</span> <span class='ocrx_word' id='word_1_272' title='bbox 2372 530 2498 581; x_wconf 79' lang='lat' dir='ltr'><strong>pro·</strong></span> 
     </span>
    </p>
   </div>
   <div class='ocr_carea' id='block_1_7' title="bbox 1429 585 2586 658">
    <p class='ocr_par' dir='ltr' id='par_1_10' title="bbox 1429 585 2586 658">
     <span class='ocr_line' id='line_1_54' title="bbox 1429 585 2586 658; baseline -0.002 -13"><span class='ocrx_word' id='word_1_273' title='bbox 1429 593 1671 646; x_wconf 79' lang='lat' dir='ltr'><strong>fundere’</strong></span> <span class='ocrx_word' id='word_1_274' title='bbox 1709 602 1801 645; x_wconf 86' lang='lat' dir='ltr'><strong>aut</strong></span> <span class='ocrx_word' id='word_1_275' title='bbox 1837 602 1853 625; x_wconf 85' lang='lat'>‘</span> <span class='ocrx_word' id='word_1_276' title='bbox 1877 592 2148 645; x_wconf 82' lang='lat' dir='ltr'><strong>effundere</strong></span> <span class='ocrx_word' id='word_1_277' title='bbox 2184 591 2496 658; x_wconf 63' lang='lat' dir='ltr'><strong>pecuniam?</strong></span> <span class='ocrx_word' id='word_1_278' title='bbox 2581 585 2586 588; x_wconf 65' lang='grc'>’</span> 
     </span>
    </p>
   </div>
   <div class='ocr_carea' id='block_1_8' title="bbox 1432 669 2526 4357">
    <p class='ocr_par' dir='ltr' id='par_1_11' title="bbox 1432 669 2526 4357">
     <span class='ocr_line' id='line_1_55' title="bbox 1433 669 2498 734; baseline -0.004 -11"><span class='ocrx_word' id='word_1_279' title='bbox 1433 673 1547 723; x_wconf 89' lang='lat' dir='ltr'><strong>Cic.</strong></span> <span class='ocrx_word' id='word_1_280' title='bbox 1571 670 1682 723; x_wconf 81' lang='lat' dir='ltr'><strong>Off.</strong></span> <span class='ocrx_word' id='word_1_281' title='bbox 1705 686 1774 723; x_wconf 81' lang='grc' dir='ltr'><strong>ιι.</strong></span> <span class='ocrx_word' id='word_1_282' title='bbox 1799 675 1879 722; x_wconf 78' lang='lat'><strong>15.</strong></span> <span class='ocrx_word' id='word_1_283' title='bbox 1913 678 1928 701; x_wconf 79' lang='lat'>⁸</span> <span class='ocrx_word' id='word_1_284' title='bbox 1951 669 2149 726; x_wconf 72' lang='lat' dir='ltr'><strong>Multi:</strong></span> <span class='ocrx_word' id='word_1_285' title='bbox 2170 670 2354 734; x_wconf 85' lang='lat' dir='ltr'><strong>inquit,</strong></span> <span class='ocrx_word' id='word_1_286' title='bbox 2378 672 2498 734; x_wconf 55' lang='lat' dir='ltr'><strong>‘paq</strong></span> 
     </span>
     <span class='ocr_line' id='line_1_56' title="bbox 1434 746 2498 809; baseline -0.004 -10"><span class='ocrx_word' id='word_1_287' title='bbox 1434 749 1677 799; x_wconf 89' lang='lat' dir='ltr'><strong>trimonia</strong></span> <span class='ocrx_word' id='word_1_288' title='bbox 1707 747 2003 799; x_wconf 83' lang='lat' dir='ltr'><strong>effuderunt</strong></span> <span class='ocrx_word' id='word_1_289' title='bbox 2031 746 2319 797; x_wconf 88' lang='lat' dir='ltr'><strong>inconsulte</strong></span> <span class='ocrx_word' id='word_1_290' title='bbox 2340 747 2498 809; x_wconf 83' lang='lat' dir='ltr'><strong>largi·</strong></span> 
     </span>
     <span class='ocr_line' id='line_1_57' title="bbox 1433 823 2502 888; baseline -0.003 -13"><span class='ocrx_word' id='word_1_291' title='bbox 1433 825 1604 875; x_wconf 83' lang='lat' dir='ltr'><strong>endo.&#39;</strong></span> <span class='ocrx_word' id='word_1_292' title='bbox 1668 827 1742 876; x_wconf 81' lang='lat' dir='ltr'><strong>Et</strong></span> <span class='ocrx_word' id='word_1_293' title='bbox 1763 839 1810 876; x_wconf 85' lang='lat' dir='ltr'><strong>c.</strong></span> <span class='ocrx_word' id='word_1_294' title='bbox 1832 829 1910 874; x_wconf 88' lang='grc'><strong>16.</strong></span> <span class='ocrx_word' id='word_1_295' title='bbox 1946 826 1962 853; x_wconf 88' lang='lat'>‘</span> <span class='ocrx_word' id='word_1_296' title='bbox 1985 823 2221 887; x_wconf 85' lang='lat' dir='ltr'><strong>Prodigi,</strong></span> <span class='ocrx_word' id='word_1_297' title='bbox 2247 823 2336 888; x_wconf 90' lang='lat' dir='ltr'><strong>qui</strong></span> <span class='ocrx_word' id='word_1_298' title='bbox 2368 837 2502 887; x_wconf 83' lang='lat' dir='ltr'><strong>epu-</strong></span> 
     </span>
     <span class='ocr_line' id='line_1_58' title="bbox 1432 898 2500 963; baseline -0.001 -13"><span class='ocrx_word' id='word_1_299' title='bbox 1432 901 1517 957; x_wconf 83' lang='lat' dir='ltr'><strong>lis,</strong></span> <span class='ocrx_word' id='word_1_300' title='bbox 1540 910 1594 952; x_wconf 85' lang='lat' dir='ltr'><strong>et</strong></span> <span class='ocrx_word' id='word_1_301' title='bbox 1630 899 2075 956; x_wconf 79' lang='lat' dir='ltr'><strong>viscerationibus,</strong></span> <span class='ocrx_word' id='word_1_302' title='bbox 2096 904 2153 949; x_wconf 87' lang='lat' dir='ltr'><strong>et</strong></span> <span class='ocrx_word' id='word_1_303' title='bbox 2177 898 2500 963; x_wconf 80' lang='lat' dir='ltr'><strong>gladiatoriis</strong></span> 
     </span>
     <span class='ocr_line' id='line_1_59' title="bbox 1433 976 2500 1040; baseline -0.001 -13"><span class='ocrx_word' id='word_1_304' title='bbox 1433 978 1750 1040; x_wconf 87' lang='lat' dir='ltr'><strong>muneribus,</strong></span> <span class='ocrx_word' id='word_1_305' title='bbox 1785 977 2024 1027; x_wconf 85' lang='lat' dir='ltr'><strong>ludorum</strong></span> <span class='ocrx_word' id='word_1_306' title='bbox 2063 976 2500 1040; x_wconf 81' lang='lat' dir='ltr'><strong>venationumque</strong></span> 
     </span>
     <span class='ocr_line' id='line_1_60' title="bbox 1433 1050 2499 1119; baseline -0.001 -15"><span class='ocrx_word' id='word_1_307' title='bbox 1433 1063 1714 1119; x_wconf 87' lang='lat' dir='ltr'><strong>apparatu,</strong></span> <span class='ocrx_word' id='word_1_308' title='bbox 1741 1054 1985 1119; x_wconf 83' lang='lat' dir='ltr'><strong>pecunias</strong></span> <span class='ocrx_word' id='word_1_309' title='bbox 2017 1050 2377 1117; x_wconf 51' lang='lat' dir='ltr'><strong>profundunt?</strong></span> <span class='ocrx_word' id='word_1_310' title='bbox 2397 1055 2499 1104; x_wconf 84' lang='lat' dir='ltr'><strong>&amp;c.</strong></span> 
     </span>
     <span class='ocr_line' id='line_1_61' title="bbox 1435 1130 2506 1202; baseline -0.003 -19"><span class='ocrx_word' id='word_1_311' title='bbox 1435 1133 1539 1183; x_wconf 76' lang='lat' dir='ltr'><strong>Sed</strong></span> <span class='ocrx_word' id='word_1_312' title='bbox 1579 1135 1746 1183; x_wconf 89' lang='lat' dir='ltr'><strong>utitur</strong></span> <span class='ocrx_word' id='word_1_313' title='bbox 1783 1132 1983 1202; x_wconf 77' lang='lat' dir='ltr'><strong>Plinius</strong></span> <span class='ocrx_word' id='word_1_314' title='bbox 2016 1131 2174 1183; x_wconf 77' lang='lat' dir='ltr'><strong>nihilo</strong></span> <span class='ocrx_word' id='word_1_315' title='bbox 2205 1130 2367 1182; x_wconf 86' lang='lat' dir='ltr'><strong>minus</strong></span> <span class='ocrx_word' id='word_1_316' title='bbox 2391 1132 2506 1190; x_wconf 65' lang='lat' dir='ltr'><strong>*hoe</strong></span> 
     </span>
     <span class='ocr_line' id='line_1_62' title="bbox 1438 1207 2502 1274; baseline -0.001 -15"><span class='ocrx_word' id='word_1_317' title='bbox 1438 1210 1597 1260; x_wconf 86' lang='lat' dir='ltr'><strong>verbo</strong></span> <span class='ocrx_word' id='word_1_318' title='bbox 1632 1209 1694 1258; x_wconf 83' lang='lat' dir='ltr'><strong>ad</strong></span> <span class='ocrx_word' id='word_1_319' title='bbox 1735 1208 2148 1274; x_wconf 85' lang='lat' dir='ltr'><strong>magnitudinem·</strong></span> <span class='ocrx_word' id='word_1_320' title='bbox 2173 1207 2502 1260; x_wconf 81' lang='lat' dir='ltr'><strong>liberalitatis</strong></span> 
     </span>
     <span class='ocr_line' id='line_1_63' title="bbox 1433 1284 2503 1350; baseline -0.001 -14"><span class='ocrx_word' id='word_1_321' title='bbox 1433 1287 1651 1350; x_wconf 75' lang='lat' dir='ltr'><strong>Trajani</strong></span> <span class='ocrx_word' id='word_1_322' title='bbox 1692 1285 2114 1350; x_wconf 74' lang='lat' dir='ltr'><strong>exprimendam3</strong></span> <span class='ocrx_word' id='word_1_323' title='bbox 2153 1284 2291 1335; x_wconf 86' lang='lat' dir='ltr'><strong>band</strong></span> <span class='ocrx_word' id='word_1_324' title='bbox 2329 1298 2503 1349; x_wconf 86' lang='lat' dir='ltr'><strong>secus,</strong></span> 
     </span>
     <span class='ocr_line' id='line_1_64' title="bbox 1436 1359 2505 1425; baseline -0.002 -13"><span class='ocrx_word' id='word_1_325' title='bbox 1436 1376 1500 1412; x_wconf 75' lang='lat' dir='ltr'><strong>ac</strong></span> <span class='ocrx_word' id='word_1_326' title='bbox 1534 1363 1647 1412; x_wconf 85' lang='lat' dir='ltr'><strong>Cic.</strong></span> <span class='ocrx_word' id='word_1_327' title='bbox 1679 1361 1911 1425; x_wconf 83' lang='lat' dir='ltr'><strong>Philipp.</strong></span> <span class='ocrx_word' id='word_1_328' title='bbox 1934 1375 2022 1410; x_wconf 86' lang='lat' dir='ltr'><strong>m.</strong></span> <span class='ocrx_word' id='word_1_329' title='bbox 2044 1365 2095 1411; x_wconf 77' lang='lat'><strong>2.</strong></span> <span class='ocrx_word' id='word_1_330' title='bbox 2120 1360 2277 1410; x_wconf 85' lang='lat' dir='ltr'><strong>verbo</strong></span> <span class='ocrx_word' id='word_1_331' title='bbox 2297 1367 2313 1392; x_wconf 79' lang='lat'><strong><em>⁴</em></strong></span> <span class='ocrx_word' id='word_1_332' title='bbox 2337 1359 2505 1410; x_wconf 78' lang='lat' dir='ltr'><strong>effun-</strong></span> 
     </span>
     <span class='ocr_line' id='line_1_65' title="bbox 1433 1436 2499 1502; baseline -0.005 -10"><span class='ocrx_word' id='word_1_333' title='bbox 1433 1437 1595 1492; x_wconf 83' lang='lat' dir='ltr'><strong>dere&#39;</strong></span> <span class='ocrx_word' id='word_1_334' title='bbox 1628 1452 1748 1489; x_wconf 90' lang='lat' dir='ltr'><strong>usus</strong></span> <span class='ocrx_word' id='word_1_335' title='bbox 1784 1445 1865 1488; x_wconf 90' lang='lat' dir='ltr'><strong>est</strong></span> <span class='ocrx_word' id='word_1_336' title='bbox 1888 1437 1951 1488; x_wconf 88' lang='lat' dir='ltr'><strong>ad</strong></span> <span class='ocrx_word' id='word_1_337' title='bbox 1980 1436 2400 1502; x_wconf 80' lang='lat' dir='ltr'><strong>exaggerandam</strong></span> <span class='ocrx_word' id='word_1_338' title='bbox 2436 1437 2499 1488; x_wconf 88' lang='lat' dir='ltr'><strong>C.</strong></span> 
     </span>
     <span class='ocr_line' id='line_1_66' title="bbox 1439 1513 2501 1579; baseline 0 -13"><span class='ocrx_word' id='word_1_339' title='bbox 1439 1514 1566 1566; x_wconf 82' lang='lat' dir='ltr'><strong>Oct.</strong></span> <span class='ocrx_word' id='word_1_340' title='bbox 1594 1515 1814 1567; x_wconf 68' lang='lat' dir='ltr'><strong>casaris</strong></span> <span class='ocrx_word' id='word_1_341' title='bbox 1846 1513 2300 1579; x_wconf 78' lang='lat' dir='ltr'><strong>magnificentiam.</strong></span> <span class='ocrx_word' id='word_1_342' title='bbox 2364 1514 2501 1566; x_wconf 77' lang='lat' dir='ltr'><strong>Vide</strong></span> 
     </span>
     <span class='ocr_line' id='line_1_67' title="bbox 1437 1591 2509 1657; baseline -0.002 -15"><span class='ocrx_word' id='word_1_343' title='bbox 1437 1591 1579 1643; x_wconf 86' lang='lat' dir='ltr'><strong>infra</strong></span> <span class='ocrx_word' id='word_1_344' title='bbox 1612 1592 1740 1646; x_wconf 85' lang='lat' dir='ltr'><strong>Obs.</strong></span> <span class='ocrx_word' id='word_1_345' title='bbox 1761 1600 1991 1644; x_wconf 85' lang='lat' dir='ltr'><strong>nostram</strong></span> <span class='ocrx_word' id='word_1_346' title='bbox 2021 1591 2089 1642; x_wconf 83' lang='lat' dir='ltr'><strong>ad</strong></span> <span class='ocrx_word' id='word_1_347' title='bbox 2113 1606 2233 1657; x_wconf 84' lang='lat' dir='ltr'><strong>cap.</strong></span> <span class='ocrx_word' id='word_1_348' title='bbox 2256 1603 2432 1642; x_wconf 84' lang='lat' dir='ltr'><strong>xxxv.</strong></span> <span class='ocrx_word' id='word_1_349' title='bbox 2452 1595 2509 1641; x_wconf 80' lang='lat'><strong>5.</strong></span> 
     </span>
     <span class='ocr_line' id='line_1_68' title="bbox 1438 1668 2506 1722; baseline 0.001 -6"><span class='ocrx_word' id='word_1_350' title='bbox 1438 1668 1594 1719; x_wconf 56' lang='lat' dir='ltr'><strong>Idem·</strong></span> <span class='ocrx_word' id='word_1_351' title='bbox 2499 1695 2506 1722; x_wconf 83' lang='lat'>:</span> 
     </span>
     <span class='ocr_line' id='line_1_69' title="bbox 1502 1747 2501 1815; baseline -0.002 -16"><span class='ocrx_word' id='word_1_352' title='bbox 1502 1749 1979 1815; x_wconf 62' lang='lat' dir='ltr'><strong>Acmen-asama]</strong></span> <span class='ocrx_word' id='word_1_353' title='bbox 2010 1748 2176 1801; x_wconf 78' lang='lat' dir='ltr'><strong>Notat</strong></span> <span class='ocrx_word' id='word_1_354' title='bbox 2196 1747 2281 1800; x_wconf 85' lang='lat' dir='ltr'><strong>bic</strong></span> <span class='ocrx_word' id='word_1_355' title='bbox 2299 1748 2501 1799; x_wconf 87' lang='lat' dir='ltr'><strong>Plinius</strong></span> 
     </span>
     <span class='ocr_line' id='line_1_70' title="bbox 1439 1825 2505 1889; baseline -0.001 -14"><span class='ocrx_word' id='word_1_356' title='bbox 1439 1826 1654 1876; x_wconf 89' lang='lat' dir='ltr'><strong>solenne</strong></span> <span class='ocrx_word' id='word_1_357' title='bbox 1696 1826 1971 1878; x_wconf 77' lang='lat' dir='ltr'><strong>artificium</strong></span> <span class='ocrx_word' id='word_1_358' title='bbox 2015 1827 2266 1877; x_wconf 88' lang='lat' dir='ltr'><strong>malorum</strong></span> <span class='ocrx_word' id='word_1_359' title='bbox 2311 1825 2505 1889; x_wconf 86' lang='lat' dir='ltr'><strong>princi-</strong></span> 
     </span>
     <span class='ocr_line' id='line_1_71' title="bbox 1440 1902 2504 1970; baseline -0.002 -18"><span class='ocrx_word' id='word_1_360' title='bbox 1440 1917 1593 1967; x_wconf 60' lang='lat' dir='ltr'><strong>pum,</strong></span> <span class='ocrx_word' id='word_1_361' title='bbox 1615 1904 1726 1970; x_wconf 89' lang='lat' dir='ltr'><strong>qni,</strong></span> <span class='ocrx_word' id='word_1_362' title='bbox 1753 1905 2008 1956; x_wconf 80' lang='lat' dir='ltr'><strong>variorum</strong></span> <span class='ocrx_word' id='word_1_363' title='bbox 2040 1903 2293 1953; x_wconf 88' lang='lat' dir='ltr'><strong>scelerum</strong></span> <span class='ocrx_word' id='word_1_364' title='bbox 2331 1902 2504 1955; x_wconf 87' lang='lat' dir='ltr'><strong>crimi-</strong></span> 
     </span>
     <span class='ocr_line' id='line_1_72' title="bbox 1438 1978 2504 2046; baseline -0.001 -17"><span class='ocrx_word' id='word_1_365' title='bbox 1438 1994 1664 2046; x_wconf 87' lang='lat' dir='ltr'><strong>numque</strong></span> <span class='ocrx_word' id='word_1_366' title='bbox 1703 1981 1804 2032; x_wconf 87' lang='lat' dir='ltr'><strong>sibi</strong></span> <span class='ocrx_word' id='word_1_367' title='bbox 1847 1980 2060 2045; x_wconf 88' lang='lat' dir='ltr'><strong>conscii,</strong></span> <span class='ocrx_word' id='word_1_368' title='bbox 2099 1979 2165 2030; x_wconf 90' lang='lat' dir='ltr'><strong>ad</strong></span> <span class='ocrx_word' id='word_1_369' title='bbox 2207 1978 2504 2030; x_wconf 84' lang='lat' dir='ltr'><strong>leniendam</strong></span> 
     </span>
     <span class='ocr_line' id='line_1_73' title="bbox 1441 2054 2507 2123; baseline -0.001 -17"><span class='ocrx_word' id='word_1_370' title='bbox 1441 2057 1620 2122; x_wconf 88' lang='lat' dir='ltr'><strong>populi</strong></span> <span class='ocrx_word' id='word_1_371' title='bbox 1645 2057 2070 2123; x_wconf 83' lang='lat' dir='ltr'><strong>indignationem,</strong></span> <span class='ocrx_word' id='word_1_372' title='bbox 2087 2063 2177 2106; x_wconf 88' lang='lat' dir='ltr'><strong>aut</strong></span> <span class='ocrx_word' id='word_1_373' title='bbox 2197 2055 2261 2106; x_wconf 86' lang='lat' dir='ltr'><strong>ad</strong></span> <span class='ocrx_word' id='word_1_374' title='bbox 2286 2054 2507 2118; x_wconf 80' lang='lat' dir='ltr'><strong>compri-</strong></span> 
     </span>
     <span class='ocr_line' id='line_1_74' title="bbox 1439 2132 2514 2192; baseline 0 -10"><span class='ocrx_word' id='word_1_375' title='bbox 1439 2133 1677 2184; x_wconf 85' lang='lat' dir='ltr'><strong>mendam</strong></span> <span class='ocrx_word' id='word_1_376' title='bbox 1700 2134 1958 2188; x_wconf 79' lang='lat' dir='ltr'><strong>sinistram</strong></span> <span class='ocrx_word' id='word_1_377' title='bbox 1988 2132 2196 2192; x_wconf 81' lang='lat' dir='ltr'><strong>famam,</strong></span> <span class='ocrx_word' id='word_1_378' title='bbox 2217 2132 2514 2184; x_wconf 80' lang='lat' dir='ltr'><strong>identidem·</strong></span> 
     </span>
     <span class='ocr_line' id='line_1_75' title="bbox 1442 2207 2514 2273; baseline 0 -15"><span class='ocrx_word' id='word_1_379' title='bbox 1442 2210 1804 2273; x_wconf 77' lang='lat' dir='ltr'><strong>largitionibus</strong></span> <span class='ocrx_word' id='word_1_380' title='bbox 1851 2212 1931 2261; x_wconf 85' lang='lat' dir='ltr'><strong>nsi</strong></span> <span class='ocrx_word' id='word_1_381' title='bbox 1976 2218 2121 2262; x_wconf 64' lang='lat' dir='ltr'><strong>sunt·</strong></span> <span class='ocrx_word' id='word_1_382' title='bbox 2202 2207 2514 2273; x_wconf 82' lang='lat' dir='ltr'><strong>cujusmodi.</strong></span> 
     </span>
     <span class='ocr_line' id='line_1_76' title="bbox 1441 2287 2507 2354; baseline 0 -17"><span class='ocrx_word' id='word_1_383' title='bbox 1441 2289 1682 2352; x_wconf 84' lang='lat' dir='ltr'><strong>exempla</strong></span> <span class='ocrx_word' id='word_1_384' title='bbox 1707 2289 1812 2354; x_wconf 81' lang='lat' dir='ltr'><strong>jam</strong></span> <span class='ocrx_word' id='word_1_385' title='bbox 1847 2288 1932 2338; x_wconf 90' lang='lat' dir='ltr'><strong>alii</strong></span> <span class='ocrx_word' id='word_1_386' title='bbox 1964 2289 2204 2338; x_wconf 79' lang='lat' dir='ltr'><strong>attulere.</strong></span> <span class='ocrx_word' id='word_1_387' title='bbox 2268 2287 2381 2338; x_wconf 88' lang='lat' dir='ltr'><strong>Nos</strong></span> <span class='ocrx_word' id='word_1_388' title='bbox 2414 2301 2507 2337; x_wconf 67' lang='lat' dir='ltr'><strong>aur</strong></span> 
     </span>
     <span class='ocr_line' id='line_1_77' title="bbox 1441 2363 2505 2431; baseline -0.002 -16"><span class='ocrx_word' id='word_1_389' title='bbox 1441 2370 1549 2415; x_wconf 81' lang='lat' dir='ltr'><strong>tem</strong></span> <span class='ocrx_word' id='word_1_390' title='bbox 1585 2364 1915 2416; x_wconf 81' lang='lat' dir='ltr'><strong>observamus</strong></span> <span class='ocrx_word' id='word_1_391' title='bbox 1946 2365 2110 2415; x_wconf 84' lang='lat' dir='ltr'><strong>varias</strong></span> <span class='ocrx_word' id='word_1_392' title='bbox 2131 2364 2378 2431; x_wconf 88' lang='lat' dir='ltr'><strong>loquendi</strong></span> <span class='ocrx_word' id='word_1_393' title='bbox 2399 2363 2505 2415; x_wconf 82' lang='lat' dir='ltr'><strong>for-</strong></span> 
     </span>
     <span class='ocr_line' id='line_1_78' title="bbox 1442 2440 2507 2508; baseline -0.001 -17"><span class='ocrx_word' id='word_1_394' title='bbox 1442 2443 1628 2504; x_wconf 88' lang='lat' dir='ltr'><strong>mulas,</strong></span> <span class='ocrx_word' id='word_1_395' title='bbox 1648 2458 1775 2508; x_wconf 90' lang='lat' dir='ltr'><strong>quas</strong></span> <span class='ocrx_word' id='word_1_396' title='bbox 1800 2443 2001 2493; x_wconf 87' lang='lat' dir='ltr'><strong>Plinius</strong></span> <span class='ocrx_word' id='word_1_397' title='bbox 2023 2442 2087 2491; x_wconf 86' lang='lat' dir='ltr'><strong>ad</strong></span> <span class='ocrx_word' id='word_1_398' title='bbox 2111 2440 2244 2492; x_wconf 83' lang='lat' dir='ltr'><strong>hanc</strong></span> <span class='ocrx_word' id='word_1_399' title='bbox 2276 2455 2385 2490; x_wconf 89' lang='lat' dir='ltr'><strong>rem</strong></span> <span class='ocrx_word' id='word_1_400' title='bbox 2416 2456 2507 2491; x_wconf 81' lang='lat' dir='ltr'><strong>ex.-</strong></span> 
     </span>
     <span class='ocr_line' id='line_1_79' title="bbox 1445 2513 2515 2585; baseline 0.001 -17"><span class='ocrx_word' id='word_1_401' title='bbox 1445 2521 1761 2585; x_wconf 83' lang='lat' dir='ltr'><strong>primendam</strong></span> <span class='ocrx_word' id='word_1_402' title='bbox 1798 2513 2024 2572; x_wconf 79' lang='lat' dir='ltr'><strong>adhibet.</strong></span> <span class='ocrx_word' id='word_1_403' title='bbox 2090 2521 2324 2570; x_wconf 88' lang='lat' dir='ltr'><strong>Primum</strong></span> <span class='ocrx_word' id='word_1_404' title='bbox 2357 2519 2515 2581; x_wconf 75' lang='lat' dir='ltr'><strong>dicit,</strong></span> 
     </span>
     <span class='ocr_line' id='line_1_80' title="bbox 1443 2596 2514 2662; baseline -0.002 -14"><span class='ocrx_word' id='word_1_405' title='bbox 1443 2598 1459 2625; x_wconf 89' lang='lat'>‘</span> <span class='ocrx_word' id='word_1_406' title='bbox 1487 2599 1706 2661; x_wconf 89' lang='lat' dir='ltr'><strong>pecnnia</strong></span> <span class='ocrx_word' id='word_1_407' title='bbox 1737 2597 1945 2662; x_wconf 86' lang='lat' dir='ltr'><strong>profusa</strong></span> <span class='ocrx_word' id='word_1_408' title='bbox 1964 2597 2158 2647; x_wconf 80' lang='lat' dir='ltr'><strong>samam</strong></span> <span class='ocrx_word' id='word_1_409' title='bbox 2178 2604 2417 2646; x_wconf 85' lang='lat' dir='ltr'><strong>avertere</strong></span> <span class='ocrx_word' id='word_1_410' title='bbox 2441 2596 2514 2646; x_wconf 82' lang='lat' dir='ltr'><strong>ab</strong></span> 
     </span>
     <span class='ocr_line' id='line_1_81' title="bbox 1444 2671 2512 2738; baseline -0.002 -16"><span class='ocrx_word' id='word_1_411' title='bbox 1444 2674 1790 2725; x_wconf 87' lang='lat' dir='ltr'><strong>insectatione</strong></span> <span class='ocrx_word' id='word_1_412' title='bbox 1829 2672 2059 2738; x_wconf 81' lang='lat' dir='ltr'><strong>flagitii;&#39;</strong></span> <span class='ocrx_word' id='word_1_413' title='bbox 2108 2687 2245 2729; x_wconf 87' lang='lat' dir='ltr'><strong>mox,</strong></span> <span class='ocrx_word' id='word_1_414' title='bbox 2286 2680 2303 2702; x_wconf 85' lang='lat'>‘</span> <span class='ocrx_word' id='word_1_415' title='bbox 2327 2671 2512 2722; x_wconf 83' lang='lat' dir='ltr'><strong>tristes</strong></span> 
     </span>
     <span class='ocr_line' id='line_1_82' title="bbox 1442 2747 2512 2802; baseline -0.002 -3"><span class='ocrx_word' id='word_1_416' title='bbox 1442 2750 1703 2800; x_wconf 88' lang='lat' dir='ltr'><strong>hominum</strong></span> <span class='ocrx_word' id='word_1_417' title='bbox 1748 2764 2010 2802; x_wconf 83' lang='lat' dir='ltr'><strong>sermones</strong></span> <span class='ocrx_word' id='word_1_418' title='bbox 2051 2749 2249 2799; x_wconf 82' lang='lat' dir='ltr'><strong>laetiore</strong></span> <span class='ocrx_word' id='word_1_419' title='bbox 2290 2747 2512 2798; x_wconf 83' lang='lat' dir='ltr'><strong>materia</strong></span> 
     </span>
     <span class='ocr_line' id='line_1_83' title="bbox 1444 2825 2511 2891; baseline -0.003 -14"><span class='ocrx_word' id='word_1_420' title='bbox 1444 2827 1732 2891; x_wconf 54' lang='lat' dir='ltr'><strong>detineres</strong></span> <span class='ocrx_word' id='word_1_421' title='bbox 1778 2827 1990 2884; x_wconf 85' lang='lat' dir='ltr'><strong>deinde.</strong></span> <span class='ocrx_word' id='word_1_422' title='bbox 2023 2835 2038 2858; x_wconf 80' lang='lat'>⁸</span> <span class='ocrx_word' id='word_1_423' title='bbox 2060 2826 2334 2889; x_wconf 87' lang='lat' dir='ltr'><strong>congiariis</strong></span> <span class='ocrx_word' id='word_1_424' title='bbox 2372 2825 2511 2874; x_wconf 85' lang='lat' dir='ltr'><strong>redi·</strong></span> 
     </span>
     <span class='ocr_line' id='line_1_84' title="bbox 1446 2902 2510 2968; baseline -0.002 -15"><span class='ocrx_word' id='word_1_425' title='bbox 1446 2918 1592 2954; x_wconf 90' lang='lat' dir='ltr'><strong>mere</strong></span> <span class='ocrx_word' id='word_1_426' title='bbox 1624 2906 1829 2968; x_wconf 86' lang='lat' dir='ltr'><strong>culpam</strong></span> <span class='ocrx_word' id='word_1_427' title='bbox 1856 2910 1911 2954; x_wconf 90' lang='lat' dir='ltr'><strong>et</strong></span> <span class='ocrx_word' id='word_1_428' title='bbox 1937 2904 2297 2955; x_wconf 86' lang='lat' dir='ltr'><strong>crudelitatem</strong></span> <span class='ocrx_word' id='word_1_429' title='bbox 2311 2902 2346 2964; x_wconf 89' lang='lat'><strong>;&#39;</strong></span> <span class='ocrx_word' id='word_1_430' title='bbox 2381 2911 2510 2958; x_wconf 87' lang='lat' dir='ltr'><strong>tum,</strong></span> 
     </span>
     <span class='ocr_line' id='line_1_85' title="bbox 1445 2978 2517 3047; baseline -0.003 -16"><span class='ocrx_word' id='word_1_431' title='bbox 1445 2988 1462 3011; x_wconf 78' lang='lat'><strong><em>⁴</em></strong></span> <span class='ocrx_word' id='word_1_432' title='bbox 1487 2980 1823 3045; x_wconf 79' lang='lat' dir='ltr'><strong>benefacere,</strong></span> <span class='ocrx_word' id='word_1_433' title='bbox 1858 2990 1944 3045; x_wconf 72' lang='lat' dir='ltr'><strong>ut,</strong></span> <span class='ocrx_word' id='word_1_434' title='bbox 1973 2996 2088 3047; x_wconf 83' lang='lat' dir='ltr'><strong>quoe</strong></span> <span class='ocrx_word' id='word_1_435' title='bbox 2120 2981 2254 3030; x_wconf 88' lang='lat' dir='ltr'><strong>male</strong></span> <span class='ocrx_word' id='word_1_436' title='bbox 2287 2978 2517 3043; x_wconf 73' lang='lat' dir='ltr'><strong>feceras,⁸</strong></span> 
     </span>
     <span class='ocr_line' id='line_1_86' title="bbox 1445 3056 2514 3122; baseline -0.003 -15"><span class='ocrx_word' id='word_1_437' title='bbox 1445 3057 1658 3121; x_wconf 90' lang='lat' dir='ltr'><strong>impune</strong></span> <span class='ocrx_word' id='word_1_438' title='bbox 1677 3056 1894 3109; x_wconf 82' lang='lat' dir='ltr'><strong>fecisses</strong></span> <span class='ocrx_word' id='word_1_439' title='bbox 1910 3057 1945 3119; x_wconf 69' lang='grc' dir='ltr'><strong>ς’</strong></span> <span class='ocrx_word' id='word_1_440' title='bbox 1977 3066 2258 3122; x_wconf 82' lang='lat' dir='ltr'><strong>praeterea,</strong></span> <span class='ocrx_word' id='word_1_441' title='bbox 2276 3056 2293 3084; x_wconf 88' lang='lat'>‘</span> <span class='ocrx_word' id='word_1_442' title='bbox 2313 3057 2514 3120; x_wconf 85' lang='lat' dir='ltr'><strong>impen-</strong></span> 
     </span>
     <span class='ocr_line' id='line_1_87' title="bbox 1447 3131 2517 3200; baseline -0.003 -16"><span class='ocrx_word' id='word_1_443' title='bbox 1447 3134 1535 3184; x_wconf 81' lang='lat' dir='ltr'><strong>dio</strong></span> <span class='ocrx_word' id='word_1_444' title='bbox 1571 3136 1773 3186; x_wconf 84' lang='lat' dir='ltr'><strong>veniam</strong></span> <span class='ocrx_word' id='word_1_445' title='bbox 1803 3133 2075 3200; x_wconf 75' lang='lat' dir='ltr'><strong>qnaerere,’</strong></span> <span class='ocrx_word' id='word_1_446' title='bbox 2094 3142 2184 3184; x_wconf 87' lang='lat' dir='ltr'><strong>aut</strong></span> <span class='ocrx_word' id='word_1_447' title='bbox 2206 3140 2221 3163; x_wconf 88' lang='lat'>‘</span> <span class='ocrx_word' id='word_1_448' title='bbox 2245 3147 2464 3183; x_wconf 86' lang='lat' dir='ltr'><strong>exorare</strong></span> <span class='ocrx_word' id='word_1_449' title='bbox 2480 3131 2517 3195; x_wconf 71' lang='grc' dir='ltr'><strong>ς’</strong></span> 
     </span>
     <span class='ocr_line' id='line_1_88' title="bbox 1447 3208 2522 3279; baseline -0.004 -17"><span class='ocrx_word' id='word_1_450' title='bbox 1447 3213 1650 3270; x_wconf 74' lang='lat' dir='ltr'><strong>adhaec,</strong></span> <span class='ocrx_word' id='word_1_451' title='bbox 1675 3213 1691 3241; x_wconf 88' lang='lat'>‘</span> <span class='ocrx_word' id='word_1_452' title='bbox 1714 3214 2049 3279; x_wconf 84' lang='lat' dir='ltr'><strong>congiarium,</strong></span> <span class='ocrx_word' id='word_1_453' title='bbox 2071 3212 2180 3261; x_wconf 82' lang='lat' dir='ltr'><strong>sive</strong></span> <span class='ocrx_word' id='word_1_454' title='bbox 2211 3210 2421 3271; x_wconf 85' lang='lat' dir='ltr'><strong>donum,</strong></span> <span class='ocrx_word' id='word_1_455' title='bbox 2443 3208 2522 3259; x_wconf 63' lang='lat' dir='ltr'><strong>ad?</strong></span> 
     </span>
     <span class='ocr_line' id='line_1_89' title="bbox 1447 3286 2514 3349; baseline -0.004 -11"><span class='ocrx_word' id='word_1_456' title='bbox 1447 3288 1621 3338; x_wconf 88' lang='lat' dir='ltr'><strong>odium</strong></span> <span class='ocrx_word' id='word_1_457' title='bbox 1642 3289 1721 3338; x_wconf 90' lang='lat' dir='ltr'><strong>sui</strong></span> <span class='ocrx_word' id='word_1_458' title='bbox 1738 3288 2053 3349; x_wconf 88' lang='lat' dir='ltr'><strong>leniendum,</strong></span> <span class='ocrx_word' id='word_1_459' title='bbox 2070 3286 2388 3337; x_wconf 86' lang='lat' dir='ltr'><strong>tumentibus</strong></span> <span class='ocrx_word' id='word_1_460' title='bbox 2406 3286 2514 3349; x_wconf 91' lang='lat' dir='ltr'><strong>ple-</strong></span> 
     </span>
     <span class='ocr_line' id='line_1_90' title="bbox 1447 3363 2520 3430; baseline -0.004 -16"><span class='ocrx_word' id='word_1_461' title='bbox 1447 3363 1526 3414; x_wconf 86' lang='lat' dir='ltr'><strong>bis</strong></span> <span class='ocrx_word' id='word_1_462' title='bbox 1565 3364 1747 3415; x_wconf 87' lang='lat' dir='ltr'><strong>animis</strong></span> <span class='ocrx_word' id='word_1_463' title='bbox 1783 3363 2089 3430; x_wconf 79' lang='lat' dir='ltr'><strong>objectare.’</strong></span> <span class='ocrx_word' id='word_1_464' title='bbox 2168 3363 2298 3416; x_wconf 61' lang='lat' dir='ltr'><strong>Quat.</strong></span> <span class='ocrx_word' id='word_1_465' title='bbox 2337 3377 2520 3414; x_wconf 86' lang='lat' dir='ltr'><strong>omnes</strong></span> 
     </span>
     <span class='ocr_line' id='line_1_91' title="bbox 1446 3439 2522 3507; baseline -0.004 -15"><span class='ocrx_word' id='word_1_466' title='bbox 1446 3439 1681 3494; x_wconf 80' lang='lat' dir='ltr'><strong>formulae</strong></span> <span class='ocrx_word' id='word_1_467' title='bbox 1706 3442 1820 3494; x_wconf 82' lang='lat' dir='ltr'><strong>fere</strong></span> <span class='ocrx_word' id='word_1_468' title='bbox 1850 3444 1989 3494; x_wconf 85' lang='lat' dir='ltr'><strong>idem</strong></span> <span class='ocrx_word' id='word_1_469' title='bbox 2014 3440 2307 3507; x_wconf 80' lang='lat' dir='ltr'><strong>significant</strong></span> <span class='ocrx_word' id='word_1_470' title='bbox 2323 3458 2348 3491; x_wconf 74' lang='lat'><strong>⁰.</strong></span> <span class='ocrx_word' id='word_1_471' title='bbox 2377 3441 2522 3490; x_wconf 90' lang='lat' dir='ltr'><strong>unde</strong></span> 
     </span>
     <span class='ocr_line' id='line_1_92' title="bbox 1447 3517 2522 3585; baseline -0.004 -16"><span class='ocrx_word' id='word_1_472' title='bbox 1447 3519 1508 3570; x_wconf 82' lang='lat' dir='ltr'><strong>in</strong></span> <span class='ocrx_word' id='word_1_473' title='bbox 1526 3520 1645 3585; x_wconf 85' lang='lat' dir='ltr'><strong>ipsa</strong></span> <span class='ocrx_word' id='word_1_474' title='bbox 1662 3520 1935 3571; x_wconf 79' lang='lat' dir='ltr'><strong>brevitate·</strong></span> <span class='ocrx_word' id='word_1_475' title='bbox 1950 3520 2191 3570; x_wconf 76' lang='lat' dir='ltr'><strong>Pliniana</strong></span> <span class='ocrx_word' id='word_1_476' title='bbox 2214 3518 2416 3582; x_wconf 82' lang='lat' dir='ltr'><strong>copiam</strong></span> <span class='ocrx_word' id='word_1_477' title='bbox 2437 3517 2522 3566; x_wconf 69' lang='lat' dir='ltr'><strong>di-</strong></span> 
     </span>
     <span class='ocr_line' id='line_1_93' title="bbox 1447 3596 2518 3663; baseline -0.007 -15"><span class='ocrx_word' id='word_1_478' title='bbox 1447 3598 1605 3649; x_wconf 89' lang='lat' dir='ltr'><strong>cendi</strong></span> <span class='ocrx_word' id='word_1_479' title='bbox 1649 3612 1914 3663; x_wconf 87' lang='lat' dir='ltr'><strong>agnoscas.</strong></span> <span class='ocrx_word' id='word_1_480' title='bbox 1996 3597 2106 3647; x_wconf 88' lang='lat' dir='ltr'><strong>Cic.</strong></span> <span class='ocrx_word' id='word_1_481' title='bbox 2142 3596 2296 3645; x_wconf 85' lang='lat' dir='ltr'><strong>Verr.</strong></span> <span class='ocrx_word' id='word_1_482' title='bbox 2336 3607 2391 3643; x_wconf 81' lang='lat' dir='ltr'><strong>v.</strong></span> <span class='ocrx_word' id='word_1_483' title='bbox 2431 3597 2518 3643; x_wconf 82' lang='lat'><strong>16.</strong></span> 
     </span>
     <span class='ocr_line' id='line_1_94' title="bbox 1447 3668 2522 3733; baseline -0.007 -9"><span class='ocrx_word' id='word_1_484' title='bbox 1447 3675 1542 3732; x_wconf 85' lang='lat' dir='ltr'><strong>ait,</strong></span> <span class='ocrx_word' id='word_1_485' title='bbox 1564 3676 1580 3703; x_wconf 89' lang='lat'>‘</span> <span class='ocrx_word' id='word_1_486' title='bbox 1609 3674 1727 3726; x_wconf 84' lang='lat' dir='ltr'><strong>Non</strong></span> <span class='ocrx_word' id='word_1_487' title='bbox 1761 3675 1877 3724; x_wconf 85' lang='lat' dir='ltr'><strong>ullis</strong></span> <span class='ocrx_word' id='word_1_488' title='bbox 1913 3682 2056 3724; x_wconf 83' lang='lat' dir='ltr'><strong>recte</strong></span> <span class='ocrx_word' id='word_1_489' title='bbox 2086 3670 2261 3733; x_wconf 78' lang='lat' dir='ltr'><strong>factis,</strong></span> <span class='ocrx_word' id='word_1_490' title='bbox 2290 3684 2390 3720; x_wconf 90' lang='lat' dir='ltr'><strong>non</strong></span> <span class='ocrx_word' id='word_1_491' title='bbox 2422 3668 2522 3718; x_wconf 45' lang='lat' dir='ltr'><strong>de*</strong></span> 
     </span>
     <span class='ocr_line' id='line_1_95' title="bbox 1451 3748 2518 3817; baseline -0.006 -16"><span class='ocrx_word' id='word_1_492' title='bbox 1451 3751 1608 3815; x_wconf 88' lang='lat' dir='ltr'><strong>nique</strong></span> <span class='ocrx_word' id='word_1_493' title='bbox 1642 3752 1816 3817; x_wconf 85' lang='lat' dir='ltr'><strong>aliquo</strong></span> <span class='ocrx_word' id='word_1_494' title='bbox 1850 3750 2098 3802; x_wconf 82' lang='lat' dir='ltr'><strong>mediocri</strong></span> <span class='ocrx_word' id='word_1_495' title='bbox 2126 3748 2281 3809; x_wconf 82' lang='lat' dir='ltr'><strong>bono,</strong></span> <span class='ocrx_word' id='word_1_496' title='bbox 2302 3752 2379 3797; x_wconf 89' lang='lat' dir='ltr'><strong>tot</strong></span> <span class='ocrx_word' id='word_1_497' title='bbox 2402 3753 2518 3796; x_wconf 86' lang='lat' dir='ltr'><strong>tan·</strong></span> 
     </span>
     <span class='ocr_line' id='line_1_96' title="bbox 1450 3824 2522 3893; baseline -0.007 -15"><span class='ocrx_word' id='word_1_498' title='bbox 1450 3833 1616 3893; x_wconf 83' lang='lat' dir='ltr'><strong>taque</strong></span> <span class='ocrx_word' id='word_1_499' title='bbox 1644 3829 1757 3892; x_wconf 87' lang='lat' dir='ltr'><strong>ejus</strong></span> <span class='ocrx_word' id='word_1_500' title='bbox 1791 3827 1918 3878; x_wconf 84' lang='lat' dir='ltr'><strong>vitia</strong></span> <span class='ocrx_word' id='word_1_501' title='bbox 1938 3827 2208 3877; x_wconf 81' lang='lat' dir='ltr'><strong>sublevata</strong></span> <span class='ocrx_word' id='word_1_502' title='bbox 2228 3837 2361 3887; x_wconf 85' lang='lat' dir='ltr'><strong>esse,</strong></span> <span class='ocrx_word' id='word_1_503' title='bbox 2382 3824 2522 3872; x_wconf 81' lang='lat' dir='ltr'><strong>exis-</strong></span> 
     </span>
     <span class='ocr_line' id='line_1_97' title="bbox 1449 3900 2524 3956; baseline -0.005 -2"><span class='ocrx_word' id='word_1_504' title='bbox 1449 3903 1806 3956; x_wconf 88' lang='lat' dir='ltr'><strong>timabuntur.’</strong></span> <span class='ocrx_word' id='word_1_505' title='bbox 1849 3904 1998 3955; x_wconf 89' lang='lat' dir='ltr'><strong>Idem</strong></span> <span class='ocrx_word' id='word_1_506' title='bbox 2023 3903 2176 3954; x_wconf 87' lang='lat' dir='ltr'><strong>Verr.</strong></span> <span class='ocrx_word' id='word_1_507' title='bbox 2197 3913 2252 3951; x_wconf 82' lang='lat' dir='ltr'><strong>x.</strong></span> <span class='ocrx_word' id='word_1_508' title='bbox 2275 3905 2324 3949; x_wconf 85' lang='grc'><strong>9.</strong></span> <span class='ocrx_word' id='word_1_509' title='bbox 2348 3908 2364 3931; x_wconf 81' lang='grc'>·</span> <span class='ocrx_word' id='word_1_510' title='bbox 2383 3900 2524 3949; x_wconf 66' lang='lat' dir='ltr'><strong>Haec:</strong></span> 
     </span>
     <span class='ocr_line' id='line_1_98' title="bbox 1447 3976 2519 4046; baseline -0.007 -15"><span class='ocrx_word' id='word_1_511' title='bbox 1447 3995 1578 4031; x_wconf 69' lang='lat' dir='ltr'><strong>tero</strong></span> <span class='ocrx_word' id='word_1_512' title='bbox 1597 3980 1732 4046; x_wconf 88' lang='lat' dir='ltr'><strong>(tam</strong></span> <span class='ocrx_word' id='word_1_513' title='bbox 1755 3980 1946 4030; x_wconf 88' lang='lat' dir='ltr'><strong>acerba</strong></span> <span class='ocrx_word' id='word_1_514' title='bbox 1966 3977 2143 4043; x_wconf 88' lang='lat' dir='ltr'><strong>mala,)</strong></span> <span class='ocrx_word' id='word_1_515' title='bbox 2162 3992 2277 4044; x_wconf 72' lang='lat' dir='ltr'><strong>quse</strong></span> <span class='ocrx_word' id='word_1_516' title='bbox 2304 3976 2385 4025; x_wconf 84' lang='lat' dir='ltr'><strong>vel</strong></span> <span class='ocrx_word' id='word_1_517' title='bbox 2411 3976 2519 4024; x_wconf 82' lang='lat' dir='ltr'><strong>vita</strong></span> 
     </span>
     <span class='ocr_line' id='line_1_99' title="bbox 1449 4056 2518 4120; baseline -0.007 -13"><span class='ocrx_word' id='word_1_518' title='bbox 1449 4056 1635 4107; x_wconf 84' lang='lat' dir='ltr'><strong>redimi</strong></span> <span class='ocrx_word' id='word_1_519' title='bbox 1659 4064 1805 4107; x_wconf 89' lang='lat' dir='ltr'><strong>reete</strong></span> <span class='ocrx_word' id='word_1_520' title='bbox 1826 4063 2062 4120; x_wconf 84' lang='lat' dir='ltr'><strong>possunt,</strong></span> <span class='ocrx_word' id='word_1_521' title='bbox 2082 4056 2339 4105; x_wconf 62' lang='lat' dir='ltr'><strong>estimare</strong></span> <span class='ocrx_word' id='word_1_522' title='bbox 2363 4065 2518 4116; x_wconf 65' lang='lat' dir='ltr'><strong>pecu⁶</strong></span> 
     </span>
     <span class='ocr_line' id='line_1_100' title="bbox 1448 4131 2520 4198; baseline -0.007 -13"><span class='ocrx_word' id='word_1_523' title='bbox 1448 4134 1533 4185; x_wconf 86' lang='lat' dir='ltr'><strong>nia</strong></span> <span class='ocrx_word' id='word_1_524' title='bbox 1566 4149 1669 4185; x_wconf 89' lang='lat' dir='ltr'><strong>non</strong></span> <span class='ocrx_word' id='word_1_525' title='bbox 1703 4133 1879 4198; x_wconf 87' lang='lat' dir='ltr'><strong>queo.’</strong></span> <span class='ocrx_word' id='word_1_526' title='bbox 1949 4132 2099 4183; x_wconf 85' lang='lat' dir='ltr'><strong>Idem</strong></span> <span class='ocrx_word' id='word_1_527' title='bbox 2131 4131 2283 4183; x_wconf 86' lang='lat' dir='ltr'><strong>Verr.</strong></span> <span class='ocrx_word' id='word_1_528' title='bbox 2309 4142 2415 4179; x_wconf 84' lang='lat' dir='ltr'><strong>vu.</strong></span> <span class='ocrx_word' id='word_1_529' title='bbox 2436 4132 2520 4178; x_wconf 83' lang='lat'><strong>⁷8.</strong></span> 
     </span>
     <span class='ocr_line' id='line_1_101' title="bbox 1449 4207 2526 4275; baseline -0.01 -12"><span class='ocrx_word' id='word_1_530' title='bbox 1449 4214 1471 4243; x_wconf 50' lang='grc' dir='ltr'>ί</span> <span class='ocrx_word' id='word_1_531' title='bbox 1491 4211 1814 4263; x_wconf 64' lang='grc' dir='ltr'><strong>Αῆατὶῐίωῃε</strong></span> <span class='ocrx_word' id='word_1_532' title='bbox 1837 4210 2047 4263; x_wconf 85' lang='lat' dir='ltr'><strong>crimina</strong></span> <span class='ocrx_word' id='word_1_533' title='bbox 2067 4207 2379 4275; x_wconf 82' lang='lat' dir='ltr'><strong>frugalitatis</strong></span> <span class='ocrx_word' id='word_1_534' title='bbox 2409 4208 2526 4255; x_wconf 53' lang='lat' dir='ltr'><strong>laus</strong></span> 
     </span>
     <span class='ocr_line' id='line_1_102' title="bbox 1453 4281 2520 4357; baseline -0.008 -16"><span class='ocrx_word' id='word_1_535' title='bbox 1453 4289 1603 4342; x_wconf 76' lang='lat' dir='ltr'><strong>dibus</strong></span> <span class='ocrx_word' id='word_1_536' title='bbox 1625 4286 1991 4357; x_wconf 63' lang='lat' dir='ltr'><strong>deprecetur?</strong></span> <span class='ocrx_word' id='word_1_537' title='bbox 2059 4287 2177 4341; x_wconf 82' lang='lat' dir='ltr'><strong>Quo</strong></span> <span class='ocrx_word' id='word_1_538' title='bbox 2201 4284 2408 4349; x_wconf 50' lang='lat' dir='ltr'><strong>verbim</strong></span> <span class='ocrx_word' id='word_1_539' title='bbox 2430 4281 2520 4332; x_wconf 79' lang='lat' dir='ltr'><strong>de·</strong></span> 
     </span>
    </p>
   </div>
  </div>
 </body>
</html>
