3017 4942
698 392 766 442 ο.
813 387 1065 440 ΡιιΝιι
1112 386 1443 441 saeuum
1496 387 1777 439 rauna.
1849 389 1901 438 1.
1941 371 2051 438 76.

280 536 475 596 utpote
509 531 739 600 iniquam
770 540 827 585 et
853 533 1057 600 legibus
1079 532 1355 585 dissonam.

287 609 517 662 Paterol.

348 686 611 751 Fortasse]
660 685 919 752 syllabam
964 686 1249 748 retraham,
1283 685 1355 737 Ar

266 759 514 821 sonasse.
547 762 696 825 Lips-

364 837 587 887 Fon-eme
606 837 888 901 imperator]
922 838 1045 888 Nou
1068 837 1238 900 video,
1261 851 1356 887 cnr

284 911 502 973 Lipsius
529 915 796 963 retrabere
832 914 1052 963 voluerit
1088 913 1359 977 syllabam,

277 1000 348 1042 ut
367 991 542 1055 fieret,
562 993 857 1052 Atsortasse
878 994 1045 1056 imper.
1114 993 1210 1044 Cui
1233 1004 1355 1043 con-

273 1069 515 1132 jecturae
550 1085 648 1120 nec
680 1071 815 1119 ullus
859 1068 1175 1133 suffragatur
1207 1069 1358 1119 liber.

282 1147 363 1195 Et
384 1145 581 1196 librarii
605 1146 848 1196 mendum
872 1154 974 1209 est,
997 1147 1086 1211 qui
1111 1161 1204 1209 pro
1226 1160 1356 1195 voce

279 1221 563 1285 irrepet-utor,
588 1223 639 1272 in
677 1222 858 1272 codice
878 1222 1112 1288 Guelpb.
1136 1222 1358 1287 rescrip-

282 1298 361 1347 sit
381 1299 649 1361 imperium.
676 1300 936 1350 Selium.

353 1374 438 1427 Ad
477 1376 796 1429 reverentiam
836 1377 938 1438 ejas
970 1375 1356 1442 componebatur]

282 1449 339 1499 1.
373 1464 424 1501 e.
463 1452 704 1516 quamdiu
747 1454 1032 1516 imperator
1077 1451 1350 1514 (Domitia-

280 1526 414 1591 nus)
459 1529 661 1579 senatui
701 1530 986 1591 intererat3
1023 1528 1162 1579 forte
1194 1530 1272 1579 ita
1303 1545 1359 1581 se

281 1601 541 1667 fingebat,
557 1606 633 1655 ita
654 1605 912 1656 formabat
941 1606 1282 1671 parabatque,
1301 1613 1359 1657 ut

283 1688 528 1729 senatum
571 1683 800 1730 revereri
844 1681 1126 1732 videretur.
1181 1684 1357 1732 Minus

285 1764 418 1819 apte
441 1758 717 1808 Catanaens
740 1760 825 1809 liic
849 1759 1097 1821 cogitavit
1120 1759 1187 1808 de
1207 1759 1360 1809 lecti·

283 1846 371 1888 ca,
392 1848 496 1896 qua
518 1835 850 1884 Domitianus
874 1835 1080 1885 delatus
1105 1836 1173 1885 sit
1196 1836 1249 1885 in
1280 1850 1356 1886 se·

281 1917 489 1961 natum.
521 1908 539 1937 ‘
557 1910 808 1973 Componi
837 1925 921 1960 res
940 1909 956 1932 ³
990 1912 1201 1975 proprie
1234 1911 1359 1961 dici·

288 1991 396 2040 tur,
429 2000 541 2048 quae
567 1987 904 2047 construitur,
927 1997 983 2037 et
1006 1989 1058 2036 in
1084 1987 1357 2037 decentem

284 2059 526 2110 ordinem
544 2063 814 2125 redigitur.
868 2064 1114 2128 Eleganti
1135 2063 1360 2116 formula

287 2136 487 2188 dicitur
508 2138 574 2189 de
599 2140 681 2204 iis,
715 2141 802 2204 qui
824 2142 922 2204 ipsi
946 2156 1003 2190 se
1027 2141 1091 2190 ad
1116 2143 1357 2191 simulan-

289 2211 414 2263 dum
438 2214 655 2278 aliquid,
690 2223 782 2265 aut
812 2216 1259 2275 dissimulandum,
1281 2218 1359 2267 in·

288 2293 519 2343 struunt,
546 2305 606 2338 ac
631 2301 954 2352 comparant.
1022 2293 1109 2342 Sic
1129 2293 1267 2343 Plin.
1288 2295 1358 2343 E-

288 2365 417 2428 pist.
442 2378 502 2414 n.
523 2370 608 2415 20.
630 2367 695 2415 de
719 2368 939 2432 Regulo,
963 2368 1026 2417 ad
1047 2370 1358 2431 gravitatem

287 2449 347 2493 et
386 2441 760 2493 dubitationem
809 2445 1149 2500 simulandam
1184 2461 1241 2496 se
1272 2461 1363 2509 pa·

287 2528 463 2580 rante,
506 2530 523 2555 ¹
546 2524 828 2588 Componit
875 2527 1095 2583 vultum,
1132 2525 1363 2575 intendit

288 2599 486 2661 oculos,
520 2610 694 2650 movet
729 2600 915 2662 labra,’
950 2605 1051 2652 &m
1119 2601 1270 2650 Idem
1293 2602 1362 2650 E-

287 2674 416 2738 pist.
450 2689 540 2726 ιιι.
560 2679 642 2724 16.
663 2676 728 2727 de
755 2678 970 2739 Fannia,
1005 2678 1362 2727 dissimulante

290 2752 581 2817 tristitiam,
604 2758 619 2782 ‘
636 2755 704 2803 Se
728 2754 891 2805 dolori
917 2755 1112 2816 dabat3
1147 2757 1367 2817 satiata,

287 2827 445 2879 siccis
482 2830 666 2886 oculis,
706 2831 996 2893 composito
1035 2833 1198 2892 vultu,
1224 2831 1363 2881 redi-

286 2902 421 2954 bat-⁹
472 2905 647 2954 Tacit.
674 2903 866 2955 Annal.
900 2919 1026 2955 xtn.
1053 2910 1138 2956 20.
1177 2908 1193 2935 ‘
1211 2906 1362 2955 Paris

285 2978 476 3029 histrio
520 2985 645 3029 tunc
691 2984 1013 3045 compositus
1058 2982 1122 3032 ad
1170 2983 1362 3031 moesti-

286 3052 456 3103 tiamss
522 3053 817 3120 Aliquando
864 3065 1036 3107 tamen
1076 3058 1271 3107 dicitnr
1306 3066 1363 3109 et

287 3129 359 3179 de
385 3130 467 3194 iis,
500 3132 588 3195 qui
625 3133 759 3181 citra
796 3133 1071 3182 simulandi
1103 3141 1195 3184 aut
1216 3134 1362 3184 dissi·

288 3207 521 3257 mulandi
549 3209 798 3271 animum,
831 3211 912 3259 vel
936 3210 1130 3273 studio,
1164 3212 1245 3260 vel
1276 3226 1362 3260 na·

290 3289 430 3339 tura,
471 3281 538 3331 ad
591 3283 788 3348 aliquid
835 3293 1104 3349 parantur,
1151 3291 1207 3335 et
1248 3286 1362 3349 apti

285 3367 431 3410 suut.
495 3360 751 3413 Quinctil.
792 3361 971 3412 Instit.
1007 3362 1163 3412 Orat.
1208 3377 1274 3413 11.
1310 3367 1362 3415 8.

285 3435 444 3485 ‘Erit
473 3437 603 3486 alius
647 3436 875 3487 historiae
912 3439 1076 3503 magis
1125 3438 1363 3499 idoneus,

289 3513 426 3563 alius
449 3515 591 3564 utilis
626 3513 798 3564 studio
817 3515 972 3579 juris,
997 3516 1130 3565 alius
1153 3530 1363 3580 compo·

290 3590 422 3640 situs
453 3591 516 3641 ad
561 3591 805 3642 carmen?
870 3593 1122 3644 Germani
1164 3594 1366 3657 dicunt,

290 3670 370 3718 Er
400 3671 466 3720 ist
498 3672 644 3720 dum
671 3670 938 3734 uufgelegt.
993 3673 1105 3722 Cic.
1142 3674 1297 3722 Verr.
1326 3687 1367 3723 ι.

291 3748 374 3796 11.
406 3747 422 3774 ‘
443 3745 737 3804 Perficiam,
758 3756 815 3797 ut
831 3762 982 3799 nemo
1000 3764 1226 3814 unquam
1245 3755 1364 3812 post

290 3820 556 3871 hominum
599 3824 898 3873 memoriam
946 3827 1197 3888 paratior,
1236 3825 1362 3888 vigi·

287 3896 501 3953 lautior,
523 3901 863 3963 compositior
897 3901 963 3949 ad
989 3902 1247 3966 judicium
1274 3915 1363 3949 ve-

291 3973 428 4024 nisse
452 3974 726 4026 videatur!
761 3978 915 4027 Idem.

309 4086 313 4090 -
353 4050 420 4100 Se
450 4053 709 4115 recipiebat
738 4053 791 4102 in
825 4054 1108 4118 principem]
1143 4055 1190 4104 1.
1213 4069 1262 4104 e.
1286 4053 1366 4103 di·

291 4126 449 4176 missa
488 4128 636 4177 brevi
690 4129 962 4180 modestiae
1018 4132 1365 4187 simulatione,

292 4202 500 4253 redibat
539 4204 604 4252 ad
645 4206 1005 4256 auctoritatem
1040 4216 1108 4256 et·
1131 4213 1367 4270 potesta-

292 4288 399 4330 tem
425 4282 788 4347 principalem,
814 4284 909 4339 ita,
934 4293 990 4333 ut
1015 4285 1140 4334 nillil
1160 4298 1226 4335 ex
1242 4300 1362 4337 con·

2356 373 2502 441 959·

1432 531 1547 582 silio
1569 546 1632 582 ac
1656 547 1907 583 consensu
1941 538 2170 590 senatus,
2204 534 2377 584 omnia
2395 548 2490 584 suo

1433 623 1530 671 pro
1548 608 1999 674 arbitriojageret.
2032 610 2120 659 Sic
2136 609 2373 674 dicimus,
2388 610 2492 660 ‘re-

1431 685 1613 747 cipere
1648 699 1704 733 se
1740 685 1803 734 sd
1825 684 2068 749 frugem,'
2101 694 2157 736 et
2182 685 2384 737 ‘redire
2421 685 2491 741 ad

1430 760 1679 821 frugem.’
1710 763 1992 826 ‘Princeps
2006 760 2021 782 '
2047 776 2169 811 vero
2185 762 2269 813 hic
2284 779 2494 823 μαι-οη·

1428 840 1577 898 mx&
1614 839 1822 901 ponitur
1849 853 1944 901 pro
1972 838 2246 903 principali
2271 839 2494 889 auctori·

1432 922 1545 963 tate
1588 922 1642 967 et
1679 921 1960 978 potestate,
1994 915 2071 963 uti
2106 914 2242 978 apud
2280 915 2496 964 Sueton-

1430 990 1554 1039 Tib.
1588 1005 1708 1054 cap.
1740 995 1823 1041 38.
1856 991 2166 1041 ‘Paullatim
2208 991 2493 1055 principem

1431 1068 1685 1127 exseruit,
1722 1067 2109 1133 praestititque.’
2175 1068 2372 1118 Plinius
2409 1083 2494 1117 su-

1433 1160 1549 1210 pra,
1571 1160 1631 1196 ιι.
1656 1148 1705 1197 8.
1732 1154 1745 1176 ·
1768 1146 2039 1209 Agnoscit,
2074 1148 2355 1211 sentitque,
2378 1147 2498 1210 sibi,

1430 1235 1534 1271 non
1575 1223 1817 1286 principi,
1851 1223 1994 1273 dici.'
2060 1226 2129 1273 Et
2162 1238 2280 1274 mox
2311 1225 2362 1273 in
2394 1225 2496 1275 boe

1433 1298 1625 1362 capite,
1665 1305 1681 1329 ⁸
1700 1299 1845 1349 Nihil
1877 1298 2011 1348 iufra
2038 1313 2093 1348 se
2127 1300 2371 1362 putabat,
2392 1299 2496 1349 nisi

1432 1375 1570 1438 quod
1592 1372 1729 1423 infra
1749 1377 2011 1425 consulem
2033 1375 2209 1435 esset,'
2231 1377 2265 1425 i.
2290 1389 2339 1424 e.
2359 1374 2499 1426 infra

1432 1451 1657 1500 consulis
1673 1452 1997 1514 dignitatem.
2031 1452 2095 1501 In
2109 1452 2372 1502 codicibus
2387 1453 2498 1501 Va·

1431 1526 1617 1576 ticauis
1661 1532 1810 1579 8461.
1851 1534 1906 1578 et
1952 1533 2096 1579 1⁷76.
2126 1529 2377 1593 scriptum
2410 1536 2497 1580 est

1433 1602 1498 1650 In
1539 1603 1871 1665 imperatorem
1916 1604 2217 1668 principem,-
2259 1603 2351 1653 sed
2394 1618 2495 1653 vox

1432 1678 1786 1741 imperatorem,
1826 1694 1980 1743 quam
2022 1695 2084 1728 ex
2128 1681 2298 1743 glossa
2329 1681 2498 1741 irrep-

1433 1754 1562 1804 sisse
1586 1764 1731 1817 puto,
1750 1761 1895 1805 recte
1919 1755 2074 1805 abest
2095 1770 2126 1806 a
2144 1755 2332 1807 ceteris
2351 1756 2496 1806 libris

1431 1830 1689 1880 omnibus.
1723 1832 1875 1881 Idem.

1501 1908 1784 1957 Consulario
1804 1908 1958 1974 officia
1982 1905 2199 1970 abigere]
2247 1909 2293 1958 1.
2316 1923 2365 1959 e.
2387 1922 2497 1958 om·

1433 1996 1526 2032 nes
1548 1992 1725 2048 partes
1754 1985 1983 2033 muneris
2006 1994 2060 2034 et
2082 1983 2237 2035 officii
2261 1988 2497 2036 consula·

1433 2061 1505 2108 ris
1532 2061 1712 2110 missas
1736 2060 1928 2118 facere,
1950 2068 2006 2111 et
2029 2062 2176 2126 quasi
2200 2076 2264 2111 ex
2288 2060 2500 2113 fastidio

1433 2137 1680 2200 rejicere.
1757 2139 1864 2189 Pro
1907 2139 2066 2188 verbo
2107 2140 2317 2205 obigere,
2361 2142 2501 2190 Livi·

1433 2215 1584 2265 neius
1622 2215 1804 2264 maluit
1833 2216 2021 2281 legere
2064 2216 2299 2277 afflare,-
2341 2224 2501 2280 prout

1434 2291 1636 2341 Plinius
1660 2306 1837 2355 supra,
1868 2306 1999 2342 va.
2024 2295 2072 2340 8.
2103 2293 2256 2354 dixit,
2278 2294 2295 2323 ‘
2318 2308 2500 2343 consu-

1437 2368 1602 2417 latnm
1648 2368 1881 2432 abjicere
1920 2382 2016 2434 per
2062 2368 2327 2420 edictum-³
2391 2370 2500 2423 sed

1435 2443 1554 2494 huic
1586 2445 1858 2494 mutationi
1882 2446 2051 2494 nullus
2074 2445 2203 2494 liber
2225 2444 2387 2505 favet,
2421 2453 2500 2496 at.

1436 2535 1537 2584 qne
1594 2529 1873 2586 utrumque
1930 2522 2162 2578 verbum,
2210 2521 2400 2584 abigere
2443 2530 2502 2573 et

1433 2597 1656 2661 abiicere,
1693 2612 1799 2646 rem
1834 2598 2052 2647 eandem
2083 2605 2260 2660 potest
2280 2607 2497 2659 notare;

1435 2675 1572 2738 quod
1600 2682 1745 2724 recte
1776 2673 2146 2724 animadvertit
2170 2673 2504 2725 Arntzenius·

1436 2750 1645 2811 Abigea
1680 2755 1762 2798 est
1794 2750 1940 2814 quasi
1980 2763 2075 2811 per
2110 2750 2230 2811 vim,
2255 2758 2345 2800 aut
2377 2765 2504 2800 con·

1437 2834 1676 2886 temtum,
1711 2839 1792 2875 res
1819 2839 2131 2890 personasve
2157 2826 2309 2875 nobis
2333 2827 2504 2890 ingra-

1439 2912 1519 2955 tas
1542 2918 1602 2954 ac
1623 2905 1865 2953 molestas
1889 2905 2166 2966 repellere.
2223 2905 2306 2955 Sic
2323 2905 2503 2956 dicun-

1437 2988 1525 3031 tur
1565 2981 1789 3031 ‘muscae
1832 2980 2010 3044 abigi,'
2055 2980 2267 3031 Phaedr.
2304 2995 2379 3033 tv.
2417 2987 2503 3036 23.

1437 3056 1639 3106 Plinius
1655 3071 1830 3120 snpra,
1846 3070 1960 3106 ιιι.
1979 3061 2028 3106 1.
2042 3057 2192 3117 dixit,
2210 3058 2226 3086 ‘
2243 3058 2507 3109 delatores

1436 3133 1711 3196 abegisse.⁹
1761 3133 1952 3183 Horat.
1997 3134 2169 3197 Epist.
2208 3147 2251 3185 1.
2302 3139 2382 3184 15.
2422 3138 2510 3189 19.

1438 3210 1632 3260 Vinum
1665 3212 1681 3239 ‘
1701 3225 2007 3274 generosum
2043 3219 2099 3262 et
2132 3212 2249 3262 lene
2281 3214 2508 3278 requiro,

1440 3285 1593 3339 Quod
1619 3301 1771 3336 curas
1795 3285 2015 3349 abigat!
2047 3289 2200 3339 Idem.
2267 3312 2272 3321 ·

1507 3362 1791 3412 Cous-ilario
1817 3362 1993 3429 officia]
2046 3364 2177 3423 Qum
2201 3365 2506 3428 complexus

1438 3438 1681 3488 ovid-ad
1700 3440 1850 3489 Sext.
1893 3441 2237 3503 Pompeium:
2265 3441 2281 3468 ‘
2298 3441 2404 3489 Aut
2423 3450 2505 3490 re·

1438 3522 1530 3577 get
1560 3516 1650 3565 ille
1680 3531 1815 3579 suos,
1839 3517 2062 3566 dicendo
2087 3518 2232 3581 jura,
2253 3517 2510 3580 Quirites,

1437 3592 1790 3655 Conspicuum
1813 3595 1971 3656 signis
2002 3608 2120 3644 cum
2147 3604 2349 3658 premet
2369 3596 2506 3644 altus

1437 3669 1569 3718 ebur
1596 3687 1610 3716 ι
1653 3669 1766 3721 Aut
1812 3673 1989 3734 populi
2037 3671 2234 3721 reditus
2282 3674 2510 3734 positam

1437 3752 1715 3806 componet
1746 3746 1813 3795 ad
1836 3747 2056 3808 hastam,
2087 3747 2157 3796 Et
2180 3747 2338 3795 minui
2364 3762 2506 3809 mag·

1438 3837 1519 3871 nae
1540 3837 1641 3871 non
1658 3825 1794 3874 sinet
1816 3825 1957 3874 urbis
1974 3839 2096 3887 opes
2112 3840 2128 3886 3
2152 3822 2257 3874 Aut
2273 3833 2332 3874 ut
2350 3831 2508 3877 erunt

1442 3910 1618 3963 patres
1638 3901 1689 3950 in
1707 3900 1742 3953 J
1749 3903 1852 3951 ulia
1872 3903 2070 3964 templa
2087 3902 2273 3965 vocati,
2294 3902 2371 3949 De
2397 3911 2509 3951 tan·

1439 3984 1496 4026 to
1516 3976 1685 4040 dignis
1709 3978 1922 4028 consule
1946 3978 2098 4027 rebus
2120 3986 2268 4039 aget:
2298 3976 2405 4027 Aut
2429 3978 2508 4027 fe-

1440 4060 1525 4101 ret
1553 4051 1788 4116 Augusto
1806 4054 2007 4103 solitam
2026 4062 2247 4117 natoque
2269 4054 2508 4108 salutem,

1441 4128 1628 4192 Deque
1662 4143 1844 4193 parum
1881 4136 2002 4178 noto
2035 4129 2271 4179 consulet
2301 4127 2509 4181 officio!

1441 4206 1603 4255 Bern-

1505 4282 1745 4347 Abigere]
1779 4284 1960 4347 Forte,
1990 4282 2204 4345 abjicere.
2241 4284 2410 4335 Livin-
