3017 4942
680 413 748 461 C·
793 411 1045 462 PL1N11
1098 410 1431 464 SEoUNm
1487 410 1766 460 PANEG.

255 550 503 607 amuda
548 553 702 619 Dens,
742 555 878 606 Deris
919 555 1085 606 insilit
1122 551 1310 606 hostis?

258 631 488 682 Proxime
522 646 727 697 quoque
766 647 1068 697 germanum
1102 639 1187 683 est
1222 647 1307 684 ex·

254 714 394 773 perio,
431 723 536 759 nou
570 715 806 774 amu.
876 711 1041 760 Patet
1080 712 1148 760 de
1190 725 1308 760 sen·

258 786 427 836 tentia.
493 786 578 837 Ne
602 785 785 836 durum
819 794 876 837 et
900 787 1087 837 infelix
1114 787 1212 837 tibi
1237 788 1309 838 sit

255 861 412 912 fontes
451 876 662 925 semper
695 870 752 913 et
794 863 939 914 lacus
975 864 1137 925 adire,
1171 862 1307 913 irarnd

256 937 365 988 dnm
400 945 648 1002 experto,
686 939 836 1006 ‘qun
881 942 1041 990 miser
1081 938 1309 1004 ignotis?

257 1019 347 1068 &c.
379 1016 548 1067 Livia.

311 1093 504 1158 Fontes,
517 1094 691 1152 maffia,
704 1096 999 1161 damant]
1017 1098 1167 1148 Solus
1185 1097 1310 1147 Cus-

256 1169 482 1233 pinianus
497 1186 593 1234 pro
604 1172 1096 1239 vocefontes,edidit
1111 1180 1311 1224 montes.

256 1247 353 1298 Pro
387 1248 551 1299 verbo
583 1250 875 1307 deserviunt,
907 1252 1125 1302 Vossius
1157 1266 1312 1302 anno·

256 1324 379 1375 tavit
414 1325 745 1378 destruuntur.
812 1326 915 1377 Sed
961 1327 1175 1377 verbum
1229 1329 1314 1377 de·

254 1400 473 1462 masne,
491 1400 530 1451 i.
550 1415 599 1452 e.
617 1403 826 1453 omnino
841 1402 1098 1465 serviunt,
1118 1404 1314 1466 optime

257 1474 347 1525 lunc
381 1476 626 1542 quadret,
667 1490 768 1543 quo
812 1479 973 1528 etiam
1010 1480 1217 1543 Cicero,
1257 1486 1316 1528 et

257 1550 371 1600 alibi
392 1551 617 1616 Plinius,
640 1553 916 1619 aliquoties
934 1555 1011 1605 usi
1036 1563 1174 1605 sunt.
1217 1556 1314 1605 Ce-

257 1633 432 1685 terum,
466 1627 540 1677 de
571 1628 831 1680 immensis
859 1630 1156 1696 principum
1191 1646 1317 1696 quo·

257 1703 457 1754 tundam
482 1706 897 1770 possessionibus
912 1723 1010 1759 non
1031 1725 1196 1774 pauca
1214 1723 1317 1760 me-

257 1787 451 1832 morant
481 1784 790 1847 scriptores.
846 1785 1004 1849 Apud
1034 1787 1252 1836 Petron.
1272 1800 1317 1836 c.

258 1860 333 1909 48.
382 1859 682 1919 Trimalcio,
716 1862 812 1912 sub
850 1877 972 1927 quo,
1003 1871 1093 1913 aut
1113 1862 1320 1913 Tiberi·

259 1948 352 1991 rim,
376 1942 467 1984 ant
489 1936 801 2000 Caligulam,
836 1945 927 1988 aut
952 1939 1214 1990 Neronem
1246 1942 1319 1990 la·

262 2015 383 2066 tere,
425 2024 530 2060 non
567 2012 695 2062 nulli
729 2018 938 2078 putant,
963 2014 1323 2078 jactabundus

262 2087 347 2148 sit,
365 2088 380 2115 ‘
398 2086 770 2139 suburbanum
794 2104 961 2140 meum
985 2090 1180 2141 dicitur
1200 2105 1323 2141 con·

260 2160 355 2212 fine
384 2178 500 2214 esse
536 2164 979 2216 Taracinensibus
1004 2173 1060 2218 et
1082 2168 1323 2218 Tarenti·

260 2240 332 2289 nis
363 2239 518 2307 (locis
555 2243 835 2307 plurimum
861 2260 893 2294 a
915 2259 973 2294 se
996 2245 1321 2310 disjunctis).

261 2317 408 2369 Nunc
429 2321 753 2384 conjungere
778 2323 957 2387 agellis
981 2322 1212 2373 Siciliam
1235 2338 1325 2373 vo·

259 2394 323 2458 lo,
354 2402 429 2454 ut,
464 2411 584 2448 cum
609 2395 849 2449 Africam
873 2399 1086 2449 libuerit
1108 2399 1206 2464 ire,
1228 2414 1325 2464 per

260 2485 391 2523 meos
409 2472 541 2524 fines
566 2473 842 2538 navigem?
874 2475 1078 2528 Quibus
1105 2477 1276 2527 verbis
1293 2492 1326 2527 a

259 2548 485 2613 Satyrico
506 2552 875 2616 perstringitur
897 2552 915 2582 ‘
933 2552 1117 2618 ingens
1136 2554 1224 2603 illa
1239 2568 1325 2604 cu·

261 2624 396 2690 pido,
410 2633 464 2677 et
479 2627 662 2676 insana
677 2626 839 2678 libido
853 2642 1007 2691 agros
1024 2630 1330 2680 continuan-

262 2701 414 2764 di,’ut
430 2703 611 2754 Livius
629 2711 802 2761 vocat,
815 2718 1021 2755 xxxiv.
1035 2710 1086 2756 4.
1121 2706 1328 2757 Plinius

263 2775 425 2843 Major
466 2792 674 2830 xxxvl.
711 2783 794 2830 15.
824 2780 951 2830 ‘Bis
987 2783 1206 2833 vidimus
1242 2799 1325 2833 ur·

262 2854 372 2905 bern
393 2863 559 2907 totam
584 2857 725 2922 cingi
748 2857 988 2909 domibus
1014 2860 1330 2924 principum,

265 2928 389 2994 Caii,
424 2939 482 2982 et
519 2932 767 2991 Neronis,
807 2941 861 2984 et
901 2935 1054 2999 hujus
1099 2936 1330 3000 quidem,

264 3020 326 3057 ue
346 3008 468 3073 quid
492 3008 727 3072 deesset,
752 3009 946 3060 aurea.’
1003 3011 1086 3061 Cf.
1111 3012 1327 3062 Sueten.

267 3081 389 3133 Ner.
428 3099 551 3151 cup.
584 3089 669 3137 31.
714 3093 772 3137 et
815 3087 1004 3138 Senec.
1040 3088 1208 3153 Epist.
1244 3092 1327 3139 89.

270 3160 507 3213 Schwart-

325 3240 434 3297 Est‚
468 3241 596 3307 quod
639 3239 831 3305 Cesar]
881 3242 1102 3292 varient
1137 3242 1224 3293 hic
1267 3242 1327 3293 li·

266 3312 360 3366 bri.
401 3317 530 3368 eod.
552 3318 841 3368 Vaticanus
863 3324 1008 3370 1475.
1024 3320 1264 3369 Venetus
1279 3323 1327 3370 1.

269 3391 691 3460 Salisburgensis,
725 3395 1243 3460 Guelpherbytanus,
1277 3403 1334 3447 et

270 3482 421 3528 meus,
444 3471 640 3522 habent
666 3472 736 3521 Et
752 3475 875 3536 quod
894 3475 1061 3522 Caesar
1080 3488 1217 3523 suum
1237 3487 1333 3523 non

269 3545 450 3598 videat?
465 3547 541 3598 At
557 3548 723 3597 codex
739 3548 1074 3609 Parmensis,
1089 3550 1331 3600 Venetus

270 3624 403 3684 2.et‚
425 3624 475 3673 in
500 3625 767 3688 impressis
795 3625 962 3688 libris,
988 3626 1331 3684 Puteolanus,

273 3706 324 3748 et
344 3699 649 3760 Beroaldus,
679 3704 740 3752 Et
764 3705 881 3766 quid
902 3706 1066 3755 Coesar
1082 3720 1173 3754 non
1194 3720 1331 3755 suum

272 3775 451 3828 rideat?
519 3778 740 3845 Optima
780 3781 941 3832 lectio
981 3789 1064 3832 est
1098 3784 1330 3847 vulgata,

275 3867 380 3918 quae
402 3863 527 3921 apte
563 3859 807 3922 congruit
841 3873 960 3910 cum
991 3860 1328 3925 sequentibus

275 3931 454 3998 verbis,
487 3940 545 3985 et
578 3949 733 4000 quam
772 3943 883 3986 tres
916 3936 1081 3987 ceteri
1120 3937 1330 3989 codices

277 4007 507 4077 Vaticani
525 4011 852 4064 confirmant.
891 4014 1041 4063 Idem.

335 4085 443 4149 Est,
462 4089 584 4151 quod
605 4089 795 4155 Cesar]
835 4088 1027 4159 Ecquid
1050 4089 1220 4138 cam·
1241 4086 1329 4139 Li-

280 4158 373 4209 rin.
394 4160 448 4211 iu
484 4171 652 4214 textu.
718 4164 821 4215 Sed
853 4164 907 4216 in
939 4166 1195 4230 margine,
1217 4167 1330 4224 Est,

281 4238 389 4298 quod
413 4239 575 4291 cmar
597 4241 666 4293 G.
684 4248 848 4293 recte.
884 4242 1125 4315 Rittersh.

339 4316 445 4382 Eut,
494 4321 618 4387 quod
662 4319 852 4386 C'oesar]
912 4319 1099 4387 Ecquid
1145 4322 1329 4374 (ἔθεον.

1850 410 1900 459 1.
1947 393 2057 461 50.
2317 397 2450 465 ’739

1384 554 1631 606 Postulat
1664 554 1778 606 fere
1812 556 2086 607 sententiae
2121 570 2305 621 nexus,
2343 557 2455 622 Est,

1382 632 1505 697 qnod
1542 633 1729 696 Cesar,
1762 633 1840 683 uti
1875 633 2199 698 adscriptum
2232 641 2348 685 erat
2384 636 2450 686 ad

1384 723 1527 758 oram
1550 708 1794 759 editionis
1815 710 2149 774 Livineisnae,
2171 715 2230 760 et
2259 712 2456 776 reperit

1385 785 1438 835 in
1493 785 1730 837 editione
1772 786 2060 838 Viennensi
2115 787 2457 852 Bongsrsius.

1389 861 1593 912 Gruter.
1892 918 1898 926 ‚

1449 939 1565 993 Est,
1606 939 1732 1002 quod
1775 937 1969 1003 C'oesur]
2040 938 2232 1003 Ecquid
2276 941 2460 991 C'oesur.

1385 1015 1680 1064 ‘Universa
1717 1015 1771 1064 in
1806 1014 2028 1079 imperio
2070 1016 2184 1079 ejus
2222 1024 2364 1081 sunt,
2402 1019 2458 1067 iu

1388 1089 1702 1154 patrimonio
1731 1088 1981 1155 propria.’
2045 1089 2172 1143 Sen.
2193 1092 2259 1143 B.
2281 1105 2385 1143 vu.
2409 1095 2463 1140 6.

1389 1167 1542 1217 Bern-

1456 1244 1757 1308 Tandemqioe
1794 1242 2072 1308 imper-inm]
2126 1244 2291 1296 Quasi
2333 1246 2458 1298 olim

1389 1322 1684 1387 principum
1737 1323 2086 1386 possessiones
2144 1335 2241 1385 per
2288 1329 2461 1373 totum

1389 1397 1664 1461 imperium
1691 1411 1905 1462 sparsoe,
1924 1406 1980 1447 et
2003 1397 2080 1446 illi
2110 1413 2259 1461 pene
2282 1414 2461 1464 oequa-

1391 1473 1488 1523 les.
1555 1473 1691 1522 Nam
1724 1481 1919 1529 errant,
1957 1473 2045 1538 qui
2080 1474 2133 1524 in
2166 1474 2322 1525 alium
2346 1476 2463 1527 baec

1391 1563 1597 1600 sensum
1642 1550 1871 1607 trallunt,
1911 1550 2058 1616 quasi
2100 1550 2220 1602 ideo
2260 1552 2276 1582 ‘
2300 1554 2464 1618 mqjus

1389 1624 1686 1689 imperium,
1708 1626 1825 1691 quis
1850 1626 1992 1676 cives
2018 1624 2164 1678 dicto
2187 1627 2464 1681 audientes

1391 1701 1554 1752 sunt.’
1590 1702 1777 1766 Nngae.
1811 1702 1955 1766 Lips-

1463 1778 1761 1842 Tandemque
1795 1778 2070 1843 imperium]
2103 1779 2295 1831 Hocne
2327 1781 2467 1833 inso-

1394 1854 1580 1905 litum?
1614 1854 1861 1906 Omnino.
1899 1855 2132 1906 Aliorum
2166 1857 2467 1922 principum

1395 1932 1768 1997 patrimonium
1818 1931 1930 1984 fere
1966 1934 2212 1999 aequabat
2256 1936 2470 2001 imperi·

1397 2024 1503 2065 um,
1526 2023 1643 2060 cum
1676 2023 1829 2073 paeue
1861 2024 2039 2061 omnes
2074 2011 2278 2075 imperii
2314 2025 2468 2078 agros

1395 2087 1491 2137 soli
1517 2086 1885 2152 possiderent3
1913 2088 2124 2152 Trajani
2147 2103 2275 2141 vero
2298 2104 2469 2142 secus.

1397 2162 1558 2213 Rern.

1464 2239 1726 2303 Imperium
1762 2240 2027 2308 principis]
2065 2242 2307 2294 Pertinet
2349 2243 2473 2308 huc,

1399 2317 1539 2383 quod
1577 2318 1781 2368 Seneca
1814 2317 1880 2367 de
1914 2316 2106 2367 Benef.
2133 2332 2238 2368 vu.
2260 2324 2312 2370 5.
2343 2320 2470 2370 scri·

1400 2396 1516 2447 bit:
1557 2403 1573 2427 ‘
1593 2397 1889 2454 Enimvero,
1924 2398 1998 2449 sic
2028 2399 2202 2448 omnia
2225 2400 2475 2464 sapientis

1400 2488 1516 2524 esse
1539 2474 1677 2534 dico,
1715 2482 1773 2526 ut
1813 2474 1974 2526 nihilo
2006 2476 2173 2524 minus
2206 2476 2474 2540 proprium

1399 2554 1618 2618 quisque
1647 2554 1700 2603 in
1735 2552 1895 2603 rebus
1929 2553 2036 2603 suis
2072 2553 2354 2604 dominium
2387 2553 2479 2604 ha·

1400 2628 1558 2679 beat:
1586 2629 2017 2694 quemadmodum
2049 2628 2146 2679 sub
2171 2630 2369 2693 optimo
2392 2644 2474 2680 re·

1402 2722 1488 2774 ge,
1514 2708 1686 2758 omnia
1710 2722 1806 2757 rex
1840 2708 2062 2771 imperio
2088 2708 2340 2772 possidet,
2373 2708 2479 2758 sin·

1401 2785 1509 2850 guli
1554 2783 1822 2835 dominio!
1892 2785 1965 2834 Et
2005 2798 2121 2848 cap.
2163 2788 2214 2834 6.
2257 2784 2272 2811 ‘
2297 2786 2477 2836 Caessr

1401 2861 1574 2910 omnia
1597 2860 1756 2911 habet
1777 2877 1794 2924 ;
1819 2859 1974 2911 fiscus
1997 2862 2112 2924 ejus
2135 2861 2345 2925 privata
2364 2872 2475 2910 tan·

1403 2944 1533 3001 tum,
1557 2953 1618 2987 ac
1642 2953 1768 2999 sua3
1805 2944 1861 2986 et
1894 2937 2137 2987 universa
2169 2938 2220 2987 in
2254 2937 2475 3000 imperio

1402 3014 1516 3078 ejus
1540 3021 1678 3077 suut,
1704 3016 1755 3064 in
1778 3015 2086 3078 patrimonio
2112 3011 2355 3080 propria-⁹
2406 3014 2476 3063 E·

1403 3090 1612 3155 quidem
1634 3092 1884 3155 imperium
1903 3092 2007 3141 iate
2023 3091 2101 3141 sic
2118 3091 2316 3141 dictum
2335 3104 2474 3141 com-

1405 3166 1655 3228 plectitur
1677 3180 1928 3216 summam
1962 3172 2283 3231 potestatem
2311 3166 2477 3230 impe·

1405 3242 1654 3304 rentium,
1677 3256 1777 3292 non
1813 3243 1978 3293 solum
2006 3244 2197 3294 civium
2232 3242 2331 3293 sibi
2355 3243 2476 3293 sub·

1397 3317 1668 3381 jectorum
1692 3318 1925 3369 actiones
1951 3317 2232 3384 dirigendi,
2262 3319 2352 3369 sed
2377 3321 2479 3369 eti-

1405 3408 1486 3444 am
1509 3395 1578 3445 de
1617 3396 1844 3460 ipsorum
1870 3396 2020 3447 bonis
2047 3397 2111 3446 ad
2137 3397 2355 3448 salutem
2379 3396 2478 3449 rei·

1405 3470 1630 3535 publicae
1668 3471 1997 3536 disponendi.
2063 3472 2181 3524 Quo
2203 3471 2477 3523 referimus

1403 3547 1477 3604 id,
1498 3547 1636 3612 quod
1661 3548 1864 3597 Plinius
1887 3561 2064 3611 supra,
2087 3561 2279 3598 xxvn.
2295 3551 2344 3597 4.
2363 3547 2479 3599 dix·

1404 3622 1466 3686 it,
1489 3625 1505 3652 ‘
1545 3625 1704 3686 Cujus
1728 3634 1829 3680 est,
1852 3622 2101 3687 quidquid
2124 3630 2206 3671 est
2228 3624 2477 3684 omnium,

1406 3709 1608 3753 tantum
1636 3702 1771 3766 ipse,
1794 3707 2041 3765 quantum
2065 3713 2262 3757 omnes,
2284 3699 2479 3750 babet.’

1404 3779 1512 3832 Sed
1559 3781 1792 3844 pertinet
1835 3778 1937 3828 buc
1982 3778 2141 3828 etlam
2195 3783 2209 3806 ·
2219 3776 2308 3840 jus
2349 3778 2478 3827 emi·

1402 3859 1566 3923 nens:
1589 3861 1699 3910 sive
1733 3862 1750 3888 ⁴
1770 3854 2198 3921 supereminens,'
2221 3855 2360 3920 quod
2387 3870 2475 3907 vo-

1402 3943 1530 3988 cant
1564 3935 1703 4000 juris
1761 3942 1963 3983 naturae
2003 3933 2328 3995 scriptores;
2371 3948 2475 3998 quo
2511 3985 2520 3994 ,

1404 4012 1525 4063 boni
1552 4010 1815 4076 principes
1845 4024 1968 4071 uon,
1993 4008 2091 4057 nisi
2127 4018 2351 4072 urgente
2385 4023 2477 4059 ne-

1403 4089 1677 4146 cessitate,
1732 4097 1789 4138 et
1844 4087 1966 4137 boni
2022 4086 2218 4150 publici
2273 4100 2480 4149 caussa,
2554 4094 2559 4105 ‘

1401 4174 1627 4217 utuntur
1639 4184 1656 4231 ;
1693 4165 1817 4216 mali
1850 4179 1975 4214 vero
1999 4179 2160 4228 saepe,
2193 4178 2289 4228 pro
2316 4164 2479 4215 animi

1403 4243 1483 4293 sui
1519 4241 1755 4305 libidine,
1788 4247 1845 4292 et
1881 4248 2128 4306 tauquam
2163 4241 2477 4307 patrimonio

1407 4333 1523 4385 suo,
1558 4319 1862 4372 abutuntur.
1931 4317 2050 4374 Qua
2080 4324 2258 4372 mente
2297 4317 2478 4375 Cesar
