<?xml version="1.0" encoding="UTF-8"?>
<!DOCTYPE html PUBLIC "-//W3C//DTD XHTML 1.0 Transitional//EN"
    "http://www.w3.org/TR/xhtml1/DTD/xhtml1-transitional.dtd">
<html xmlns="http://www.w3.org/1999/xhtml" xml:lang="en" lang="en">
 <head>
  <title>
</title>
<meta http-equiv="Content-Type" content="text/html;charset=utf-8" />
  <meta name='ocr-system' content='tesseract 3.04.00' />
  <meta name='ocr-capabilities' content='ocr_page ocr_carea ocr_par ocr_line ocrx_word'/>
</head>
<body>
  <div class='ocr_page' id='page_1' title='image "./panegyriciveter01unkngoog_0125.png"; bbox 0 0 3017 4942; ppageno 0'>
   <div class='ocr_carea' id='block_1_1' title="bbox 706 379 2061 474">
    <p class='ocr_par' dir='ltr' id='par_1_1' title="bbox 706 379 2061 474">
     <span class='ocr_line' id='line_1_1' title="bbox 706 379 2061 474; baseline 0 -27"><span class='ocrx_word' id='word_1_1' title='bbox 706 399 777 449; x_wconf 83' lang='lat' dir='ltr'><strong>o.</strong></span> <span class='ocrx_word' id='word_1_2' title='bbox 823 395 1071 447; x_wconf 63' lang='lat' dir='ltr'><strong>eman</strong></span> <span class='ocrx_word' id='word_1_3' title='bbox 1118 393 1456 446; x_wconf 68' lang='lat' dir='ltr'><strong>suenum</strong></span> <span class='ocrx_word' id='word_1_4' title='bbox 1506 393 1792 474; x_wconf 61' lang='lat' dir='ltr'><strong>ranna.</strong></span> <span class='ocrx_word' id='word_1_5' title='bbox 1869 394 1923 444; x_wconf 85' lang='lat'><strong>1.</strong></span> <span class='ocrx_word' id='word_1_6' title='bbox 1952 379 2061 447; x_wconf 75' lang='lat'><strong>25.</strong></span> 
     </span>
    </p>
   </div>
   <div class='ocr_carea' id='block_1_2' title="bbox 267 539 1361 1989">
    <p class='ocr_par' dir='ltr' id='par_1_2' title="bbox 267 539 1344 838">
     <span class='ocr_line' id='line_1_2' title="bbox 267 539 1343 607; baseline -0.001 -15"><span class='ocrx_word' id='word_1_7' title='bbox 267 556 338 593; x_wconf 88' lang='lat' dir='ltr'><strong>no</strong></span> <span class='ocrx_word' id='word_1_8' title='bbox 378 540 594 600; x_wconf 85' lang='lat' dir='ltr'><strong>datum,-</strong></span> <span class='ocrx_word' id='word_1_9' title='bbox 623 539 784 592; x_wconf 84' lang='lat' dir='ltr'><strong>tertio</strong></span> <span class='ocrx_word' id='word_1_10' title='bbox 824 553 1013 607; x_wconf 86' lang='lat' dir='ltr'><strong>nempe</strong></span> <span class='ocrx_word' id='word_1_11' title='bbox 1054 541 1343 592; x_wconf 80' lang='lat' dir='ltr'><strong>consulatu.</strong></span> 
     </span>
     <span class='ocr_line' id='line_1_3' title="bbox 268 618 1344 685; baseline -0.002 -15"><span class='ocrx_word' id='word_1_12' title='bbox 268 618 489 683; x_wconf 78' lang='lat' dir='ltr'>Triplex</span> <span class='ocrx_word' id='word_1_13' title='bbox 525 624 703 669; x_wconf 79' lang='lat' dir='ltr'><strong>autem</strong></span> <span class='ocrx_word' id='word_1_14' title='bbox 738 618 806 668; x_wconf 87' lang='lat' dir='ltr'><strong>ab</strong></span> <span class='ocrx_word' id='word_1_15' title='bbox 827 619 925 669; x_wconf 89' lang='lat' dir='ltr'><strong>boc</strong></span> <span class='ocrx_word' id='word_1_16' title='bbox 961 618 1199 685; x_wconf 75' lang='lat' dir='ltr'><strong>principe</strong></span> <span class='ocrx_word' id='word_1_17' title='bbox 1220 632 1344 669; x_wconf 89' lang='lat' dir='ltr'><strong>eon·</strong></span> 
     </span>
     <span class='ocr_line' id='line_1_4' title="bbox 271 694 1343 760; baseline -0.001 -16"><span class='ocrx_word' id='word_1_18' title='bbox 271 695 497 760; x_wconf 77' lang='lat' dir='ltr'><strong>giarium</strong></span> <span class='ocrx_word' id='word_1_19' title='bbox 523 694 811 744; x_wconf 79' lang='lat' dir='ltr'><strong>exhibitum</strong></span> <span class='ocrx_word' id='word_1_20' title='bbox 842 701 1109 746; x_wconf 84' lang='lat' dir='ltr'><strong>testantur</strong></span> <span class='ocrx_word' id='word_1_21' title='bbox 1130 694 1343 754; x_wconf 81' lang='lat' dir='ltr'><strong>nummi,</strong></span> 
     </span>
     <span class='ocr_line' id='line_1_5' title="bbox 268 771 1266 838; baseline -0.002 -16"><span class='ocrx_word' id='word_1_22' title='bbox 268 787 402 838; x_wconf 89' lang='lat' dir='ltr'><strong>qnos</strong></span> <span class='ocrx_word' id='word_1_23' title='bbox 425 771 652 823; x_wconf 81' lang='lat' dir='ltr'><strong>illustrat</strong></span> <span class='ocrx_word' id='word_1_24' title='bbox 673 773 1009 822; x_wconf 83' lang='lat' dir='ltr'><strong>Vaillantius.</strong></span> <span class='ocrx_word' id='word_1_25' title='bbox 1042 772 1266 822; x_wconf 77' lang='lat' dir='ltr'><strong>Putat-ol.</strong></span> 
     </span>
    </p>

    <p class='ocr_par' dir='ltr' id='par_1_3' title="bbox 270 848 1361 1989">
     <span class='ocr_line' id='line_1_6' title="bbox 288 848 1347 913; baseline 0.004 -17"><span class='ocrx_word' id='word_1_26' title='bbox 288 885 297 896; x_wconf 79' lang='grc'><strong><em>,</em></strong></span> <span class='ocrx_word' id='word_1_27' title='bbox 337 849 618 913; x_wconf 73' lang='lat' dir='ltr'><strong>Datumque</strong></span> <span class='ocrx_word' id='word_1_28' title='bbox 669 850 965 913; x_wconf 72' lang='lat' dir='ltr'><strong>congiarium</strong></span> <span class='ocrx_word' id='word_1_29' title='bbox 1013 848 1209 913; x_wconf 72' lang='lat' dir='ltr'><strong>populo]</strong></span> <span class='ocrx_word' id='word_1_30' title='bbox 1264 850 1347 900; x_wconf 82' lang='lat' dir='ltr'><strong>De</strong></span> 
     </span>
     <span class='ocr_line' id='line_1_7' title="bbox 270 926 1346 992; baseline 0.001 -17"><span class='ocrx_word' id='word_1_31' title='bbox 270 926 558 989; x_wconf 73' lang='lat' dir='ltr'><strong>congiariis</strong></span> <span class='ocrx_word' id='word_1_32' title='bbox 590 940 694 976; x_wconf 89' lang='lat' dir='ltr'><strong>non</strong></span> <span class='ocrx_word' id='word_1_33' title='bbox 730 928 857 977; x_wconf 89' lang='lat' dir='ltr'><strong>nibil</strong></span> <span class='ocrx_word' id='word_1_34' title='bbox 887 940 1146 992; x_wconf 79' lang='lat' dir='ltr'><strong>exponam</strong></span> <span class='ocrx_word' id='word_1_35' title='bbox 1167 927 1217 976; x_wconf 89' lang='lat' dir='ltr'><strong>iu</strong></span> <span class='ocrx_word' id='word_1_36' title='bbox 1243 926 1346 977; x_wconf 81' lang='lat' dir='ltr'><strong>Ex·</strong></span> 
     </span>
     <span class='ocr_line' id='line_1_8' title="bbox 270 1003 1345 1056; baseline 0 -4"><span class='ocrx_word' id='word_1_37' title='bbox 270 1015 414 1052; x_wconf 81' lang='lat' dir='ltr'><strong>curs.</strong></span> <span class='ocrx_word' id='word_1_38' title='bbox 438 1014 610 1056; x_wconf 79' lang='lat' dir='ltr'><strong>xxxi.</strong></span> <span class='ocrx_word' id='word_1_39' title='bbox 670 1003 839 1054; x_wconf 83' lang='lat' dir='ltr'><strong>Sicuti</strong></span> <span class='ocrx_word' id='word_1_40' title='bbox 862 1017 986 1054; x_wconf 82' lang='lat' dir='ltr'><strong>vero</strong></span> <span class='ocrx_word' id='word_1_41' title='bbox 1008 1003 1231 1053; x_wconf 80' lang='lat' dir='ltr'><strong>maxime</strong></span> <span class='ocrx_word' id='word_1_42' title='bbox 1256 1003 1345 1053; x_wconf 87' lang='lat' dir='ltr'><strong>tri·</strong></span> 
     </span>
     <span class='ocr_line' id='line_1_9' title="bbox 272 1076 1349 1144; baseline 0.001 -16"><span class='ocrx_word' id='word_1_43' title='bbox 272 1076 467 1139; x_wconf 81' lang='lat' dir='ltr'><strong>bubus,</strong></span> <span class='ocrx_word' id='word_1_44' title='bbox 486 1084 546 1129; x_wconf 90' lang='lat' dir='ltr'><strong>et</strong></span> <span class='ocrx_word' id='word_1_45' title='bbox 577 1079 755 1141; x_wconf 85' lang='lat' dir='ltr'><strong>egenis</strong></span> <span class='ocrx_word' id='word_1_46' title='bbox 786 1079 1005 1143; x_wconf 79' lang='lat' dir='ltr'><strong>civibus,</strong></span> <span class='ocrx_word' id='word_1_47' title='bbox 1030 1079 1216 1144; x_wconf 84' lang='lat' dir='ltr'><strong>quibus</strong></span> <span class='ocrx_word' id='word_1_48' title='bbox 1245 1092 1349 1129; x_wconf 88' lang='lat' dir='ltr'><strong>nou</strong></span> 
     </span>
     <span class='ocr_line' id='line_1_10' title="bbox 272 1154 1349 1223; baseline 0 -17"><span class='ocrx_word' id='word_1_49' title='bbox 272 1154 487 1206; x_wconf 81' lang='lat' dir='ltr'><strong>aliunde</strong></span> <span class='ocrx_word' id='word_1_50' title='bbox 509 1161 627 1207; x_wconf 84' lang='lat' dir='ltr'><strong>erat</strong></span> <span class='ocrx_word' id='word_1_51' title='bbox 650 1156 913 1215; x_wconf 82' lang='lat' dir='ltr'><strong>solatium,</strong></span> <span class='ocrx_word' id='word_1_52' title='bbox 948 1156 1031 1223; x_wconf 88' lang='lat' dir='ltr'><strong>(ut</strong></span> <span class='ocrx_word' id='word_1_53' title='bbox 1061 1156 1216 1209; x_wconf 84' lang='lat' dir='ltr'><strong>Dion.</strong></span> <span class='ocrx_word' id='word_1_54' title='bbox 1240 1156 1349 1206; x_wconf 79' lang='lat' dir='ltr'><strong>He·</strong></span> 
     </span>
     <span class='ocr_line' id='line_1_11' title="bbox 272 1230 1352 1296; baseline 0 -16"><span class='ocrx_word' id='word_1_55' title='bbox 272 1232 554 1281; x_wconf 84' lang='lat' dir='ltr'><strong>licarnass.</strong></span> <span class='ocrx_word' id='word_1_56' title='bbox 576 1231 842 1296; x_wconf 87' lang='lat' dir='ltr'><strong>Antiquit.</strong></span> <span class='ocrx_word' id='word_1_57' title='bbox 862 1230 954 1283; x_wconf 85' lang='lat' dir='ltr'><strong>lib.</strong></span> <span class='ocrx_word' id='word_1_58' title='bbox 977 1245 1057 1284; x_wconf 76' lang='lat' dir='ltr'><strong>iv.</strong></span> <span class='ocrx_word' id='word_1_59' title='bbox 1091 1246 1216 1295; x_wconf 86' lang='lat' dir='ltr'><strong>pag.</strong></span> <span class='ocrx_word' id='word_1_60' title='bbox 1234 1234 1352 1284; x_wconf 77' lang='grc'><strong>228.</strong></span> 
     </span>
     <span class='ocr_line' id='line_1_12' title="bbox 270 1307 1352 1373; baseline 0.003 -17"><span class='ocrx_word' id='word_1_61' title='bbox 270 1307 677 1358; x_wconf 74' lang='lat' dir='ltr'><strong>Valentinianus</strong></span> <span class='ocrx_word' id='word_1_62' title='bbox 700 1308 836 1373; x_wconf 90' lang='lat' dir='ltr'><strong>Imp.</strong></span> <span class='ocrx_word' id='word_1_63' title='bbox 854 1310 956 1373; x_wconf 90' lang='lat' dir='ltr'><strong>leg.</strong></span> <span class='ocrx_word' id='word_1_64' title='bbox 977 1309 1045 1359; x_wconf 85' lang='lat' dir='ltr'><strong>V.</strong></span> <span class='ocrx_word' id='word_1_65' title='bbox 1066 1309 1196 1360; x_wconf 85' lang='lat' dir='ltr'><strong>Cod.</strong></span> <span class='ocrx_word' id='word_1_66' title='bbox 1217 1309 1352 1359; x_wconf 76' lang='lat' dir='ltr'><strong>The·</strong></span> 
     </span>
     <span class='ocr_line' id='line_1_13' title="bbox 273 1382 1352 1451; baseline 0.002 -17"><span class='ocrx_word' id='word_1_67' title='bbox 273 1383 426 1436; x_wconf 85' lang='lat' dir='ltr'><strong>odos.</strong></span> <span class='ocrx_word' id='word_1_68' title='bbox 452 1382 522 1435; x_wconf 90' lang='lat' dir='ltr'><strong>de</strong></span> <span class='ocrx_word' id='word_1_69' title='bbox 557 1385 774 1435; x_wconf 77' lang='lat' dir='ltr'><strong>annonis</strong></span> <span class='ocrx_word' id='word_1_70' title='bbox 808 1385 1008 1449; x_wconf 84' lang='lat' dir='ltr'><strong>civicis,</strong></span> <span class='ocrx_word' id='word_1_71' title='bbox 1047 1382 1352 1451; x_wconf 64' lang='lat' dir='ltr'><strong>testamen)</strong></span> 
     </span>
     <span class='ocr_line' id='line_1_14' title="bbox 274 1459 1354 1525; baseline 0 -12"><span class='ocrx_word' id='word_1_72' title='bbox 274 1459 581 1524; x_wconf 72' lang='lat' dir='ltr'><strong>principum</strong></span> <span class='ocrx_word' id='word_1_73' title='bbox 626 1460 928 1525; x_wconf 80' lang='lat' dir='ltr'><strong>largitiones</strong></span> <span class='ocrx_word' id='word_1_74' title='bbox 972 1461 1354 1513; x_wconf 82' lang='lat' dir='ltr'><strong>distribueban-</strong></span> 
     </span>
     <span class='ocr_line' id='line_1_15' title="bbox 274 1537 1354 1604; baseline 0.001 -17"><span class='ocrx_word' id='word_1_75' title='bbox 274 1545 407 1600; x_wconf 72' lang='lat' dir='ltr'><strong>tur3</strong></span> <span class='ocrx_word' id='word_1_76' title='bbox 448 1538 546 1594; x_wconf 88' lang='lat' dir='ltr'><strong>ita,</strong></span> <span class='ocrx_word' id='word_1_77' title='bbox 584 1551 702 1588; x_wconf 91' lang='lat' dir='ltr'><strong>cum</strong></span> <span class='ocrx_word' id='word_1_78' title='bbox 747 1537 950 1588; x_wconf 85' lang='lat' dir='ltr'><strong>Plinius</strong></span> <span class='ocrx_word' id='word_1_79' title='bbox 982 1538 1155 1604; x_wconf 76' lang='lat' dir='ltr'><strong>dicat,</strong></span> <span class='ocrx_word' id='word_1_80' title='bbox 1197 1539 1354 1589; x_wconf 86' lang='lat' dir='ltr'><strong>etiam</strong></span> 
     </span>
     <span class='ocr_line' id='line_1_16' title="bbox 279 1615 1355 1681; baseline 0.002 -16"><span class='ocrx_word' id='word_1_81' title='bbox 279 1615 484 1681; x_wconf 89' lang='lat' dir='ltr'><strong>populo</strong></span> <span class='ocrx_word' id='word_1_82' title='bbox 510 1616 746 1666; x_wconf 89' lang='lat' dir='ltr'><strong>Romano</strong></span> <span class='ocrx_word' id='word_1_83' title='bbox 779 1616 1097 1681; x_wconf 75' lang='lat' dir='ltr'><strong>congiarium</strong></span> <span class='ocrx_word' id='word_1_84' title='bbox 1127 1631 1240 1668; x_wconf 82' lang='lat' dir='ltr'><strong>esse</strong></span> <span class='ocrx_word' id='word_1_85' title='bbox 1263 1616 1355 1667; x_wconf 85' lang='lat' dir='ltr'><strong>da-</strong></span> 
     </span>
     <span class='ocr_line' id='line_1_17' title="bbox 280 1692 1359 1758; baseline 0 -14"><span class='ocrx_word' id='word_1_86' title='bbox 280 1701 417 1757; x_wconf 88' lang='lat' dir='ltr'><strong>tum,</strong></span> <span class='ocrx_word' id='word_1_87' title='bbox 460 1692 704 1758; x_wconf 77' lang='lat' dir='ltr'><strong>idemque</strong></span> <span class='ocrx_word' id='word_1_88' title='bbox 747 1699 801 1743; x_wconf 86' lang='lat' dir='ltr'><strong>et</strong></span> <span class='ocrx_word' id='word_1_89' title='bbox 842 1694 929 1743; x_wconf 83' lang='lat' dir='ltr'><strong>alii</strong></span> <span class='ocrx_word' id='word_1_90' title='bbox 966 1694 1269 1758; x_wconf 81' lang='lat' dir='ltr'><strong>scriptores,</strong></span> <span class='ocrx_word' id='word_1_91' title='bbox 1300 1698 1359 1744; x_wconf 82' lang='lat' dir='ltr'><strong>et</strong></span> 
     </span>
     <span class='ocr_line' id='line_1_18' title="bbox 282 1769 1358 1831; baseline -0.001 -12"><span class='ocrx_word' id='word_1_92' title='bbox 282 1777 497 1822; x_wconf 78' lang='lat' dir='ltr'><strong>veteres</strong></span> <span class='ocrx_word' id='word_1_93' title='bbox 521 1769 731 1828; x_wconf 87' lang='lat' dir='ltr'><strong>nummi,</strong></span> <span class='ocrx_word' id='word_1_94' title='bbox 763 1777 1057 1831; x_wconf 80' lang='lat' dir='ltr'><strong>testentur3</strong></span> <span class='ocrx_word' id='word_1_95' title='bbox 1093 1770 1251 1820; x_wconf 76' lang='lat' dir='ltr'><strong>facile</strong></span> <span class='ocrx_word' id='word_1_96' title='bbox 1280 1770 1358 1820; x_wconf 89' lang='lat' dir='ltr'><strong>in·</strong></span> 
     </span>
     <span class='ocr_line' id='line_1_19' title="bbox 287 1847 1357 1913; baseline -0.002 -15"><span class='ocrx_word' id='word_1_97' title='bbox 287 1849 600 1913; x_wconf 87' lang='lat' dir='ltr'><strong>telligimus,</strong></span> <span class='ocrx_word' id='word_1_98' title='bbox 639 1847 799 1897; x_wconf 85' lang='lat' dir='ltr'><strong>etiam</strong></span> <span class='ocrx_word' id='word_1_99' title='bbox 855 1848 1070 1897; x_wconf 84' lang='lat' dir='ltr'><strong>aliorum</strong></span> <span class='ocrx_word' id='word_1_100' title='bbox 1117 1847 1357 1898; x_wconf 80' lang='lat' dir='ltr'><strong>ordinum</strong></span> 
     </span>
     <span class='ocr_line' id='line_1_20' title="bbox 283 1925 1361 1989; baseline -0.001 -12"><span class='ocrx_word' id='word_1_101' title='bbox 283 1927 544 1989; x_wconf 80' lang='lat' dir='ltr'><strong>homines,</strong></span> <span class='ocrx_word' id='word_1_102' title='bbox 586 1933 678 1980; x_wconf 82' lang='lat' dir='ltr'><strong>aut</strong></span> <span class='ocrx_word' id='word_1_103' title='bbox 721 1933 867 1975; x_wconf 89' lang='lat' dir='ltr'><strong>certe</strong></span> <span class='ocrx_word' id='word_1_104' title='bbox 901 1933 1135 1989; x_wconf 82' lang='lat' dir='ltr'><strong>‘partem</strong></span> <span class='ocrx_word' id='word_1_105' title='bbox 1182 1925 1361 1989; x_wconf 87' lang='lat' dir='ltr'><strong>populi</strong></span> 
     </span>
    </p>
   </div>
   <div class='ocr_carea' id='block_1_3' title="bbox 192 2000 1364 2078">
    <p class='ocr_par' dir='ltr' id='par_1_4' title="bbox 192 2000 1364 2078">
     <span class='ocr_line' id='line_1_21' title="bbox 192 2000 1364 2078; baseline -0.001 -27"><span class='ocrx_word' id='word_1_106' title='bbox 192 2071 201 2078; x_wconf 26' lang='lat'><strong>⁶</strong></span> <span class='ocrx_word' id='word_1_107' title='bbox 288 2000 588 2067; x_wconf 83' lang='lat' dir='ltr'><strong>integram,’</strong></span> <span class='ocrx_word' id='word_1_108' title='bbox 620 2016 774 2066; x_wconf 87' lang='lat' dir='ltr'><strong>quam</strong></span> <span class='ocrx_word' id='word_1_109' title='bbox 801 2008 951 2052; x_wconf 75' lang='lat' dir='ltr'><strong>vocat</strong></span> <span class='ocrx_word' id='word_1_110' title='bbox 973 2003 1141 2054; x_wconf 82' lang='lat' dir='ltr'><strong>Tacit.</strong></span> <span class='ocrx_word' id='word_1_111' title='bbox 1165 2002 1364 2052; x_wconf 64' lang='lat' dir='ltr'><strong>Histn.</strong></span> 
     </span>
    </p>
   </div>
   <div class='ocr_carea' id='block_1_4' title="bbox 286 2076 1394 4378">
    <p class='ocr_par' dir='ltr' id='par_1_5' title="bbox 286 2076 1394 4378">
     <span class='ocr_line' id='line_1_22' title="bbox 286 2076 1361 2145; baseline -0.002 -16"><span class='ocrx_word' id='word_1_112' title='bbox 286 2082 335 2129; x_wconf 70' lang='lat'><strong>4.</strong></span> <span class='ocrx_word' id='word_1_113' title='bbox 356 2081 401 2130; x_wconf 91' lang='lat' dir='ltr'><strong>si</strong></span> <span class='ocrx_word' id='word_1_114' title='bbox 424 2079 514 2145; x_wconf 85' lang='lat' dir='ltr'><strong>qui</strong></span> <span class='ocrx_word' id='word_1_115' title='bbox 535 2092 598 2127; x_wconf 82' lang='lat' dir='ltr'><strong>ex</strong></span> <span class='ocrx_word' id='word_1_116' title='bbox 626 2078 725 2128; x_wconf 78' lang='lat' dir='ltr'><strong>illis</strong></span> <span class='ocrx_word' id='word_1_117' title='bbox 750 2078 825 2127; x_wconf 87' lang='lat' dir='ltr'><strong>uti</strong></span> <span class='ocrx_word' id='word_1_118' title='bbox 851 2079 1148 2143; x_wconf 80' lang='lat' dir='ltr'><strong>hujusmodi</strong></span> <span class='ocrx_word' id='word_1_119' title='bbox 1170 2076 1361 2129; x_wconf 81' lang='lat' dir='ltr'><strong>benefl-</strong></span> 
     </span>
     <span class='ocr_line' id='line_1_23' title="bbox 289 2153 1362 2219; baseline -0.001 -14"><span class='ocrx_word' id='word_1_120' title='bbox 289 2156 383 2206; x_wconf 78' lang='lat' dir='ltr'><strong>ciis</strong></span> <span class='ocrx_word' id='word_1_121' title='bbox 421 2169 558 2219; x_wconf 86' lang='lat' dir='ltr'><strong>opus</strong></span> <span class='ocrx_word' id='word_1_122' title='bbox 595 2154 891 2213; x_wconf 80' lang='lat' dir='ltr'><strong>habuerint,</strong></span> <span class='ocrx_word' id='word_1_123' title='bbox 914 2156 1047 2206; x_wconf 84' lang='lat' dir='ltr'><strong>iuter</strong></span> <span class='ocrx_word' id='word_1_124' title='bbox 1085 2153 1362 2219; x_wconf 77' lang='lat' dir='ltr'><strong>primosad</strong></span> 
     </span>
     <span class='ocr_line' id='line_1_24' title="bbox 290 2231 1364 2299; baseline -0.001 -16"><span class='ocrx_word' id='word_1_125' title='bbox 290 2232 582 2283; x_wconf 81' lang='lat' dir='ltr'><strong>istiusmodi</strong></span> <span class='ocrx_word' id='word_1_126' title='bbox 637 2231 1009 2283; x_wconf 69' lang='lat' dir='ltr'><strong>liberalitatem</strong></span> <span class='ocrx_word' id='word_1_127' title='bbox 1072 2234 1364 2299; x_wconf 80' lang='lat' dir='ltr'><strong>principum</strong></span> 
     </span>
     <span class='ocr_line' id='line_1_25' title="bbox 295 2308 1366 2361; baseline 0 -2"><span class='ocrx_word' id='word_1_128' title='bbox 295 2311 548 2360; x_wconf 81' lang='lat' dir='ltr'><strong>admissos</strong></span> <span class='ocrx_word' id='word_1_129' title='bbox 584 2323 717 2359; x_wconf 83' lang='lat' dir='ltr'><strong>esse.</strong></span> <span class='ocrx_word' id='word_1_130' title='bbox 781 2309 865 2361; x_wconf 87' lang='lat' dir='ltr'><strong>Ita</strong></span> <span class='ocrx_word' id='word_1_131' title='bbox 904 2308 971 2358; x_wconf 83' lang='lat' dir='ltr'><strong>de</strong></span> <span class='ocrx_word' id='word_1_132' title='bbox 1007 2309 1114 2361; x_wconf 82' lang='lat' dir='ltr'><strong>Jul.</strong></span> <span class='ocrx_word' id='word_1_133' title='bbox 1157 2311 1366 2359; x_wconf 68' lang='lat' dir='ltr'><strong>omaro</strong></span> 
     </span>
     <span class='ocr_line' id='line_1_26' title="bbox 293 2387 1368 2442; baseline -0.004 0"><span class='ocrx_word' id='word_1_134' title='bbox 293 2388 478 2442; x_wconf 78' lang='lat' dir='ltr'><strong>scribit</strong></span> <span class='ocrx_word' id='word_1_135' title='bbox 503 2389 724 2439; x_wconf 79' lang='lat' dir='ltr'><strong>Sueten.</strong></span> <span class='ocrx_word' id='word_1_136' title='bbox 776 2403 825 2437; x_wconf 92' lang='lat' dir='ltr'><strong>c.</strong></span> <span class='ocrx_word' id='word_1_137' title='bbox 847 2391 929 2440; x_wconf 79' lang='grc'><strong>27.</strong></span> <span class='ocrx_word' id='word_1_138' title='bbox 962 2387 1250 2437; x_wconf 85' lang='lat' dir='ltr'><strong>‘Omnibus</strong></span> <span class='ocrx_word' id='word_1_139' title='bbox 1267 2387 1368 2438; x_wconf 86' lang='lat' dir='ltr'><strong>cir-</strong></span> 
     </span>
     <span class='ocr_line' id='line_1_27' title="bbox 295 2463 1368 2529; baseline -0.005 -12"><span class='ocrx_word' id='word_1_140' title='bbox 295 2481 355 2517; x_wconf 88' lang='lat' dir='ltr'><strong>ca</strong></span> <span class='ocrx_word' id='word_1_141' title='bbox 376 2479 519 2522; x_wconf 85' lang='lat' dir='ltr'><strong>eum,</strong></span> <span class='ocrx_word' id='word_1_142' title='bbox 545 2474 704 2529; x_wconf 86' lang='lat' dir='ltr'><strong>atque</strong></span> <span class='ocrx_word' id='word_1_143' title='bbox 728 2463 885 2514; x_wconf 87' lang='lat' dir='ltr'><strong>etiam</strong></span> <span class='ocrx_word' id='word_1_144' title='bbox 912 2471 1060 2527; x_wconf 88' lang='lat' dir='ltr'><strong>parte</strong></span> <span class='ocrx_word' id='word_1_145' title='bbox 1084 2477 1270 2528; x_wconf 75' lang='lat' dir='ltr'><strong>magna</strong></span> <span class='ocrx_word' id='word_1_146' title='bbox 1290 2478 1368 2513; x_wconf 86' lang='lat' dir='ltr'><strong>se·</strong></span> 
     </span>
     <span class='ocr_line' id='line_1_28' title="bbox 293 2538 1370 2605; baseline 0 -14"><span class='ocrx_word' id='word_1_147' title='bbox 293 2547 468 2605; x_wconf 87' lang='lat' dir='ltr'><strong>natus,</strong></span> <span class='ocrx_word' id='word_1_148' title='bbox 494 2542 745 2605; x_wconf 85' lang='lat' dir='ltr'><strong>gratuito,</strong></span> <span class='ocrx_word' id='word_1_149' title='bbox 780 2548 870 2590; x_wconf 87' lang='lat' dir='ltr'><strong>aut</strong></span> <span class='ocrx_word' id='word_1_150' title='bbox 904 2541 1007 2590; x_wconf 79' lang='lat' dir='ltr'><strong>levi</strong></span> <span class='ocrx_word' id='word_1_151' title='bbox 1044 2538 1244 2590; x_wconf 78' lang='lat' dir='ltr'><strong>foeuore</strong></span> <span class='ocrx_word' id='word_1_152' title='bbox 1274 2541 1370 2591; x_wconf 89' lang='lat' dir='ltr'><strong>ob-</strong></span> 
     </span>
     <span class='ocr_line' id='line_1_29' title="bbox 295 2616 1369 2681; baseline -0.001 -13"><span class='ocrx_word' id='word_1_153' title='bbox 295 2617 522 2680; x_wconf 86' lang='lat' dir='ltr'><strong>strictis,</strong></span> <span class='ocrx_word' id='word_1_154' title='bbox 552 2631 620 2666; x_wconf 84' lang='lat' dir='ltr'><strong>ex</strong></span> <span class='ocrx_word' id='word_1_155' title='bbox 660 2616 860 2681; x_wconf 89' lang='lat' dir='ltr'><strong>reliquo</strong></span> <span class='ocrx_word' id='word_1_156' title='bbox 894 2632 1095 2681; x_wconf 84' lang='lat' dir='ltr'><strong>quoque</strong></span> <span class='ocrx_word' id='word_1_157' title='bbox 1131 2616 1369 2668; x_wconf 79' lang='lat' dir='ltr'><strong>ordinum</strong></span> 
     </span>
     <span class='ocr_line' id='line_1_30' title="bbox 298 2693 1370 2759; baseline -0.002 -15"><span class='ocrx_word' id='word_1_158' title='bbox 298 2708 513 2759; x_wconf 88' lang='lat' dir='ltr'><strong>genere,</strong></span> <span class='ocrx_word' id='word_1_159' title='bbox 531 2694 613 2743; x_wconf 82' lang='lat' dir='ltr'><strong>vel</strong></span> <span class='ocrx_word' id='word_1_160' title='bbox 635 2693 904 2756; x_wconf 82' lang='lat' dir='ltr'><strong>invitatos,</strong></span> <span class='ocrx_word' id='word_1_161' title='bbox 921 2694 1000 2743; x_wconf 78' lang='lat' dir='ltr'><strong>vel</strong></span> <span class='ocrx_word' id='word_1_162' title='bbox 1019 2701 1206 2758; x_wconf 88' lang='lat' dir='ltr'><strong>sponte</strong></span> <span class='ocrx_word' id='word_1_163' title='bbox 1223 2693 1289 2744; x_wconf 82' lang='lat' dir='ltr'><strong>ad</strong></span> <span class='ocrx_word' id='word_1_164' title='bbox 1313 2707 1370 2744; x_wconf 86' lang='lat' dir='ltr'><strong>se</strong></span> 
     </span>
     <span class='ocr_line' id='line_1_31' title="bbox 298 2769 1372 2835; baseline -0.001 -14"><span class='ocrx_word' id='word_1_165' title='bbox 298 2775 673 2826; x_wconf 82' lang='lat' dir='ltr'><strong>commeantes,</strong></span> <span class='ocrx_word' id='word_1_166' title='bbox 690 2769 953 2820; x_wconf 87' lang='lat' dir='ltr'><strong>uberrimo</strong></span> <span class='ocrx_word' id='word_1_167' title='bbox 972 2770 1236 2835; x_wconf 83' lang='lat' dir='ltr'><strong>congiario</strong></span> <span class='ocrx_word' id='word_1_168' title='bbox 1254 2784 1372 2835; x_wconf 87' lang='lat' dir='ltr'><strong>pro·</strong></span> 
     </span>
     <span class='ocr_line' id='line_1_32' title="bbox 299 2846 1374 2914; baseline -0.001 -15"><span class='ocrx_word' id='word_1_169' title='bbox 299 2846 655 2914; x_wconf 59' lang='lat' dir='ltr'><strong>sequebatur)</strong></span> <span class='ocrx_word' id='word_1_170' title='bbox 731 2848 1042 2912; x_wconf 73' lang='lat' dir='ltr'><strong>Quanquam</strong></span> <span class='ocrx_word' id='word_1_171' title='bbox 1094 2848 1374 2898; x_wconf 80' lang='lat' dir='ltr'><strong>Suetonius</strong></span> 
     </span>
     <span class='ocr_line' id='line_1_33' title="bbox 300 2923 1376 2989; baseline -0.002 -13"><span class='ocrx_word' id='word_1_172' title='bbox 300 2925 389 2976; x_wconf 85' lang='lat' dir='ltr'><strong>bic</strong></span> <span class='ocrx_word' id='word_1_173' title='bbox 421 2926 593 2989; x_wconf 84' lang='lat' dir='ltr'><strong>magis</strong></span> <span class='ocrx_word' id='word_1_174' title='bbox 615 2924 683 2973; x_wconf 86' lang='lat' dir='ltr'><strong>de</strong></span> <span class='ocrx_word' id='word_1_175' title='bbox 707 2923 942 2988; x_wconf 79' lang='lat' dir='ltr'><strong>privatis,</strong></span> <span class='ocrx_word' id='word_1_176' title='bbox 966 2938 1118 2989; x_wconf 82' lang='lat' dir='ltr'><strong>quam</strong></span> <span class='ocrx_word' id='word_1_177' title='bbox 1153 2925 1376 2974; x_wconf 87' lang='lat' dir='ltr'><strong>solenni·</strong></span> 
     </span>
     <span class='ocr_line' id='line_1_34' title="bbox 303 3000 1378 3066; baseline -0.002 -11"><span class='ocrx_word' id='word_1_178' title='bbox 303 3002 401 3055; x_wconf 83' lang='lat' dir='ltr'><strong>bus</strong></span> <span class='ocrx_word' id='word_1_179' title='bbox 438 3001 747 3066; x_wconf 71' lang='lat' dir='ltr'><strong>congiariis,</strong></span> <span class='ocrx_word' id='word_1_180' title='bbox 774 3000 913 3065; x_wconf 89' lang='lat' dir='ltr'><strong>loqui</strong></span> <span class='ocrx_word' id='word_1_181' title='bbox 947 3001 1202 3054; x_wconf 78' lang='lat' dir='ltr'><strong>videatur.</strong></span> <span class='ocrx_word' id='word_1_182' title='bbox 1266 3001 1378 3054; x_wconf 79' lang='lat' dir='ltr'><strong>Pel·</strong></span> 
     </span>
     <span class='ocr_line' id='line_1_35' title="bbox 302 3077 1380 3146; baseline 0.001 -17"><span class='ocrx_word' id='word_1_183' title='bbox 302 3081 588 3146; x_wconf 75' lang='lat' dir='ltr'><strong>‘populum</strong></span> <span class='ocrx_word' id='word_1_184' title='bbox 626 3077 946 3129; x_wconf 85' lang='lat' dir='ltr'><strong>Romanum&#39;</strong></span> <span class='ocrx_word' id='word_1_185' title='bbox 981 3091 1106 3128; x_wconf 82' lang='lat' dir='ltr'><strong>vero</strong></span> <span class='ocrx_word' id='word_1_186' title='bbox 1135 3077 1380 3130; x_wconf 73' lang='lat' dir='ltr'><strong>universa</strong></span> 
     </span>
     <span class='ocr_line' id='line_1_36' title="bbox 305 3152 1379 3222; baseline -0.004 -15"><span class='ocrx_word' id='word_1_187' title='bbox 305 3155 591 3222; x_wconf 84' lang='lat' dir='ltr'><strong>aliquando</strong></span> <span class='ocrx_word' id='word_1_188' title='bbox 623 3152 947 3217; x_wconf 82' lang='lat' dir='ltr'><strong>significatur</strong></span> <span class='ocrx_word' id='word_1_189' title='bbox 968 3153 1155 3204; x_wconf 83' lang='lat' dir='ltr'><strong>civitas</strong></span> <span class='ocrx_word' id='word_1_190' title='bbox 1187 3154 1379 3205; x_wconf 88' lang='lat' dir='ltr'><strong>Roma-</strong></span> 
     </span>
     <span class='ocr_line' id='line_1_37' title="bbox 305 3231 1380 3299; baseline -0.003 -14"><span class='ocrx_word' id='word_1_191' title='bbox 305 3248 390 3298; x_wconf 84' lang='lat' dir='ltr'><strong>na,</strong></span> <span class='ocrx_word' id='word_1_192' title='bbox 410 3248 530 3299; x_wconf 67' lang='lat' dir='ltr'><strong>quie</strong></span> <span class='ocrx_word' id='word_1_193' title='bbox 555 3239 759 3289; x_wconf 80' lang='lat' dir='ltr'><strong>senatu,</strong></span> <span class='ocrx_word' id='word_1_194' title='bbox 780 3231 979 3296; x_wconf 86' lang='lat' dir='ltr'><strong>equite,</strong></span> <span class='ocrx_word' id='word_1_195' title='bbox 1008 3238 1067 3283; x_wconf 88' lang='lat' dir='ltr'><strong>et</strong></span> <span class='ocrx_word' id='word_1_196' title='bbox 1088 3232 1240 3297; x_wconf 81' lang='lat' dir='ltr'><strong>plebe</strong></span> <span class='ocrx_word' id='word_1_197' title='bbox 1258 3246 1380 3283; x_wconf 88' lang='lat' dir='ltr'><strong>con-</strong></span> 
     </span>
     <span class='ocr_line' id='line_1_38' title="bbox 308 3307 1380 3373; baseline -0.003 -12"><span class='ocrx_word' id='word_1_198' title='bbox 308 3311 526 3371; x_wconf 80' lang='lat' dir='ltr'><strong>stabat3</strong></span> <span class='ocrx_word' id='word_1_199' title='bbox 562 3307 836 3373; x_wconf 85' lang='lat' dir='ltr'><strong>aliquando</strong></span> <span class='ocrx_word' id='word_1_200' title='bbox 873 3316 1046 3357; x_wconf 83' lang='lat' dir='ltr'><strong>autem</strong></span> <span class='ocrx_word' id='word_1_201' title='bbox 1087 3308 1311 3372; x_wconf 80' lang='lat' dir='ltr'><strong>populus</strong></span> <span class='ocrx_word' id='word_1_202' title='bbox 1349 3321 1380 3358; x_wconf 79' lang='lat' dir='ltr'><strong>a</strong></span> 
     </span>
     <span class='ocr_line' id='line_1_39' title="bbox 306 3384 1384 3453; baseline -0.001 -15"><span class='ocrx_word' id='word_1_203' title='bbox 306 3385 462 3453; x_wconf 85' lang='lat' dir='ltr'><strong>plebe</strong></span> <span class='ocrx_word' id='word_1_204' title='bbox 504 3384 951 3448; x_wconf 80' lang='lat' dir='ltr'><strong>distinguebatur.</strong></span> <span class='ocrx_word' id='word_1_205' title='bbox 1007 3391 1146 3436; x_wconf 91' lang='lat' dir='ltr'><strong>teste</strong></span> <span class='ocrx_word' id='word_1_206' title='bbox 1208 3385 1384 3437; x_wconf 85' lang='lat' dir='ltr'><strong>Gellio</strong></span> 
     </span>
     <span class='ocr_line' id='line_1_40' title="bbox 307 3459 1382 3526; baseline -0.002 -11"><span class='ocrx_word' id='word_1_207' title='bbox 307 3464 475 3515; x_wconf 78' lang='lat' dir='ltr'><strong>Noct.</strong></span> <span class='ocrx_word' id='word_1_208' title='bbox 509 3459 680 3511; x_wconf 85' lang='lat' dir='ltr'><strong>Attic.</strong></span> <span class='ocrx_word' id='word_1_209' title='bbox 714 3473 772 3512; x_wconf 80' lang='lat' dir='ltr'><strong>x.</strong></span> <span class='ocrx_word' id='word_1_210' title='bbox 802 3463 887 3510; x_wconf 83' lang='grc'><strong>20.</strong></span> <span class='ocrx_word' id='word_1_211' title='bbox 932 3460 950 3489; x_wconf 87' lang='lat'>‘</span> <span class='ocrx_word' id='word_1_212' title='bbox 968 3460 1031 3510; x_wconf 91' lang='lat' dir='ltr'><strong>Iu</strong></span> <span class='ocrx_word' id='word_1_213' title='bbox 1056 3463 1250 3526; x_wconf 90' lang='lat' dir='ltr'><strong>populo</strong></span> <span class='ocrx_word' id='word_1_214' title='bbox 1273 3477 1382 3513; x_wconf 88' lang='lat' dir='ltr'><strong>om-</strong></span> 
     </span>
     <span class='ocr_line' id='line_1_41' title="bbox 306 3536 1383 3604; baseline -0.002 -14"><span class='ocrx_word' id='word_1_215' title='bbox 306 3540 385 3591; x_wconf 81' lang='lat' dir='ltr'><strong>nis</strong></span> <span class='ocrx_word' id='word_1_216' title='bbox 421 3552 548 3604; x_wconf 87' lang='lat' dir='ltr'><strong>pars</strong></span> <span class='ocrx_word' id='word_1_217' title='bbox 582 3536 827 3598; x_wconf 81' lang='lat' dir='ltr'><strong>civitatis,</strong></span> <span class='ocrx_word' id='word_1_218' title='bbox 847 3551 1129 3603; x_wconf 87' lang='lat' dir='ltr'><strong>omnesque</strong></span> <span class='ocrx_word' id='word_1_219' title='bbox 1162 3539 1278 3604; x_wconf 82' lang='lat' dir='ltr'><strong>ejus</strong></span> <span class='ocrx_word' id='word_1_220' title='bbox 1300 3553 1383 3589; x_wconf 86' lang='lat' dir='ltr'><strong>or·</strong></span> 
     </span>
     <span class='ocr_line' id='line_1_42' title="bbox 309 3614 1384 3678; baseline 0 -12"><span class='ocrx_word' id='word_1_221' title='bbox 309 3616 485 3678; x_wconf 88' lang='lat' dir='ltr'><strong>dines,</strong></span> <span class='ocrx_word' id='word_1_222' title='bbox 528 3614 909 3665; x_wconf 77' lang='lat' dir='ltr'><strong>continentur:</strong></span> <span class='ocrx_word' id='word_1_223' title='bbox 963 3615 1111 3677; x_wconf 86' lang='lat' dir='ltr'><strong>plebs</strong></span> <span class='ocrx_word' id='word_1_224' title='bbox 1151 3630 1278 3667; x_wconf 79' lang='lat' dir='ltr'><strong>vero</strong></span> <span class='ocrx_word' id='word_1_225' title='bbox 1321 3630 1384 3666; x_wconf 87' lang='lat' dir='ltr'><strong>ea</strong></span> 
     </span>
     <span class='ocr_line' id='line_1_43' title="bbox 310 3690 1385 3756; baseline -0.001 -13"><span class='ocrx_word' id='word_1_226' title='bbox 310 3692 527 3747; x_wconf 87' lang='lat' dir='ltr'><strong>dicitur,</strong></span> <span class='ocrx_word' id='word_1_227' title='bbox 542 3690 594 3738; x_wconf 90' lang='lat' dir='ltr'><strong>in</strong></span> <span class='ocrx_word' id='word_1_228' title='bbox 611 3705 716 3755; x_wconf 89' lang='lat' dir='ltr'><strong>qua</strong></span> <span class='ocrx_word' id='word_1_229' title='bbox 735 3696 917 3753; x_wconf 84' lang='lat' dir='ltr'><strong>gentes</strong></span> <span class='ocrx_word' id='word_1_230' title='bbox 935 3690 1124 3741; x_wconf 82' lang='lat' dir='ltr'><strong>civium</strong></span> <span class='ocrx_word' id='word_1_231' title='bbox 1146 3692 1385 3756; x_wconf 61' lang='lat' dir='ltr'><strong>patricia</strong></span> 
     </span>
     <span class='ocr_line' id='line_1_44' title="bbox 309 3764 1388 3832; baseline -0.001 -12"><span class='ocrx_word' id='word_1_232' title='bbox 309 3783 413 3822; x_wconf 90' lang='lat' dir='ltr'><strong>non</strong></span> <span class='ocrx_word' id='word_1_233' title='bbox 459 3765 676 3818; x_wconf 60' lang='lat' dir='ltr'><strong>insunt!</strong></span> <span class='ocrx_word' id='word_1_234' title='bbox 741 3764 1035 3831; x_wconf 76' lang='lat' dir='ltr'><strong>Aliquando</strong></span> <span class='ocrx_word' id='word_1_235' title='bbox 1088 3770 1312 3832; x_wconf 82' lang='lat' dir='ltr'><strong>populns</strong></span> <span class='ocrx_word' id='word_1_236' title='bbox 1355 3783 1388 3820; x_wconf 82' lang='lat' dir='ltr'><strong>a</strong></span> 
     </span>
     <span class='ocr_line' id='line_1_45' title="bbox 313 3841 1390 3906; baseline -0.002 -9"><span class='ocrx_word' id='word_1_237' title='bbox 313 3848 424 3897; x_wconf 86' lang='lat' dir='ltr'><strong>solo</strong></span> <span class='ocrx_word' id='word_1_238' title='bbox 458 3851 646 3895; x_wconf 79' lang='lat' dir='ltr'><strong>senatu</strong></span> <span class='ocrx_word' id='word_1_239' title='bbox 678 3841 1124 3906; x_wconf 77' lang='lat' dir='ltr'><strong>distinguebatur3</strong></span> <span class='ocrx_word' id='word_1_240' title='bbox 1159 3860 1276 3897; x_wconf 87' lang='lat' dir='ltr'><strong>cum</strong></span> <span class='ocrx_word' id='word_1_241' title='bbox 1312 3845 1390 3895; x_wconf 75' lang='lat' dir='ltr'><strong>ni·</strong></span> 
     </span>
     <span class='ocr_line' id='line_1_46' title="bbox 313 3923 1388 3986; baseline -0.001 -12"><span class='ocrx_word' id='word_1_242' title='bbox 313 3926 497 3977; x_wconf 87' lang='lat' dir='ltr'><strong>mirum</strong></span> <span class='ocrx_word' id='word_1_243' title='bbox 523 3927 824 3986; x_wconf 75' lang='lat' dir='ltr'><strong>equestrem</strong></span> <span class='ocrx_word' id='word_1_244' title='bbox 858 3936 919 3972; x_wconf 80' lang='lat' dir='ltr'><strong>sc</strong></span> <span class='ocrx_word' id='word_1_245' title='bbox 952 3923 1212 3986; x_wconf 88' lang='lat' dir='ltr'><strong>plebeium</strong></span> <span class='ocrx_word' id='word_1_246' title='bbox 1242 3923 1388 3974; x_wconf 89' lang='lat' dir='ltr'><strong>ordi-</strong></span> 
     </span>
     <span class='ocr_line' id='line_1_47' title="bbox 316 3999 1388 4064; baseline -0.002 -10"><span class='ocrx_word' id='word_1_247' title='bbox 316 4017 434 4054; x_wconf 87' lang='lat' dir='ltr'><strong>nem</strong></span> <span class='ocrx_word' id='word_1_248' title='bbox 477 3999 631 4052; x_wconf 89' lang='lat' dir='ltr'><strong>simul</strong></span> <span class='ocrx_word' id='word_1_249' title='bbox 674 4000 1137 4064; x_wconf 86' lang='lat' dir='ltr'><strong>complecteretur,</strong></span> <span class='ocrx_word' id='word_1_250' title='bbox 1170 4002 1250 4051; x_wconf 88' lang='lat' dir='ltr'><strong>uti</strong></span> <span class='ocrx_word' id='word_1_251' title='bbox 1283 4000 1388 4052; x_wconf 78' lang='lat' dir='ltr'><strong>fre·</strong></span> 
     </span>
     <span class='ocr_line' id='line_1_48' title="bbox 315 4076 1390 4144; baseline -0.002 -14"><span class='ocrx_word' id='word_1_252' title='bbox 315 4078 660 4144; x_wconf 83' lang='lat' dir='ltr'><strong>quentissime</strong></span> <span class='ocrx_word' id='word_1_253' title='bbox 706 4078 758 4125; x_wconf 88' lang='lat' dir='ltr'><strong>in</strong></span> <span class='ocrx_word' id='word_1_254' title='bbox 801 4076 892 4126; x_wconf 85' lang='lat' dir='ltr'><strong>illa</strong></span> <span class='ocrx_word' id='word_1_255' title='bbox 929 4077 1129 4126; x_wconf 89' lang='lat' dir='ltr'><strong>solenni</strong></span> <span class='ocrx_word' id='word_1_256' title='bbox 1168 4076 1390 4128; x_wconf 84' lang='lat' dir='ltr'><strong>formula</strong></span> 
     </span>
     <span class='ocr_line' id='line_1_49' title="bbox 321 4152 1390 4217; baseline -0.001 -11"><span class='ocrx_word' id='word_1_257' title='bbox 321 4156 552 4206; x_wconf 84' lang='lat' dir='ltr'><strong>‘senatus</strong></span> <span class='ocrx_word' id='word_1_258' title='bbox 573 4152 903 4217; x_wconf 84' lang='lat' dir='ltr'><strong>populusque</strong></span> <span class='ocrx_word' id='word_1_259' title='bbox 921 4153 1223 4204; x_wconf 83' lang='lat' dir='ltr'><strong>Romanus.&#39;</strong></span> <span class='ocrx_word' id='word_1_260' title='bbox 1243 4156 1297 4206; x_wconf 91' lang='lat' dir='ltr'>N</span> <span class='ocrx_word' id='word_1_261' title='bbox 1302 4170 1390 4208; x_wconf 86' lang='lat' dir='ltr'><strong>on·</strong></span> 
     </span>
     <span class='ocr_line' id='line_1_50' title="bbox 321 4229 1391 4301; baseline -0.001 -16"><span class='ocrx_word' id='word_1_262' title='bbox 321 4246 581 4299; x_wconf 85' lang='lat' dir='ltr'><strong>nunquam</strong></span> <span class='ocrx_word' id='word_1_263' title='bbox 606 4233 623 4260; x_wconf 87' lang='lat'>‘</span> <span class='ocrx_word' id='word_1_264' title='bbox 640 4229 887 4296; x_wconf 85' lang='lat' dir='ltr'><strong>populus&#39;</strong></span> <span class='ocrx_word' id='word_1_265' title='bbox 907 4246 1055 4297; x_wconf 81' lang='lat' dir='ltr'><strong>aeque</strong></span> <span class='ocrx_word' id='word_1_266' title='bbox 1074 4232 1138 4301; x_wconf 57' lang='lat' dir='ltr'><strong>qb</strong></span> <span class='ocrx_word' id='word_1_267' title='bbox 1158 4234 1391 4299; x_wconf 74' lang='lat' dir='ltr'><strong>equestri</strong></span> 
     </span>
     <span class='ocr_line' id='line_1_51' title="bbox 322 4307 1394 4378; baseline 0.002 -15"><span class='ocrx_word' id='word_1_268' title='bbox 322 4325 382 4362; x_wconf 80' lang='lat' dir='ltr'><strong>sc</strong></span> <span class='ocrx_word' id='word_1_269' title='bbox 399 4308 666 4363; x_wconf 82' lang='lat' dir='ltr'><strong>senatorio</strong></span> <span class='ocrx_word' id='word_1_270' title='bbox 683 4307 869 4362; x_wconf 87' lang='lat' dir='ltr'><strong>ordine</strong></span> <span class='ocrx_word' id='word_1_271' title='bbox 886 4309 1301 4378; x_wconf 73' lang='lat' dir='ltr'><strong>discernebatur,</strong></span> <span class='ocrx_word' id='word_1_272' title='bbox 1316 4312 1394 4365; x_wconf 82' lang='lat' dir='ltr'><strong>uti</strong></span> 
     </span>
    </p>
   </div>
   <div class='ocr_carea' id='block_1_5' title="bbox 2350 378 2485 448">
    <p class='ocr_par' dir='ltr' id='par_1_6' title="bbox 2350 378 2485 448">
     <span class='ocr_line' id='line_1_52' title="bbox 2350 378 2485 448; baseline 0 0"><span class='ocrx_word' id='word_1_273' title='bbox 2350 378 2485 448; x_wconf 82' lang='lat'><strong>555</strong></span> 
     </span>
    </p>
   </div>
   <div class='ocr_carea' id='block_1_6' title="bbox 1418 537 2586 4369">
    <p class='ocr_par' dir='ltr' id='par_1_7' title="bbox 1418 537 2504 1760">
     <span class='ocr_line' id='line_1_53' title="bbox 1419 537 2489 603; baseline 0 -12"><span class='ocrx_word' id='word_1_274' title='bbox 1419 545 1502 591; x_wconf 88' lang='lat' dir='ltr'><strong>est</strong></span> <span class='ocrx_word' id='word_1_275' title='bbox 1535 537 1676 603; x_wconf 82' lang='lat' dir='ltr'><strong>apud</strong></span> <span class='ocrx_word' id='word_1_276' title='bbox 1708 538 1939 590; x_wconf 84' lang='lat' dir='ltr'><strong>Plinium</strong></span> <span class='ocrx_word' id='word_1_277' title='bbox 1970 538 2246 603; x_wconf 56' lang='lat' dir='ltr'><strong>Maiorem,</strong></span> <span class='ocrx_word' id='word_1_278' title='bbox 2269 551 2489 592; x_wconf 79' lang='lat' dir='ltr'><strong>xxxin.</strong></span> 
     </span>
     <span class='ocr_line' id='line_1_54' title="bbox 1418 619 2489 686; baseline 0.002 -17"><span class='ocrx_word' id='word_1_279' title='bbox 1418 622 1470 669; x_wconf 89' lang='grc'><strong>2.</strong></span> <span class='ocrx_word' id='word_1_280' title='bbox 1498 621 1517 651; x_wconf 78' lang='lat'>⁸</span> <span class='ocrx_word' id='word_1_281' title='bbox 1540 619 1705 683; x_wconf 79' lang='lat' dir='ltr'><strong>coepit</strong></span> <span class='ocrx_word' id='word_1_282' title='bbox 1746 619 1900 684; x_wconf 82' lang='lat' dir='ltr'><strong>adjici</strong></span> <span class='ocrx_word' id='word_1_283' title='bbox 1943 619 2148 669; x_wconf 88' lang='lat' dir='ltr'><strong>senatui</strong></span> <span class='ocrx_word' id='word_1_284' title='bbox 2187 620 2489 686; x_wconf 81' lang='lat' dir='ltr'><strong>populoque</strong></span> 
     </span>
     <span class='ocr_line' id='line_1_55' title="bbox 1422 695 2489 761; baseline 0.001 -14"><span class='ocrx_word' id='word_1_285' title='bbox 1422 696 1659 747; x_wconf 86' lang='lat' dir='ltr'><strong>Romano</strong></span> <span class='ocrx_word' id='word_1_286' title='bbox 1694 703 1752 747; x_wconf 83' lang='lat' dir='ltr'><strong>et</strong></span> <span class='ocrx_word' id='word_1_287' title='bbox 1786 703 2031 761; x_wconf 86' lang='lat' dir='ltr'><strong>equester</strong></span> <span class='ocrx_word' id='word_1_288' title='bbox 2066 695 2231 747; x_wconf 89' lang='lat' dir='ltr'><strong>ordo.’</strong></span> <span class='ocrx_word' id='word_1_289' title='bbox 2296 696 2401 747; x_wconf 88' lang='lat' dir='ltr'><strong>Sed</strong></span> <span class='ocrx_word' id='word_1_290' title='bbox 2443 696 2489 748; x_wconf 85' lang='lat' dir='ltr'><strong>is</strong></span> 
     </span>
     <span class='ocr_line' id='line_1_56' title="bbox 1425 775 2490 839; baseline -0.001 -13"><span class='ocrx_word' id='word_1_291' title='bbox 1425 775 1611 826; x_wconf 78' lang='lat' dir='ltr'><strong>tertius</strong></span> <span class='ocrx_word' id='word_1_292' title='bbox 1648 775 1778 827; x_wconf 89' lang='lat' dir='ltr'><strong>ordo</strong></span> <span class='ocrx_word' id='word_1_293' title='bbox 1813 775 2075 839; x_wconf 86' lang='lat' dir='ltr'><strong>popularis</strong></span> <span class='ocrx_word' id='word_1_294' title='bbox 2108 789 2284 824; x_wconf 84' lang='lat' dir='ltr'><strong>rursus</strong></span> <span class='ocrx_word' id='word_1_295' title='bbox 2306 775 2490 825; x_wconf 80' lang='lat' dir='ltr'><strong>distin·</strong></span> 
     </span>
     <span class='ocr_line' id='line_1_57' title="bbox 1422 851 2491 917; baseline -0.001 -15"><span class='ocrx_word' id='word_1_296' title='bbox 1422 851 1681 916; x_wconf 88' lang='lat' dir='ltr'><strong>guebatur</strong></span> <span class='ocrx_word' id='word_1_297' title='bbox 1712 853 1764 902; x_wconf 90' lang='lat' dir='ltr'><strong>in</strong></span> <span class='ocrx_word' id='word_1_298' title='bbox 1799 860 2003 917; x_wconf 81' lang='lat' dir='ltr'><strong>partem</strong></span> <span class='ocrx_word' id='word_1_299' title='bbox 2034 852 2369 914; x_wconf 80' lang='lat' dir='ltr'><strong>integriorem</strong></span> <span class='ocrx_word' id='word_1_300' title='bbox 2397 867 2491 917; x_wconf 89' lang='lat' dir='ltr'><strong>po·</strong></span> 
     </span>
     <span class='ocr_line' id='line_1_58' title="bbox 1424 929 2491 995; baseline 0 -16"><span class='ocrx_word' id='word_1_301' title='bbox 1424 931 1554 995; x_wconf 87' lang='lat' dir='ltr'><strong>puli,</strong></span> <span class='ocrx_word' id='word_1_302' title='bbox 1586 935 1643 980; x_wconf 91' lang='lat' dir='ltr'><strong>et</strong></span> <span class='ocrx_word' id='word_1_303' title='bbox 1668 929 1721 980; x_wconf 92' lang='lat' dir='ltr'><strong>in</strong></span> <span class='ocrx_word' id='word_1_304' title='bbox 1749 929 1954 993; x_wconf 84' lang='lat' dir='ltr'><strong>plebem</strong></span> <span class='ocrx_word' id='word_1_305' title='bbox 1983 929 2273 993; x_wconf 85' lang='lat' dir='ltr'><strong>imperitam</strong></span> <span class='ocrx_word' id='word_1_306' title='bbox 2299 944 2362 980; x_wconf 87' lang='lat' dir='ltr'><strong>ac</strong></span> <span class='ocrx_word' id='word_1_307' title='bbox 2384 944 2491 979; x_wconf 86' lang='lat' dir='ltr'><strong>sor-</strong></span> 
     </span>
     <span class='ocr_line' id='line_1_59' title="bbox 1426 1006 2492 1072; baseline 0.001 -16"><span class='ocrx_word' id='word_1_308' title='bbox 1426 1006 1633 1069; x_wconf 89' lang='lat' dir='ltr'><strong>didam;</strong></span> <span class='ocrx_word' id='word_1_309' title='bbox 1669 1013 1844 1070; x_wconf 86' lang='lat' dir='ltr'><strong>prout.</strong></span> <span class='ocrx_word' id='word_1_310' title='bbox 1866 1006 1918 1056; x_wconf 91' lang='lat' dir='ltr'><strong>iu</strong></span> <span class='ocrx_word' id='word_1_311' title='bbox 1954 1008 2223 1071; x_wconf 71' lang='lat' dir='ltr'><strong>superiore</strong></span> <span class='ocrx_word' id='word_1_312' title='bbox 2257 1012 2401 1072; x_wconf 85' lang='lat' dir='ltr'><strong>nota,</strong></span> <span class='ocrx_word' id='word_1_313' title='bbox 2424 1020 2492 1058; x_wconf 85' lang='lat' dir='ltr'><strong>ex</strong></span> 
     </span>
     <span class='ocr_line' id='line_1_60' title="bbox 1421 1081 2495 1148; baseline 0.001 -15"><span class='ocrx_word' id='word_1_314' title='bbox 1421 1083 1608 1133; x_wconf 83' lang='lat' dir='ltr'><strong>Tacito</strong></span> <span class='ocrx_word' id='word_1_315' title='bbox 1628 1081 2111 1133; x_wconf 78' lang='lat' dir='ltr'><strong>demonstravimus.</strong></span> <span class='ocrx_word' id='word_1_316' title='bbox 2155 1084 2293 1132; x_wconf 86' lang='lat' dir='ltr'><strong>Dum</strong></span> <span class='ocrx_word' id='word_1_317' title='bbox 2317 1083 2495 1148; x_wconf 84' lang='lat' dir='ltr'><strong>itaque</strong></span> 
     </span>
     <span class='ocr_line' id='line_1_61' title="bbox 1427 1157 2494 1224; baseline -0.002 -14"><span class='ocrx_word' id='word_1_318' title='bbox 1427 1172 1568 1224; x_wconf 59' lang='lat' dir='ltr'><strong>sepe</strong></span> <span class='ocrx_word' id='word_1_319' title='bbox 1603 1159 1825 1222; x_wconf 82' lang='lat' dir='ltr'><strong>legimus</strong></span> <span class='ocrx_word' id='word_1_320' title='bbox 1857 1165 1873 1189; x_wconf 72' lang='lat'><strong>⁸</strong></span> <span class='ocrx_word' id='word_1_321' title='bbox 1893 1159 2083 1224; x_wconf 90' lang='lat' dir='ltr'><strong>populo</strong></span> <span class='ocrx_word' id='word_1_322' title='bbox 2106 1157 2342 1209; x_wconf 85' lang='lat' dir='ltr'><strong>Romano</strong></span> <span class='ocrx_word' id='word_1_323' title='bbox 2369 1173 2494 1211; x_wconf 87' lang='lat' dir='ltr'><strong>con·</strong></span> 
     </span>
     <span class='ocr_line' id='line_1_62' title="bbox 1425 1234 2498 1300; baseline 0.001 -15"><span class='ocrx_word' id='word_1_324' title='bbox 1425 1237 1648 1300; x_wconf 82' lang='lat' dir='ltr'><strong>giarium</strong></span> <span class='ocrx_word' id='word_1_325' title='bbox 1672 1235 1886 1293; x_wconf 62' lang='lat' dir='ltr'><strong>datum!</strong></span> <span class='ocrx_word' id='word_1_326' title='bbox 1912 1234 2067 1286; x_wconf 83' lang='lat' dir='ltr'><strong>facile</strong></span> <span class='ocrx_word' id='word_1_327' title='bbox 2096 1235 2372 1297; x_wconf 83' lang='lat' dir='ltr'><strong>credimus,</strong></span> <span class='ocrx_word' id='word_1_328' title='bbox 2393 1248 2498 1286; x_wconf 83' lang='lat' dir='ltr'><strong>non</strong></span> 
     </span>
     <span class='ocr_line' id='line_1_63' title="bbox 1420 1312 2499 1377; baseline -0.003 -13"><span class='ocrx_word' id='word_1_329' title='bbox 1420 1312 1633 1377; x_wconf 83' lang='lat' dir='ltr'><strong>quidem</strong></span> <span class='ocrx_word' id='word_1_330' title='bbox 1649 1326 1826 1362; x_wconf 83' lang='lat' dir='ltr'><strong>omnes</strong></span> <span class='ocrx_word' id='word_1_331' title='bbox 1841 1313 2049 1362; x_wconf 84' lang='lat' dir='ltr'><strong>omnino</strong></span> <span class='ocrx_word' id='word_1_332' title='bbox 2064 1312 2207 1362; x_wconf 84' lang='lat' dir='ltr'><strong>cives</strong></span> <span class='ocrx_word' id='word_1_333' title='bbox 2217 1312 2499 1370; x_wconf 56' lang='lat' dir='ltr'><strong>Romanos.</strong></span> 
     </span>
     <span class='ocr_line' id='line_1_64' title="bbox 1428 1388 2502 1453; baseline -0.001 -14"><span class='ocrx_word' id='word_1_334' title='bbox 1428 1388 1521 1439; x_wconf 88' lang='lat' dir='ltr'><strong>sed</strong></span> <span class='ocrx_word' id='word_1_335' title='bbox 1561 1389 1880 1453; x_wconf 87' lang='lat' dir='ltr'><strong>potissimum</strong></span> <span class='ocrx_word' id='word_1_336' title='bbox 1916 1390 2061 1439; x_wconf 75' lang='lat' dir='ltr'><strong>cives</strong></span> <span class='ocrx_word' id='word_1_337' title='bbox 2097 1388 2245 1439; x_wconf 82' lang='lat' dir='ltr'><strong>tertii</strong></span> <span class='ocrx_word' id='word_1_338' title='bbox 2281 1388 2502 1452; x_wconf 82' lang='lat' dir='ltr'><strong>ordinis,</strong></span> 
     </span>
     <span class='ocr_line' id='line_1_65' title="bbox 1428 1464 2498 1517; baseline -0.002 -1"><span class='ocrx_word' id='word_1_339' title='bbox 1428 1480 1528 1517; x_wconf 88' lang='lat' dir='ltr'><strong>nec</strong></span> <span class='ocrx_word' id='word_1_340' title='bbox 1566 1466 1735 1516; x_wconf 86' lang='lat' dir='ltr'><strong>minus</strong></span> <span class='ocrx_word' id='word_1_341' title='bbox 1773 1473 1948 1516; x_wconf 79' lang='lat' dir='ltr'><strong>tamen</strong></span> <span class='ocrx_word' id='word_1_342' title='bbox 1989 1464 2148 1516; x_wconf 83' lang='lat' dir='ltr'><strong>etiam</strong></span> <span class='ocrx_word' id='word_1_343' title='bbox 2192 1479 2260 1515; x_wconf 80' lang='lat' dir='ltr'><strong>ex</strong></span> <span class='ocrx_word' id='word_1_344' title='bbox 2301 1464 2498 1515; x_wconf 85' lang='lat' dir='ltr'><strong>ceteris</strong></span> 
     </span>
     <span class='ocr_line' id='line_1_66' title="bbox 1429 1540 2503 1607; baseline -0.004 -13"><span class='ocrx_word' id='word_1_345' title='bbox 1429 1543 1699 1594; x_wconf 82' lang='lat' dir='ltr'><strong>ordinibus</strong></span> <span class='ocrx_word' id='word_1_346' title='bbox 1723 1543 1990 1606; x_wconf 82' lang='lat' dir='ltr'><strong>quosdam,</strong></span> <span class='ocrx_word' id='word_1_347' title='bbox 2029 1542 2118 1607; x_wconf 91' lang='lat' dir='ltr'><strong>qui</strong></span> <span class='ocrx_word' id='word_1_348' title='bbox 2152 1540 2294 1592; x_wconf 79' lang='lat' dir='ltr'><strong>forte</strong></span> <span class='ocrx_word' id='word_1_349' title='bbox 2322 1541 2503 1606; x_wconf 75' lang='lat' dir='ltr'><strong>liujus·</strong></span> 
     </span>
     <span class='ocr_line' id='line_1_67' title="bbox 1430 1616 2504 1683; baseline -0.003 -13"><span class='ocrx_word' id='word_1_350' title='bbox 1430 1619 1570 1671; x_wconf 88' lang='lat' dir='ltr'><strong>modi</strong></span> <span class='ocrx_word' id='word_1_351' title='bbox 1598 1617 1861 1669; x_wconf 80' lang='lat' dir='ltr'><strong>beneflciis</strong></span> <span class='ocrx_word' id='word_1_352' title='bbox 1885 1616 2244 1682; x_wconf 73' lang='lat' dir='ltr'><strong>indiguerunt,</strong></span> <span class='ocrx_word' id='word_1_353' title='bbox 2266 1617 2504 1683; x_wconf 82' lang='lat' dir='ltr'><strong>accepis·</strong></span> 
     </span>
     <span class='ocr_line' id='line_1_68' title="bbox 1432 1694 2075 1760; baseline 0.002 -15"><span class='ocrx_word' id='word_1_354' title='bbox 1432 1710 1490 1747; x_wconf 90' lang='lat' dir='ltr'><strong>se</strong></span> <span class='ocrx_word' id='word_1_355' title='bbox 1512 1694 1793 1760; x_wconf 83' lang='lat' dir='ltr'><strong>congiaria.</strong></span> <span class='ocrx_word' id='word_1_356' title='bbox 1825 1694 2075 1747; x_wconf 68' lang='lat' dir='ltr'><strong>Semi-2.</strong></span> 
     </span>
    </p>

    <p class='ocr_par' dir='ltr' id='par_1_8' title="bbox 1435 1770 2503 2145">
     <span class='ocr_line' id='line_1_69' title="bbox 1497 1770 2500 1838; baseline -0.002 -14"><span class='ocrx_word' id='word_1_357' title='bbox 1497 1772 1708 1838; x_wconf 72' lang='lat' dir='ltr'><strong>Populo]</strong></span> <span class='ocrx_word' id='word_1_358' title='bbox 1741 1772 1971 1823; x_wconf 84' lang='lat' dir='ltr'><strong>Martial.</strong></span> <span class='ocrx_word' id='word_1_359' title='bbox 2008 1783 2136 1822; x_wconf 76' lang='lat' dir='ltr'><strong>vm.</strong></span> <span class='ocrx_word' id='word_1_360' title='bbox 2164 1775 2249 1822; x_wconf 70' lang='grc'><strong>80.</strong></span> <span class='ocrx_word' id='word_1_361' title='bbox 2275 1776 2295 1804; x_wconf 76' lang='lat'><strong><em>⁴</em></strong></span> <span class='ocrx_word' id='word_1_362' title='bbox 2313 1770 2500 1822; x_wconf 73' lang='lat' dir='ltr'><strong>Vesci·</strong></span> 
     </span>
     <span class='ocr_line' id='line_1_70' title="bbox 1436 1847 2502 1914; baseline -0.007 -13"><span class='ocrx_word' id='word_1_363' title='bbox 1436 1858 1521 1903; x_wconf 91' lang='lat' dir='ltr'><strong>tur</strong></span> <span class='ocrx_word' id='word_1_364' title='bbox 1552 1851 1717 1901; x_wconf 88' lang='lat' dir='ltr'><strong>omnis</strong></span> <span class='ocrx_word' id='word_1_365' title='bbox 1749 1861 1911 1914; x_wconf 81' lang='lat' dir='ltr'><strong>eques</strong></span> <span class='ocrx_word' id='word_1_366' title='bbox 1946 1855 2138 1909; x_wconf 87' lang='lat' dir='ltr'><strong>tecum,</strong></span> <span class='ocrx_word' id='word_1_367' title='bbox 2174 1847 2502 1912; x_wconf 75' lang='lat' dir='ltr'><strong>populusque</strong></span> 
     </span>
     <span class='ocr_line' id='line_1_71' title="bbox 1435 1923 2503 1993; baseline -0.006 -12"><span class='ocrx_word' id='word_1_368' title='bbox 1435 1926 1760 1993; x_wconf 61' lang='lat' dir='ltr'><strong>Paucaque!</strong></span> <span class='ocrx_word' id='word_1_369' title='bbox 1828 1926 2022 1991; x_wconf 85' lang='lat' dir='ltr'><strong>Populi</strong></span> <span class='ocrx_word' id='word_1_370' title='bbox 2053 1939 2179 1975; x_wconf 75' lang='lat' dir='ltr'><strong>voce</strong></span> <span class='ocrx_word' id='word_1_371' title='bbox 2215 1938 2314 1990; x_wconf 90' lang='lat' dir='ltr'><strong>pro</strong></span> <span class='ocrx_word' id='word_1_372' title='bbox 2347 1923 2503 1991; x_wconf 81' lang='lat' dir='ltr'><strong>plebe</strong></span> 
     </span>
     <span class='ocr_line' id='line_1_72' title="bbox 1437 2000 2501 2071; baseline -0.004 -15"><span class='ocrx_word' id='word_1_373' title='bbox 1437 2006 1612 2071; x_wconf 85' lang='lat' dir='ltr'><strong>posita</strong></span> <span class='ocrx_word' id='word_1_374' title='bbox 1628 2003 1911 2069; x_wconf 62' lang='lat' dir='ltr'><strong>sepissime</strong></span> <span class='ocrx_word' id='word_1_375' title='bbox 1926 2017 1955 2052; x_wconf 88' lang='lat' dir='ltr'><strong>a</strong></span> <span class='ocrx_word' id='word_1_376' title='bbox 1969 2000 2501 2065; x_wconf 72' lang='lat' dir='ltr'><strong>Sueton.Augnst.42.</strong></span> 
     </span>
     <span class='ocr_line' id='line_1_73' title="bbox 1438 2078 2447 2145; baseline -0.008 -12"><span class='ocrx_word' id='word_1_377' title='bbox 1438 2082 1660 2134; x_wconf 77' lang='lat' dir='ltr'><strong>casaub.</strong></span> <span class='ocrx_word' id='word_1_378' title='bbox 1683 2096 1737 2145; x_wconf 90' lang='lat' dir='ltr'><strong>p.</strong></span> <span class='ocrx_word' id='word_1_379' title='bbox 1759 2085 1842 2131; x_wconf 81' lang='grc'><strong>81.</strong></span> <span class='ocrx_word' id='word_1_380' title='bbox 1862 2092 1910 2131; x_wconf 88' lang='lat' dir='ltr'><strong>c.</strong></span> <span class='ocrx_word' id='word_1_381' title='bbox 1932 2083 2046 2129; x_wconf 81' lang='grc'><strong>101.</strong></span> <span class='ocrx_word' id='word_1_382' title='bbox 2069 2092 2122 2143; x_wconf 88' lang='lat' dir='ltr'><strong>p.</strong></span> <span class='ocrx_word' id='word_1_383' title='bbox 2143 2080 2258 2128; x_wconf 82' lang='grc'><strong>126.</strong></span> <span class='ocrx_word' id='word_1_384' title='bbox 2291 2078 2447 2128; x_wconf 77' lang='lat' dir='ltr'><strong>Beni.</strong></span> 
     </span>
    </p>

    <p class='ocr_par' dir='ltr' id='par_1_9' title="bbox 1437 2153 2586 2838">
     <span class='ocr_line' id='line_1_74' title="bbox 1507 2153 2508 2221; baseline -0.005 -12"><span class='ocrx_word' id='word_1_385' title='bbox 1507 2162 1631 2209; x_wconf 68' lang='lat' dir='ltr'><strong>Cen</strong></span> <span class='ocrx_word' id='word_1_386' title='bbox 1651 2156 1867 2209; x_wconf 75' lang='lat' dir='ltr'><strong>donativi</strong></span> <span class='ocrx_word' id='word_1_387' title='bbox 1894 2154 2105 2221; x_wconf 73' lang='lat' dir='ltr'><strong>parteis]</strong></span> <span class='ocrx_word' id='word_1_388' title='bbox 2137 2153 2272 2204; x_wconf 74' lang='lat' dir='ltr'><strong>Hoec</strong></span> <span class='ocrx_word' id='word_1_389' title='bbox 2306 2166 2391 2202; x_wconf 86' lang='lat' dir='ltr'><strong>res</strong></span> <span class='ocrx_word' id='word_1_390' title='bbox 2428 2154 2508 2204; x_wconf 74' lang='lat' dir='ltr'><strong>ite</strong></span> 
     </span>
     <span class='ocr_line' id='line_1_75' title="bbox 1437 2228 2510 2295; baseline -0.009 -8"><span class='ocrx_word' id='word_1_391' title='bbox 1437 2233 1555 2287; x_wconf 77' lang='lat' dir='ltr'><strong>fuit.</strong></span> <span class='ocrx_word' id='word_1_392' title='bbox 1621 2235 1948 2287; x_wconf 76' lang='lat' dir='ltr'><strong>Promiserat</strong></span> <span class='ocrx_word' id='word_1_393' title='bbox 1987 2230 2305 2295; x_wconf 71' lang='lat' dir='ltr'><strong>congiarium</strong></span> <span class='ocrx_word' id='word_1_394' title='bbox 2344 2228 2510 2293; x_wconf 71' lang='lat' dir='ltr'><strong>plebi,</strong></span> 
     </span>
     <span class='ocr_line' id='line_1_76' title="bbox 1440 2309 2586 2372; baseline -0.005 -9"><span class='ocrx_word' id='word_1_395' title='bbox 1440 2313 1740 2364; x_wconf 75' lang='lat' dir='ltr'><strong>donativum</strong></span> <span class='ocrx_word' id='word_1_396' title='bbox 1795 2310 1969 2371; x_wconf 87' lang='lat' dir='ltr'><strong>militi,</strong></span> <span class='ocrx_word' id='word_1_397' title='bbox 2025 2309 2210 2359; x_wconf 88' lang='lat' dir='ltr'><strong>eodem</strong></span> <span class='ocrx_word' id='word_1_398' title='bbox 2271 2313 2509 2372; x_wconf 84' lang='lat' dir='ltr'><strong>tempore</strong></span> <span class='ocrx_word' id='word_1_399' title='bbox 2579 2358 2586 2363; x_wconf 79' lang='grc'><strong>,</strong></span> 
     </span>
     <span class='ocr_line' id='line_1_77' title="bbox 1441 2380 2510 2456; baseline -0.007 -14"><span class='ocrx_word' id='word_1_400' title='bbox 1441 2389 1587 2456; x_wconf 89' lang='lat' dir='ltr'><strong>(nam</strong></span> <span class='ocrx_word' id='word_1_401' title='bbox 1632 2390 1708 2440; x_wconf 90' lang='lat' dir='ltr'><strong>sie</strong></span> <span class='ocrx_word' id='word_1_402' title='bbox 1749 2387 1862 2438; x_wconf 83' lang='lat' dir='ltr'><strong>fere</strong></span> <span class='ocrx_word' id='word_1_403' title='bbox 1903 2383 2068 2450; x_wconf 88' lang='lat' dir='ltr'><strong>solet)</strong></span> <span class='ocrx_word' id='word_1_404' title='bbox 2098 2383 2366 2448; x_wconf 83' lang='lat' dir='ltr'><strong>Trajanus.</strong></span> <span class='ocrx_word' id='word_1_405' title='bbox 2433 2380 2510 2434; x_wconf 80' lang='lat' dir='ltr'><strong>At</strong></span> 
     </span>
     <span class='ocr_line' id='line_1_78' title="bbox 1442 2459 2510 2527; baseline -0.007 -8"><span class='ocrx_word' id='word_1_406' title='bbox 1442 2483 1559 2519; x_wconf 89' lang='lat' dir='ltr'><strong>cum</strong></span> <span class='ocrx_word' id='word_1_407' title='bbox 1581 2465 1819 2517; x_wconf 72' lang='lat' dir='ltr'><strong>oersrium</strong></span> <span class='ocrx_word' id='word_1_408' title='bbox 1842 2463 2049 2527; x_wconf 81' lang='lat' dir='ltr'><strong>utrique</strong></span> <span class='ocrx_word' id='word_1_409' title='bbox 2069 2460 2331 2524; x_wconf 74' lang='lat' dir='ltr'><strong>largitioni</strong></span> <span class='ocrx_word' id='word_1_410' title='bbox 2355 2459 2510 2512; x_wconf 87' lang='lat' dir='ltr'><strong>simul</strong></span> 
     </span>
     <span class='ocr_line' id='line_1_79' title="bbox 1444 2533 2513 2601; baseline -0.006 -7"><span class='ocrx_word' id='word_1_411' title='bbox 1444 2558 1548 2594; x_wconf 88' lang='lat' dir='ltr'><strong>non</strong></span> <span class='ocrx_word' id='word_1_412' title='bbox 1599 2540 1900 2600; x_wconf 80' lang='lat' dir='ltr'><strong>sufficeret,</strong></span> <span class='ocrx_word' id='word_1_413' title='bbox 1884 2555 1898 2570; x_wconf 87' lang='grc'><em>·</em></span> <span class='ocrx_word' id='word_1_414' title='bbox 1947 2536 2220 2588; x_wconf 77' lang='lat' dir='ltr'><strong>dimidium</strong></span> <span class='ocrx_word' id='word_1_415' title='bbox 2274 2533 2513 2601; x_wconf 81' lang='lat' dir='ltr'><strong>promissi</strong></span> 
     </span>
     <span class='ocr_line' id='line_1_80' title="bbox 1444 2612 2517 2677; baseline -0.009 -6"><span class='ocrx_word' id='word_1_416' title='bbox 1444 2620 1696 2672; x_wconf 72' lang='lat' dir='ltr'><strong>militibus</strong></span> <span class='ocrx_word' id='word_1_417' title='bbox 1731 2616 1916 2667; x_wconf 81' lang='lat' dir='ltr'><strong>statim</strong></span> <span class='ocrx_word' id='word_1_418' title='bbox 1956 2614 2143 2676; x_wconf 88' lang='lat' dir='ltr'><strong>dedit,</strong></span> <span class='ocrx_word' id='word_1_419' title='bbox 2177 2612 2387 2677; x_wconf 75' lang='lat' dir='ltr'><strong>populo,</strong></span> <span class='ocrx_word' id='word_1_420' title='bbox 2429 2619 2517 2662; x_wconf 83' lang='lat' dir='ltr'><strong>to·</strong></span> 
     </span>
     <span class='ocr_line' id='line_1_81' title="bbox 1445 2685 2515 2760; baseline -0.01 -11"><span class='ocrx_word' id='word_1_421' title='bbox 1445 2704 1575 2760; x_wconf 83' lang='lat' dir='ltr'><strong>tum,</strong></span> <span class='ocrx_word' id='word_1_422' title='bbox 1615 2695 1707 2746; x_wconf 85' lang='lat' dir='ltr'><strong>sed</strong></span> <span class='ocrx_word' id='word_1_423' title='bbox 1752 2693 1926 2758; x_wconf 85' lang='lat' dir='ltr'><strong>paullo</strong></span> <span class='ocrx_word' id='word_1_424' title='bbox 1968 2688 2307 2740; x_wconf 87' lang='lat' dir='ltr'><strong>serius.1ta</strong></span> <span class='ocrx_word' id='word_1_425' title='bbox 2343 2686 2418 2737; x_wconf 89' lang='lat' dir='ltr'><strong>illi</strong></span> <span class='ocrx_word' id='word_1_426' title='bbox 2456 2685 2515 2738; x_wconf 82' lang='lat' dir='ltr'><strong>ln</strong></span> 
     </span>
     <span class='ocr_line' id='line_1_82' title="bbox 1447 2762 2515 2838; baseline -0.015 -11"><span class='ocrx_word' id='word_1_427' title='bbox 1447 2781 1684 2838; x_wconf 85' lang='lat' dir='ltr'><strong>tempore</strong></span> <span class='ocrx_word' id='word_1_428' title='bbox 1708 2769 1934 2836; x_wconf 78' lang='lat' dir='ltr'><strong>praelati,</strong></span> <span class='ocrx_word' id='word_1_429' title='bbox 1955 2767 2044 2817; x_wconf 86' lang='grc' dir='ltr'><strong>1ιί</strong></span> <span class='ocrx_word' id='word_1_430' title='bbox 2031 2781 2086 2816; x_wconf 92' lang='grc' dir='ltr'><strong>ιιι</strong></span> <span class='ocrx_word' id='word_1_431' title='bbox 2121 2778 2339 2815; x_wconf 82' lang='lat' dir='ltr'><strong>summa.</strong></span> <span class='ocrx_word' id='word_1_432' title='bbox 2370 2762 2515 2826; x_wconf 80' lang='lat' dir='ltr'><strong>Lips.</strong></span> 
     </span>
    </p>

    <p class='ocr_par' dir='ltr' id='par_1_10' title="bbox 1449 2837 2518 2984">
     <span class='ocr_line' id='line_1_83' title="bbox 1514 2837 2516 2913; baseline -0.015 -10"><span class='ocrx_word' id='word_1_433' title='bbox 1514 2850 1752 2903; x_wconf 72' lang='lat' dir='ltr'><strong>Donatim·</strong></span> <span class='ocrx_word' id='word_1_434' title='bbox 1769 2845 1981 2913; x_wconf 70' lang='lat' dir='ltr'><strong>partem]</strong></span> <span class='ocrx_word' id='word_1_435' title='bbox 2011 2843 2119 2894; x_wconf 86' lang='lat' dir='ltr'><strong>Per</strong></span> <span class='ocrx_word' id='word_1_436' title='bbox 2150 2837 2516 2892; x_wconf 82' lang='lat' dir='ltr'><strong>‘donativum&#39;</strong></span> 
     </span>
     <span class='ocr_line' id='line_1_84' title="bbox 1449 2916 2518 2984; baseline -0.009 -6"><span class='ocrx_word' id='word_1_437' title='bbox 1449 2928 1727 2978; x_wconf 80' lang='lat' dir='ltr'><strong>denotatur</strong></span> <span class='ocrx_word' id='word_1_438' title='bbox 1747 2937 1931 2974; x_wconf 88' lang='lat' dir='ltr'><strong>munus</strong></span> <span class='ocrx_word' id='word_1_439' title='bbox 1954 2934 1985 2970; x_wconf 89' lang='lat' dir='ltr'><strong>a</strong></span> <span class='ocrx_word' id='word_1_440' title='bbox 2009 2919 2245 2984; x_wconf 88' lang='lat' dir='ltr'><strong>principe</strong></span> <span class='ocrx_word' id='word_1_441' title='bbox 2269 2916 2518 2968; x_wconf 87' lang='lat' dir='ltr'><strong>militibus</strong></span> 
     </span>
    </p>

    <p class='ocr_par' dir='ltr' id='par_1_11' title="bbox 1449 2992 2537 4369">
     <span class='ocr_line' id='line_1_85' title="bbox 1449 2992 2519 3061; baseline -0.011 -4.653"><span class='ocrx_word' id='word_1_442' title='bbox 1449 3014 1602 3056; x_wconf 81' lang='lat' dir='ltr'><strong>extra</strong></span> <span class='ocrx_word' id='word_1_443' title='bbox 1633 3002 1871 3054; x_wconf 89' lang='lat' dir='ltr'><strong>ordinem</strong></span> <span class='ocrx_word' id='word_1_444' title='bbox 1907 2998 2107 3061; x_wconf 85' lang='lat' dir='ltr'><strong>datum,</strong></span> <span class='ocrx_word' id='word_1_445' title='bbox 2131 2996 2212 3045; x_wconf 82' lang='lat' dir='ltr'><strong>vel</strong></span> <span class='ocrx_word' id='word_1_446' title='bbox 2247 2994 2317 3045; x_wconf 89' lang='lat' dir='ltr'><strong>ob</strong></span> <span class='ocrx_word' id='word_1_447' title='bbox 2343 2992 2519 3058; x_wconf 81' lang='lat' dir='ltr'><strong>auspi·</strong></span> 
     </span>
     <span class='ocr_line' id='line_1_86' title="bbox 1450 3068 2520 3144; baseline -0.01 -11"><span class='ocrx_word' id='word_1_448' title='bbox 1450 3096 1587 3133; x_wconf 87' lang='lat' dir='ltr'><strong>cmm</strong></span> <span class='ocrx_word' id='word_1_449' title='bbox 1611 3077 1836 3144; x_wconf 88' lang='lat' dir='ltr'><strong>imperii,</strong></span> <span class='ocrx_word' id='word_1_450' title='bbox 1859 3076 1945 3125; x_wconf 80' lang='lat' dir='ltr'><strong>vel</strong></span> <span class='ocrx_word' id='word_1_451' title='bbox 1967 3073 2034 3125; x_wconf 87' lang='lat' dir='ltr'><strong>ob</strong></span> <span class='ocrx_word' id='word_1_452' title='bbox 2058 3072 2409 3136; x_wconf 88' lang='lat' dir='ltr'><strong>adoptionem,</strong></span> <span class='ocrx_word' id='word_1_453' title='bbox 2435 3068 2520 3122; x_wconf 79' lang='lat' dir='ltr'><strong>vel</strong></span> 
     </span>
     <span class='ocr_line' id='line_1_87' title="bbox 1450 3148 2522 3217; baseline -0.01 -9"><span class='ocrx_word' id='word_1_454' title='bbox 1450 3158 1521 3208; x_wconf 89' lang='lat' dir='ltr'><strong>ob</strong></span> <span class='ocrx_word' id='word_1_455' title='bbox 1576 3155 1873 3217; x_wconf 78' lang='lat' dir='ltr'><strong>victoriam,</strong></span> <span class='ocrx_word' id='word_1_456' title='bbox 1932 3151 2128 3202; x_wconf 81' lang='lat' dir='ltr'><strong>aliasve</strong></span> <span class='ocrx_word' id='word_1_457' title='bbox 2181 3148 2522 3210; x_wconf 81' lang='lat' dir='ltr'><strong>festivitates,</strong></span> 
     </span>
     <span class='ocr_line' id='line_1_88' title="bbox 1451 3225 2522 3293; baseline -0.011 -8"><span class='ocrx_word' id='word_1_458' title='bbox 1451 3234 1584 3285; x_wconf 85' lang='lat' dir='ltr'><strong>baud</strong></span> <span class='ocrx_word' id='word_1_459' title='bbox 1608 3246 1777 3288; x_wconf 81' lang='lat' dir='ltr'><strong>secus,</strong></span> <span class='ocrx_word' id='word_1_460' title='bbox 1800 3244 1861 3279; x_wconf 81' lang='lat' dir='ltr'><strong>sc</strong></span> <span class='ocrx_word' id='word_1_461' title='bbox 1884 3227 2077 3293; x_wconf 90' lang='lat' dir='ltr'><strong>populo</strong></span> <span class='ocrx_word' id='word_1_462' title='bbox 2113 3233 2238 3276; x_wconf 84' lang='lat' dir='ltr'><strong>tunc</strong></span> <span class='ocrx_word' id='word_1_463' title='bbox 2257 3225 2373 3275; x_wconf 88' lang='lat' dir='ltr'><strong>dari</strong></span> <span class='ocrx_word' id='word_1_464' title='bbox 2398 3238 2522 3275; x_wconf 89' lang='lat' dir='ltr'><strong>con·</strong></span> 
     </span>
     <span class='ocr_line' id='line_1_89' title="bbox 1450 3299 2524 3371; baseline -0.007 -10"><span class='ocrx_word' id='word_1_465' title='bbox 1450 3310 1623 3370; x_wconf 51' lang='lat' dir='ltr'><strong>¹sue-rit</strong></span> <span class='ocrx_word' id='word_1_466' title='bbox 1656 3306 2000 3371; x_wconf 84' lang='lat' dir='ltr'><strong>congiarium.</strong></span> <span class='ocrx_word' id='word_1_467' title='bbox 2071 3302 2231 3360; x_wconf 79' lang='lat' dir='ltr'><strong>Hinc,</strong></span> <span class='ocrx_word' id='word_1_468' title='bbox 2257 3299 2524 3353; x_wconf 73' lang='lat' dir='ltr'><strong>referente</strong></span> 
     </span>
     <span class='ocr_line' id='line_1_90' title="bbox 1451 3375 2522 3437; baseline -0.01 0"><span class='ocrx_word' id='word_1_469' title='bbox 1451 3387 1669 3437; x_wconf 86' lang='lat' dir='ltr'><strong>Sueton.</strong></span> <span class='ocrx_word' id='word_1_470' title='bbox 1687 3383 1817 3434; x_wconf 89' lang='lat' dir='ltr'><strong>Ner.</strong></span> <span class='ocrx_word' id='word_1_471' title='bbox 1830 3395 1880 3431; x_wconf 90' lang='lat' dir='ltr'><strong>c.</strong></span> <span class='ocrx_word' id='word_1_472' title='bbox 1896 3383 1946 3430; x_wconf 84' lang='grc'><strong>7.</strong></span> <span class='ocrx_word' id='word_1_473' title='bbox 1980 3378 1998 3408; x_wconf 89' lang='lat'>‘</span> <span class='ocrx_word' id='word_1_474' title='bbox 2012 3377 2265 3428; x_wconf 82' lang='lat' dir='ltr'><strong>deductus</strong></span> <span class='ocrx_word' id='word_1_475' title='bbox 2283 3377 2335 3427; x_wconf 89' lang='lat' dir='ltr'><strong>iu</strong></span> <span class='ocrx_word' id='word_1_476' title='bbox 2352 3375 2522 3427; x_wconf 82' lang='lat' dir='ltr'><strong>forum</strong></span> 
     </span>
     <span class='ocr_line' id='line_1_91' title="bbox 1453 3454 2530 3525; baseline -0.009 -12"><span class='ocrx_word' id='word_1_477' title='bbox 1453 3465 1577 3519; x_wconf 87' lang='lat' dir='ltr'><strong>tiro,</strong></span> <span class='ocrx_word' id='word_1_478' title='bbox 1602 3460 1796 3525; x_wconf 88' lang='lat' dir='ltr'><strong>populo</strong></span> <span class='ocrx_word' id='word_1_479' title='bbox 1828 3456 2167 3521; x_wconf 83' lang='lat' dir='ltr'><strong>congiarium,</strong></span> <span class='ocrx_word' id='word_1_480' title='bbox 2189 3454 2342 3504; x_wconf 89' lang='lat' dir='ltr'><strong>militi</strong></span> <span class='ocrx_word' id='word_1_481' title='bbox 2367 3455 2530 3505; x_wconf 71' lang='lat' dir='ltr'><strong>doua-</strong></span> 
     </span>
     <span class='ocr_line' id='line_1_92' title="bbox 1454 3530 2528 3602; baseline -0.01 -11"><span class='ocrx_word' id='word_1_482' title='bbox 1454 3541 1639 3600; x_wconf 79' lang='lat' dir='ltr'><strong>tivum,</strong></span> <span class='ocrx_word' id='word_1_483' title='bbox 1671 3530 1979 3602; x_wconf 65' lang='lat' dir='ltr'><strong>proposuit!</strong></span> <span class='ocrx_word' id='word_1_484' title='bbox 2039 3532 2112 3583; x_wconf 88' lang='lat' dir='ltr'><strong>Et</strong></span> <span class='ocrx_word' id='word_1_485' title='bbox 2138 3533 2309 3582; x_wconf 82' lang='lat' dir='ltr'><strong>Tacit.</strong></span> <span class='ocrx_word' id='word_1_486' title='bbox 2335 3530 2528 3582; x_wconf 62' lang='lat' dir='ltr'><strong>Annal-</strong></span> 
     </span>
     <span class='ocr_line' id='line_1_93' title="bbox 1455 3611 2527 3676; baseline -0.009 -2"><span class='ocrx_word' id='word_1_487' title='bbox 1455 3634 1562 3674; x_wconf 68' lang='grc' dir='ltr'><strong>ιιι.</strong></span> <span class='ocrx_word' id='word_1_488' title='bbox 1588 3623 1673 3670; x_wconf 73' lang='lat' dir='ltr'><strong>«ss.</strong></span> <span class='ocrx_word' id='word_1_489' title='bbox 1705 3611 2029 3672; x_wconf 83' lang='lat' dir='ltr'><strong>‘Additnm,’</strong></span> <span class='ocrx_word' id='word_1_490' title='bbox 2063 3613 2254 3676; x_wconf 79' lang='lat' dir='ltr'><strong>iuquit,</strong></span> <span class='ocrx_word' id='word_1_491' title='bbox 2290 3612 2527 3665; x_wconf 76' lang='lat' dir='ltr'><strong>‘nomine</strong></span> 
     </span>
     <span class='ocr_line' id='line_1_94' title="bbox 1459 3688 2528 3751; baseline -0.007 -5"><span class='ocrx_word' id='word_1_492' title='bbox 1459 3697 1508 3746; x_wconf 87' lang='lat' dir='ltr'>N</span> <span class='ocrx_word' id='word_1_493' title='bbox 1514 3692 2001 3746; x_wconf 77' lang='lat' dir='ltr'><strong>erouisdonatirum</strong></span> <span class='ocrx_word' id='word_1_494' title='bbox 2020 3689 2190 3745; x_wconf 85' lang='lat' dir='ltr'><strong>militi,</strong></span> <span class='ocrx_word' id='word_1_495' title='bbox 2207 3688 2528 3751; x_wconf 73' lang='lat' dir='ltr'><strong>congiarium</strong></span> 
     </span>
     <span class='ocr_line' id='line_1_95' title="bbox 1458 3763 2532 3839; baseline -0.011 -16"><span class='ocrx_word' id='word_1_496' title='bbox 1458 3771 1622 3839; x_wconf 89' lang='lat' dir='ltr'><strong>plebi.</strong></span> <span class='ocrx_word' id='word_1_497' title='bbox 1626 3768 1641 3793; x_wconf 86' lang='lat'>’</span> <span class='ocrx_word' id='word_1_498' title='bbox 1705 3770 1877 3820; x_wconf 83' lang='lat' dir='ltr'><strong>Etiam</strong></span> <span class='ocrx_word' id='word_1_499' title='bbox 1918 3764 2247 3829; x_wconf 87' lang='lat' dir='ltr'><strong>Lampridius</strong></span> <span class='ocrx_word' id='word_1_500' title='bbox 2279 3764 2332 3813; x_wconf 86' lang='lat' dir='ltr'><strong>in</strong></span> <span class='ocrx_word' id='word_1_501' title='bbox 2371 3763 2532 3813; x_wconf 85' lang='lat' dir='ltr'><strong>Alex</strong></span> 
     </span>
     <span class='ocr_line' id='line_1_96' title="bbox 1459 3839 2532 3905; baseline -0.011 -6"><span class='ocrx_word' id='word_1_502' title='bbox 1459 3848 1623 3899; x_wconf 86' lang='lat' dir='ltr'><strong>andro</strong></span> <span class='ocrx_word' id='word_1_503' title='bbox 1669 3847 1886 3905; x_wconf 75' lang='lat' dir='ltr'><strong>Severo,</strong></span> <span class='ocrx_word' id='word_1_504' title='bbox 1927 3855 1977 3894; x_wconf 83' lang='lat' dir='ltr'><strong>c.</strong></span> <span class='ocrx_word' id='word_1_505' title='bbox 2015 3846 2101 3892; x_wconf 85' lang='grc'><strong>26.</strong></span> <span class='ocrx_word' id='word_1_506' title='bbox 2151 3839 2532 3903; x_wconf 78' lang='lat' dir='ltr'><strong>‘Congiarium</strong></span> 
     </span>
     <span class='ocr_line' id='line_1_97' title="bbox 1458 3915 2536 3992; baseline -0.01 -17"><span class='ocrx_word' id='word_1_507' title='bbox 1458 3924 1654 3992; x_wconf 88' lang='lat' dir='ltr'><strong>populo</strong></span> <span class='ocrx_word' id='word_1_508' title='bbox 1691 3927 1774 3972; x_wconf 91' lang='lat' dir='ltr'><strong>ter</strong></span> <span class='ocrx_word' id='word_1_509' title='bbox 1809 3918 1986 3979; x_wconf 88' lang='lat' dir='ltr'><strong>dedit·</strong></span> <span class='ocrx_word' id='word_1_510' title='bbox 2021 3916 2321 3966; x_wconf 80' lang='lat' dir='ltr'><strong>donativum</strong></span> <span class='ocrx_word' id='word_1_511' title='bbox 2352 3915 2536 3966; x_wconf 85' lang='lat' dir='ltr'><strong>militi·</strong></span> 
     </span>
     <span class='ocr_line' id='line_1_98' title="bbox 1460 3990 2534 4057; baseline -0.011 -5"><span class='ocrx_word' id='word_1_512' title='bbox 1460 4001 1556 4052; x_wconf 88' lang='lat' dir='ltr'><strong>bns</strong></span> <span class='ocrx_word' id='word_1_513' title='bbox 1580 3997 1700 4050; x_wconf 68' lang='lat' dir='ltr'><strong>ter!</strong></span> <span class='ocrx_word' id='word_1_514' title='bbox 1763 3995 1928 4049; x_wconf 78' lang='lat' dir='ltr'><strong>Quasi</strong></span> <span class='ocrx_word' id='word_1_515' title='bbox 1954 3993 2212 4057; x_wconf 80' lang='lat' dir='ltr'><strong>legitimus</strong></span> <span class='ocrx_word' id='word_1_516' title='bbox 2238 3991 2419 4041; x_wconf 85' lang='lat' dir='ltr'><strong>modus</strong></span> <span class='ocrx_word' id='word_1_517' title='bbox 2441 3990 2534 4040; x_wconf 87' lang='lat' dir='ltr'><strong>do·</strong></span> 
     </span>
     <span class='ocr_line' id='line_1_99' title="bbox 1461 4067 2536 4139; baseline -0.009 -11"><span class='ocrx_word' id='word_1_518' title='bbox 1461 4076 1627 4128; x_wconf 83' lang='lat' dir='ltr'><strong>nativi</strong></span> <span class='ocrx_word' id='word_1_519' title='bbox 1645 4081 1761 4139; x_wconf 84' lang='lat' dir='ltr'><strong>post</strong></span> <span class='ocrx_word' id='word_1_520' title='bbox 1776 4076 2079 4135; x_wconf 82' lang='lat' dir='ltr'><strong>susceptum</strong></span> <span class='ocrx_word' id='word_1_521' title='bbox 2096 4068 2368 4133; x_wconf 87' lang='lat' dir='ltr'><strong>imperium</strong></span> <span class='ocrx_word' id='word_1_522' title='bbox 2387 4067 2536 4124; x_wconf 80' lang='lat' dir='ltr'><strong>fuere</strong></span> 
     </span>
     <span class='ocr_line' id='line_1_100' title="bbox 1465 4146 2537 4211; baseline -0.009 -4"><span class='ocrx_word' id='word_1_523' title='bbox 1465 4158 1646 4206; x_wconf 84' lang='lat' dir='ltr'><strong>vicena</strong></span> <span class='ocrx_word' id='word_1_524' title='bbox 1680 4151 1845 4201; x_wconf 85' lang='lat' dir='ltr'><strong>millia</strong></span> <span class='ocrx_word' id='word_1_525' title='bbox 1877 4162 2161 4211; x_wconf 83' lang='lat' dir='ltr'><strong>nummum,</strong></span> <span class='ocrx_word' id='word_1_526' title='bbox 2183 4146 2370 4210; x_wconf 84' lang='lat' dir='ltr'><strong>cuique</strong></span> <span class='ocrx_word' id='word_1_527' title='bbox 2401 4147 2537 4200; x_wconf 64' lang='lat' dir='ltr'><strong>milie</strong></span> 
     </span>
     <span class='ocr_line' id='line_1_101' title="bbox 1465 4226 2535 4294; baseline -0.011 -11"><span class='ocrx_word' id='word_1_528' title='bbox 1465 4240 1597 4288; x_wconf 81' lang='lat' dir='ltr'><strong>tum,</strong></span> <span class='ocrx_word' id='word_1_529' title='bbox 1640 4227 2073 4294; x_wconf 61' lang='lat' dir='ltr'><strong>pretorianorum</strong></span> <span class='ocrx_word' id='word_1_530' title='bbox 2121 4226 2443 4287; x_wconf 62' lang='lat' dir='ltr'><strong>presertim3</strong></span> <span class='ocrx_word' id='word_1_531' title='bbox 2477 4230 2535 4278; x_wconf 66' lang='lat' dir='ltr'><strong>at</strong></span> 
     </span>
     <span class='ocr_line' id='line_1_102' title="bbox 1464 4299 2537 4369; baseline -0.01 -7"><span class='ocrx_word' id='word_1_532' title='bbox 1464 4304 1850 4362; x_wconf 88' lang='lat' dir='ltr'><strong>centurionibus</strong></span> <span class='ocrx_word' id='word_1_533' title='bbox 1882 4302 2119 4369; x_wconf 82' lang='lat' dir='ltr'><strong>duplum,</strong></span> <span class='ocrx_word' id='word_1_534' title='bbox 2151 4299 2373 4356; x_wconf 84' lang='lat' dir='ltr'><strong>tribunis</strong></span> <span class='ocrx_word' id='word_1_535' title='bbox 2409 4313 2537 4358; x_wconf 65' lang='lat' dir='ltr'><strong>vero</strong></span> 
     </span>
    </p>
   </div>
  </div>
 </body>
</html>
