3017 4942
714 402 781 451 c.
827 401 1071 455 remu
1117 402 1457 455 sacuam
1509 406 1790 456 uuac-
1867 407 1919 456 1.
1948 392 2057 457 50.

285 540 451 611 vibus,
473 544 595 597 mali
616 544 878 613 principes
908 544 1187 599 eorundem
1211 546 1351 599 bona

283 622 346 673 sd
369 620 548 672 fiscum
579 621 960 684 devolvebant3
991 623 1176 674 eadem
1204 624 1349 674 dela·

287 699 497 761 toribus,
538 698 914 763 adulatoribus,
955 699 1176 763 libertis,
1214 701 1349 752 aliis·

282 793 381 842 que
396 778 745 845 coinquinatis
759 779 965 842 aulicis,
980 779 1119 830 douo
1137 779 1349 831 dabant.

283 855 501 911 Peturol.

348 931 615 997 Vastitaee]
651 933 1012 995 Desolatione,
1036 933 1339 997 solitudine,

206 1045 216 1060 .
278 1010 473 1073 ereptis
499 1008 778 1061 eorundem
802 1009 1041 1066 dominis,
1072 1025 1164 1062 seu
1188 1009 1347 1069 ferro.

277 1099 365 1136 seu
389 1085 571 1135 exilio.
607 1086 762 1137 Idem.

344 1161 612 1229 Vestam]
643 1164 909 1222 Desolata,
931 1178 1030 1215 nec
1052 1165 1207 1216 culta.
1241 1165 1344 1217 Sed

275 1237 431 1296 unde,
445 1241 673 1306 inquies,
690 1247 793 1290 tam
813 1242 976 1291 multa
995 1240 1105 1292 baec
1122 1242 1186 1292 ad
1207 1243 1347 1306 priu-

274 1316 473 1379 cipem?
505 1333 576 1369 ex
599 1316 787 1383 iniquis
812 1319 1228 1370 damnationibus
1247 1335 1347 1369 cae-

275 1391 535 1458 (libusque
570 1394 844 1459 nobilium,
876 1410 1089 1461 quorum
1122 1396 1259 1449 bona
1282 1397 1346 1449 ad

273 1468 473 1520 fiscum.
507 1471 649 1535 Lips.

332 1549 549 1601 Deterso
580 1550 703 1616 situ]
737 1551 801 1601 Iu
835 1550 1024 1603 codice
1057 1552 1346 1616 Guelpber·

270 1622 468 1691 bytano
486 1628 685 1688 legitur
696 1630 894 1679 detruso
904 1629 1040 1687 den,-
1071 1629 1155 1680 cui
1172 1639 1344 1681 autem

270 1703 553 1754 variationi
577 1704 902 1770 preferenda
936 1712 1018 1756 est
1054 1705 1211 1757 lectio
1233 1708 1346 1756 vul·

270 1785 410 1843 gata.
444 1780 697 1832 Schmun.

329 1855 522 1908 Amas
552 1873 610 1908 co
643 1857 885 1925 vig-entes]
917 1858 1112 1909 Mirum
1150 1865 1253 1921 est,
1292 1859 1344 1910 ia

268 1934 450 1985 codice
473 1935 732 1986 Vaticano
754 1940 900 1987 1475.
915 1937 967 1986 in
982 1935 1342 2001 salisburgen-

269 2010 330 2074 si,
351 2016 409 2060 et
430 2010 569 2062 libro
594 2011 868 2068 Vossiauo‚
902 2026 999 2077 pro
1034 2012 1111 2062 bis
1134 2012 1345 2064 vocibus

267 2086 367 2151 legi
389 2092 590 2138 avectus
618 2093 667 2138 et
687 2088 927 2152 ingentes.
993 2090 1182 2147 Putes,
1204 2089 1345 2141 ades

266 2163 368 2215 dici
388 2170 603 2229 evectas,
627 2165 775 2230 quasi
807 2164 861 2216 in
893 2165 1056 2217 altum
1091 2166 1343 2216 sublatas.

263 2240 365 2292 Sed
388 2242 524 2292 nibil
545 2242 845 2295 mutandum
869 2257 1079 2294 censeo.
1132 2244 1221 2294 Sic
1243 2243 1342 2293 eti·

264 2331 342 2368 am
366 2318 419 2368 in
444 2317 794 2382 sequentibus
816 2319 1009 2381 verbis,
1029 2319 1080 2369 iu
1107 2319 1341 2370 Pataroli

264 2395 501 2449 editione
532 2397 753 2462 legimus
795 2397 969 2448 sistere
1009 2397 1201 2456 naisum·
1251 2396 1342 2448 nbi

263 2472 314 2523 ia
345 2473 597 2524 omnibus
645 2475 763 2524 aliis
797 2474 946 2524 libris
984 2482 1136 2525 extat
1171 2475 1343 2527 sistere

261 2549 447 2605 ruinas.
487 2549 685 2600 Adba’c
704 2550 875 2600 codex
890 2551 1176 2602 Vaticanus
1191 2556 1340 2606 8461.

263 2633 317 2677 et
352 2627 876 2693 Guelpberbytanus,
918 2628 1155 2679 inutilem
1198 2629 1338 2679 exbi-

263 2702 390 2759 bent
428 2703 794 2762 variationem,
820 2718 917 2767 pro
938 2710 1188 2757 exstructa
1219 2718 1341 2771 pro·

261 2778 447 2833 dentes
469 2781 731 2831 inuncta.
762 2780 931 2832 Idem.

320 2858 542 2922 Aucus]
576 2859 889 2922 Restitutas,
913 2854 1007 2910 nisi
1032 2859 1116 2911 cui
1139 2860 1340 2913 arridet

260 2936 432 2989 hum.
471 2935 622 3001 Lips.

271 3044 276 3067 .·
323 3014 472 3077 Erga
493 3018 624 3065 mea
643 3012 768 3078 ipsa,
797 3012 1047 3077 moritum]
1082 3014 1337 3065 Constan-

260 3091 399 3142 tinus
460 3091 673 3158 quidem
714 3090 1014 3155 Imperator
1053 3092 1335 3156 Trajanum

259 3167 474 3219 herbam
501 3167 856 3232 parietariam,
890 3166 961 3217 ob
997 3167 1182 3219 titulos
1206 3171 1337 3219 mul·

260 3250 340 3296 tos
363 3244 569 3297 edibus
589 3242 897 3307 inscriptos,
927 3244 1199 3307 appellare
1218 3245 1337 3295 soli·

262 3327 361 3373 tus.
398 3322 652 3386 Epitoma
667 3321 795 3371 Sex.
817 3320 1068 3370 Victoris·
1121 3320 1336 3372 Adscri-

259 3396 374 3454 bam
397 3408 458 3449 et
492 3397 755 3449 Ammiani
796 3397 957 3447 verba
977 3411 1009 3446 e
1032 3397 1123 3447 lib.
1147 3392 1340 3453 x'xvn.

260 3473 325 3525 de
357 3473 651 3540 Lampadio
687 3473 947 3536 quodam:
980 3475 997 3502 ‘
1021 3473 1130 3524 Per
1164 3475 1337 3526 omnia

259 3552 496 3603 civitatis
548 3550 800 3614 membra,
843 3565 962 3616 quae
1009 3550 1333 3602 diversorum

262 3629 556 3695 principum
591 3636 909 3678 exornarunt
947 3627 1217 3691 impensae,
1241 3644 1335 3681 no·

258 3718 377 3757 men
401 3704 669 3770 proprium
688 3704 1031 3766 inscribebat,
1049 3719 1153 3756 nou
1173 3714 1230 3757 ut
1248 3721 1334 3757 ve·

258 3788 426 3835 terum
449 3783 794 3845 instaurator,
810 3781 903 3833 sed
922 3781 1180 3853 conditor.
1214 3783 1333 3835 Quo

260 3860 386 3911 vitio
406 3860 678 3911 laborasse
698 3859 954 3923 Trajanus
975 3859 1169 3910 dicitur
1192 3860 1330 3925 prin·

258 3949 401 4001 ceps.
469 3936 628 3986 Unde
647 3951 765 3986 eum
788 3936 1002 3987 lterbam
1021 3936 1332 4000 parietinam

253 4013 475 4077 jocatmo
499 4010 972 4076 cognominarunt)
1003 4012 1167 4065 nain.

326 4092 531 4157 Eodem]
558 4090 775 4155 Magno,
790 4098 847 4140 et
859 4091 1087 4141 locorum
1107 4096 1333 4142 amante.

269 4283 274 4289 .
324 4244 525 4294 Domini
558 4241 783 4305 scientis]
818 4242 1012 4292 Donum
1034 4241 1229 4294 scientis
1251 4243 1335 4293 Li·

261 4321 364 4372 vin.
383 4322 436 4373 in
461 4329 650 4383 textu3
682 4319 780 4369 sed
807 4321 861 4370 in
885 4320 1136 4385 margine,
1157 4318 1336 4371 domiui

262 4413 353 4450 noa
373 4400 625 4471 uersiculis
648 4398 710 4451 C.
730 4397 800 4451 G.
821 4397 1060 4466 Optime.
1094 4399 1337 4453 Ritterslt.

2362 392 2492 465 '741

1491 549 1920 615 nominitamus]
1930 550 2338 603 mamercum.
2362 553 2496 604 Pro-

1426 623 1495 676 ba
1520 627 1694 686 lectio,
1716 627 2013 679 domininon
2038 627 2309 691 servientis,
2333 630 2496 681 maxi·

1423 716 1507 753 me
1531 705 1826 756 auctoribus
1864 704 2035 767 libris,
2064 711 2125 756 ‘et
2160 720 2317 770 supra
2350 705 2500 757 dixe·

1424 787 1529 842 rat,
1548 784 1563 811 ‘
1590 782 1809 845 necjam
1835 782 2234 832 clarissimorum
2268 784 2494 839 virorum

1424 859 1762 922 receptacula
1795 857 2093 909 habitatore
2130 874 2283 913 servo
2316 867 2494 910 terun-

1425 934 1548 996 tur,'
1587 935 1679 985 sed
1723 935 1914 993 baereo,
1959 935 2085 1000 quid
2122 936 2423 999 exsculpam
2462 952 2493 995 e

1421 1011 1637 1076 scientis,
1672 1012 1813 1077 quod
1850 1027 1966 1063 cum
2001 1012 2101 1062 boc
2135 1022 2311 1063 nostro
2337 1015 2403 1064 V.
2431 1015 2494 1067 R.

1423 1087 1752 1153 praeferunt3
1787 1103 1905 1139 nam
1927 1103 1991 1139 es
2015 1089 2189 1139 donum
2211 1090 2346 1145 baud
2378 1106 2494 1154 gra·

1405 1164 1583 1237 ,vatim
1604 1165 1788 1215 domini
1810 1164 2020 1223 feceris,
2045 1181 2161 1230 quae
2184 1166 2235 1216 in
2261 1167 2328 1215 V.
2347 1167 2495 1231 liqui·

1425 1240 1494 1292 da
1517 1242 1778 1306 scriptura
1803 1250 1906 1292 est.
1935 1242 2102 1292 Heia.

1489 1317 1692 1368 Domiai
1711 1316 1931 1382 scientis]
1967 1319 2136 1369 Libris
2160 1320 2293 1377 aliis,
2315 1321 2498 1371 domiui
2536 1374 2542 1379 ,

1424 1409 1518 1444 nou
1552 1395 1841 1454 servienti-55
1870 1395 1924 1445 id
1963 1406 2126 1459 esset,
2159 1396 2298 1461 quod
2339 1412 2498 1461 supra

1426 1469 1585 1533 dixit,
1610 1476 1626 1499 ⁴
1651 1485 1751 1520 non
1786 1470 2086 1521 habitatore
2124 1486 2276 1521 servo
2320 1481 2501 1522 terun-

1427 1545 1549 1597 tur.’
1584 1548 1697 1611 Ego
1711 1548 2041 1612 negationem
2062 1548 2354 1612 rejecerim,
2372 1550 2500 1600 scri·

1426 1624 1650 1690 bamque
1672 1625 1853 1685 domim·
1861 1625 2094 1686 fruentis.
2130 1626 2275 1690 Lips.

1488 1700 1694 1753 Domini
1727 1702 1948 1766 scientis]
1995 1703 2117 1754 Non
2145 1717 2247 1752 una
2270 1703 2498 1755 varietas
2572 1742 2579 1745 -

1421 1778 1475 1829 iu
1499 1780 1580 1828 his
1606 1779 1774 1830 verbis
1797 1780 2041 1833 occurrit.
2108 1780 2330 1831 Plurimi
2355 1781 2496 1832 codi-

1423 1870 1515 1907 ces
1540 1857 1666 1907 Mus.
1686 1857 2027 1922 comprobant
2047 1857 2183 1907 banc
2209 1857 2371 1922 ipsam
2393 1858 2499 1908 lec·

1423 1933 1640 1983 tionem.
1708 1930 1908 1984 Excusi
1944 1932 2264 1998 antiquiores
2304 1933 2501 1985 babent

1420 2011 1594 2060 donum
1604 2011 1800 2063 scienfis
1813 2028 1835 2072 ,·
1859 2010 1948 2060 ubi
1969 2019 2143 2060 tamen
2161 2024 2259 2061 nou
2280 2011 2499 2073 obscure

1422 2097 1665 2152 apparet.
1704 2104 1858 2155 quam
1892 2085 2050 2139 facile
2084 2103 2273 2138 nomen
2296 2089 2500 2151 domiai,

1418 2162 1472 2213 in
1493 2167 1682 2223 donum,
1707 2165 1929 2215 transire
1968 2165 2225 2230 potuerit.
2262 2164 2344 2214 Ex
2369 2165 2494 2230 Lip-

1419 2240 1483 2290 sii
1505 2241 1807 2305 conjectura
1829 2241 1882 2290 in
1905 2242 2089 2305 paucis
2110 2242 2492 2305 exemplaribus
2582 2259 2593 2272 ·

1418 2326 1599 2368 natum
1633 2328 1715 2368 est
1744 2319 1925 2370 domini
1941 2319 2176 2380 fruentis.
2246 2321 2310 2370 Iu
2335 2321 2492 2384 pluri·

1420 2396 1522 2446 mis
1543 2397 1735 2446 ceteris
1765 2396 1972 2447 excusis
2008 2396 2151 2446 libris
2189 2397 2385 2462 legitur
2408 2400 2494 2448 do·

1416 2472 1541 2522 asiai
1574 2488 1668 2525 non
1701 2473 1970 2524 servientis.
2039 2472 2241 2523 Ultima
2282 2475 2490 2539 quidem

1415 2549 1533 2600 boec
1570 2550 1730 2600 lectio
1764 2565 1877 2614 prae
1920 2551 2114 2600 ceteris
2150 2552 2357 2601 videtur
2382 2554 2494 2615 pla·

1417 2627 1569 2689 nior;
1605 2628 1742 2677 unde
1777 2632 1833 2677 et
1863 2627 2000 2677 banc
2034 2627 2251 2678 retinuit
2275 2628 2494 2679 Aratae-

1414 2703 1550 2759 nius,
1574 2716 1795 2768 eamque
1816 2716 1846 2752 e
1869 2704 2149 2765 contrario,
2170 2719 2324 2769 quam
2351 2720 2489 2757 nuuc

1413 2779 1613 2843 recepi,
1636 2780 1886 2844 quesitam
1909 2788 2082 2844 vocat,
2117 2793 2287 2846 neque
2312 2796 2491 2845 quem·

1411 2872 1566 2922 quam
1604 2863 1753 2922 putat
1788 2857 2081 2908 Romanum
2121 2858 2199 2908 sic
2232 2858 2372 2923 loqui
2399 2875 2491 2923 po·

1414 2935 1607 2986 tuisse:
1643 2935 1776 2985 banc
1799 2936 1962 2998 ipsam
1988 2943 2181 2991 tamen,
2206 2950 2360 2999 quam
2374 2936 2487 3000 jam

1409 3011 1622 3076 egregie
1636 3011 1917 3063 vindicavit
1935 3012 2253 3068 Gronovius,
2271 3027 2370 3077 ego
2391 3012 2489 3062 uti-

1410 3102 1512 3153 que
1535 3088 1789 3138 Pliniana
1812 3090 2091 3139 sententiae
2125 3087 2262 3140 duco
2297 3104 2486 3140 conve-

1409 3167 1719 3217 nientiorem
1757 3180 1890 3230 esse,
1915 3173 1969 3217 et
2004 3165 2481 3230 significantiorem,

1411 3257 1564 3307 quam
1589 3259 1700 3308 quae
1717 3258 1782 3294 ex
1797 3244 1907 3295 solo
1923 3244 2133 3308 ingenio
2149 3245 2477 3297 librariorum

1408 3328 1537 3373 nata
1573 3321 1829 3373 videatur.
1894 3323 2150 3386 Loquitur
2190 3323 2331 3373 enim
2369 3322 2485 3374 Pli-

1408 3401 1526 3450 nius
1541 3398 1608 3450 de
1624 3398 1881 3463 ejusmodi
1900 3398 2126 3459 domino,
2141 3400 2227 3464 qui
2241 3414 2334 3449 sua
2344 3414 2479 3464 prae·

1409 3475 1515 3538 dia,
1558 3489 1780 3540 suasque
1827 3475 2029 3532 domus,
2059 3475 2379 3540 frequenta&
2433 3478 2480 3527 is

1409 3566 1513 3603 non
1544 3562 1624 3601 est
1651 3552 1788 3616 talis,
1824 3553 1911 3616 qui
1935 3552 2205 3602 immensas
2231 3554 2479 3616 possessi·

1409 3644 1536 3680 ones
1557 3629 1737 3691 habet,
1756 3642 1886 3692 quas
1907 3628 2022 3692 ipse
2045 3642 2145 3677 nou
2168 3626 2386 3685 habitat,
2411 3643 2474 3679 ac

1406 3721 1473 3756 ne
1495 3707 1644 3757 novit
1665 3706 1908 3772 quidem,
1940 3705 2104 3771 qualis
2119 3716 2234 3755 erat
2255 3706 2478 3762 Trimalq

1407 3782 1490 3834 cio
1534 3782 1905 3843 Petronianus,
1942 3797 2038 3845 per
2075 3796 2227 3845 quem
2271 3783 2476 3846 Caium,

1405 3861 1629 3912 aliumve
1663 3859 2006 3909 insatiabilem
2042 3859 2351 3923 principem,
2382 3860 2474 3909 de-

1404 3934 1600 4001 signari
1620 3936 1756 3998 dixi3
1793 3936 1901 3999 qui,
1932 3938 2083 3986 cate.
2096 3936 2477 4003 jactabundus,

1401 4017 1419 4044 ⁸
1448 4010 1679 4070 Vinum,’
1699 4012 1889 4076 iuquit,
1915 4012 1930 4039 ‘
1952 4011 1997 4060 si
2020 4016 2125 4061 nou'
2145 4013 2339 4076 placet,
2362 4028 2475 4064 mu·

1405 4089 1551 4143 tabo.
1615 4089 1847 4139 Deorum
1882 4087 2141 4139 beneficio
2184 4104 2286 4143 nou
2325 4106 2474 4154 emo;

1406 4168 1501 4219 sed
1525 4182 1681 4232 nuuc,
1703 4165 1958 4232 quidquid
1983 4167 2050 4216 ad
2082 4167 2295 4219 salivam
2324 4167 2479 4237 facit,

1406 4245 1460 4294 iu
1484 4244 1782 4294 suburbano
1805 4242 2040 4293 nascitur
2059 4257 2198 4305 meo,
2220 4246 2355 4308 quod
2378 4262 2480 4309 ego

1407 4321 1581 4372 adhuc
1599 4335 1701 4370 non
1726 4318 1882 4377 novi‚'
1901 4321 2001 4369 &m
2067 4320 2199 4384 (Ubi
2223 4321 2367 4372 vides
2391 4336 2480 4373 ex-

1412 4400 1642 4475 emplum
1664 4398 1860 4452 domini
1891 4412 1985 4450 sua
2009 4397 2144 4449 bona
2163 4399 2488 4466 nescientis.)
