3017 4942
740 420 804 469 c.
854 419 1097 470 suun
1145 419 1477 472 saeuum
1528 425 1800 477 muna.
1874 430 1927 479 1.
1954 414 2064 480 64.

304 565 382 618 te,
422 572 620 611 summe
651 562 883 628 Jupiter,
918 579 1116 629 quaeso.
1153 566 1368 633 Amphi-

304 639 483 689 truoni
508 646 565 689 ut
588 654 795 703 semper
817 643 980 690 iratus
1004 642 1143 692 sies.'
1207 641 1366 707 Apud

306 715 425 765 Liv-
459 729 499 764 1.
530 719 615 766 24.
656 724 673 747 ‘
694 717 748 766 Si
783 717 847 766 P.
883 718 945 767 R.
989 719 1129 782 prior
1164 718 1369 770 defexit

306 791 524 854 publico
555 793 791 857 consilio,
826 793 946 842 dolo
982 795 1149 856 malo;
1185 804 1241 845 tu
1278 797 1368 846 illo

304 868 411 925 die,
432 869 658 932 Jupiter,
694 870 938 933 populum
973 872 1257 922 Romanum
1291 873 1367 923 sic

302 941 480 1003 ferito,
505 953 561 993 ut
584 960 681 1008 ego
712 946 848 995 bunc
878 961 1086 1009 porcum
1109 946 1192 998 bic
1214 948 1366 999 bodie

301 1016 510 1082 feriam,
536 1029 786 1085 tantoque
816 1024 982 1085 magis
1009 1020 1183 1083 ferito,
1207 1039 1366 1089 quan·

304 1105 365 1145 to
407 1097 570 1159 magis
621 1105 789 1162 potes,
836 1098 1142 1163 pollesque.’
1206 1100 1365 1166 Apud

302 1172 461 1223 eund.
485 1186 612 1223 xxt.
630 1178 714 1224 4⁶.
747 1174 764 1201 ‘
789 1174 993 1237 Aguum
1028 1176 1159 1226 laeva
1191 1192 1366 1243 manu,

304 1247 527 1299 dextera
558 1250 773 1307 silicem,
797 1251 1049 1307 retinens.
1071 1252 1115 1300 si
1138 1250 1367 1316 falleret,

300 1325 337 1377 J
342 1340 513 1386 ovem,
529 1334 835 1391 ceterosque
851 1335 1093 1390 precatus
1108 1328 1273 1392 Deos,
1289 1329 1368 1381 ita

301 1416 361 1450 se
379 1409 687 1458 mactarent,
702 1401 1133 1466 quemadmodum
1149 1404 1259 1466 ipse
1279 1420 1366 1469 ag·

299 1491 425 1528 num
447 1484 748 1528 mactasset.
792 1477 1087 1529 Secundum
1110 1483 1366 1543 precatio-

300 1569 422 1604 nem
441 1564 601 1620 caput
620 1556 834 1620 pecudis
856 1552 980 1606 sixo
1014 1557 1192 1607 elisit.’
1225 1558 1364 1610 Vide

299 1632 460 1683 Grot.
498 1632 565 1682 de
600 1634 731 1685 Jure
770 1633 836 1682 B.
873 1641 929 1683 et
965 1634 1030 1683 P.
1067 1648 1133 1685 ιι.
1170 1639 1250 1686 18.
1286 1641 1367 1687 to.

300 1708 564 1760 Quoniam
597 1709 758 1773 igitur
771 1709 941 1759 'homo
976 1711 1193 1762 violator
1203 1713 1364 1777 juris-

289 1785 512 1848 jurandi
533 1784 888 1835 devovebatur
912 1788 1027 1837 Deo
1050 1787 1115 1837 ad
1139 1803 1365 1861 poenam,

294 1862 340 1910 is
380 1860 596 1911 ‘sacer’
629 1861 934 1923 habebatur,
968 1873 1024 1914 ut
1063 1871 1078 1893 ⁶
1098 1865 1249 1928 cujus
1275 1882 1362 1917 ca·

296 1943 397 2002 put
414 1937 539 1989 Jovi
562 1952 765 1989 sacrum
788 1940 960 1991 esset-⁹
1028 1942 1143 1991 Liv.
1164 1956 1255 1992 ιιι.
1279 1950 1362 1995 55.

294 2015 439 2064 Sic*
460 2017 656 2066 sacrari
672 2016 688 2039 ³
722 2023 778 2067 et
810 2025 826 2049 ‘
845 2020 1140 2068 consecrari
1156 2019 1171 2041 '
1194 2020 1283 2070 irae
1308 2030 1363 2072 et

296 2106 470 2156 poenoe
507 2094 694 2144 divine
732 2095 1042 2164 dicebantur
1078 2097 1233 2147 etiam
1273 2099 1362 2148 alii

294 2168 553 2234 homines,
576 2171 782 2234 publice
805 2173 967 2222 noxii.
1032 2174 1146 2224 Liv.
1168 2187 1255 2224 ιιι.
1276 2179 1363 2229 48.

295 2244 449 2302 ‘·Te,’
470 2246 641 2311 inquit
662 2248 952 2312 Virginius,
975 2249 991 2278 ‘
1012 2248 1172 2314 Appi,
1193 2257 1361 2301 tuum·

294 2319 400 2386 que
435 2332 614 2390 caput,
652 2326 900 2390 sanguine
927 2326 1035 2376 -boc
1078 2328 1363 2379 consecro-⁹

294 2399 451 2450 Idem
475 2414 538 2450 ιι.
560 2405 608 2452 8.
640 2401 657 2429 ‘
679 2401 819 2451 Ante
855 2417 1032 2453 omnes
1070 2404 1137 2453 de
1176 2419 1362 2469 provo·

293 2477 502 2527 catione
538 2478 786 2528 adversus
818 2481 1149 2544 magistratus
1175 2482 1246 2531 ad·
1267 2497 1360 2548 po·

292 2554 494 2618 pulum,
531 2555 889 2620 sacrandoque
930 2571 1047 2607 cum
1086 2557 1233 2608 bonis
1272 2572 1357 2608 ca·

292 2631 408 2695 pite
440 2633 573 2696 ejus,
602 2633 693 2698 qui
724 2634 875 2696 regni
913 2634 1207 2697 occupandi
1237 2649 1360 2685 con·

293 2708 414 2758 silia
450 2710 659 2759 inisset:
680 2707 695 2730 ’
733 2711 820 2761 ubi
841 2711 1079 2761 Marcell.
1106 2712 1362 2775 Donatus,

291 2792 308 2814 ‘
323 2785 585 2836 Sam-otum
608 2801 733 2851 ergo
760 2793 901 2851 caput
924 2802 1149 2852 expono,
1166 2802 1359 2839 execra-

291 2867 397 2912 tum
415 2879 438 2923 ,·
460 2864 666 2915 Graecis
695 2862 995 2927 nordpertus)
1062 2866 1150 2915 Sic
1173 2865 1360 2915 Horat.

289 2939 405 2991 Sat.
438 2953 501 2992 ιι.
526 2944 576 2991 3.
600 2943 712 2991 181.
750 2946 767 2970 ⁶
785 2941 1105 2992 Intestabilis
1128 2948 1185 2992 et
1207 2957 1360 2993 sucer

289 3018 445 3068 esto!
492 3019 644 3069 Idem.

356 3098 458 3147 Irae
504 3097 823 3162 consecraret]
874 3098 1094 3149 Plautus
1139 3098 1376 3164 Amphi-⁷

288 3182 484 3224 truone
498 3176 563 3226 :³⁶
581 3176 641 3241 ,Si
660 3173 801 3233 fallo,
820 3183 927 3225 tum
953 3184 1025 3236 te,
1045 3190 1239 3226 summe
1260 3176 1355 3228 Ju-

287 3250 449 3313 piter,
465 3265 664 3315 quaeso,
683 3251 1046 3316 Amphitruoni
1068 3263 1129 3301 ut
1150 3267 1358 3317 semper

242 3366 260 3380 .
285 3326 456 3377 iratus
479 3325 620 3377 sies-³
683 3329 982 3378 Brissouius
1005 3329 1072 3379 de
1096 3330 1351 3381 Formulis

287 3402 376 3453 lib.
398 3416 528 3452 vm.
550 3402 775 3453 videtur.
822 3404 962 3468 Lips.
1009 3420 1015 3431 ³

352 3480 456 3529 Iroe
476 3482 797 3545 consecraret]
832 3482 1059 3531 Solenne
1083 3481 1350 3545 juramen-

285 3561 397 3605 tum
424 3556 564 3621 apud
585 3565 841 3606 nostrates
869 3558 989 3620 lege
1015 3557 1172 3608 in-D.
1197 3559 1350 3608 Bald.

283 3645 350 3681 ιι.
381 3637 435 3683 9.
470 3631 539 3682 de
569 3633 792 3683 Casibus
828 3633 1171 3684 Conscientiae
1207 3635 1350 3685 circa

281 3708 612 3760 duramenta.
660 3709 815 3759 Rem.

319 3784 523 3848 «Digna
550 3785 855 3848 predicatio]
889 3785 1007 3835 Hoc
1038 3784 1217 3835 ordine
1247 3785 1348 3836 ista

284 3862 447 3911 verba
469 3862 670 3926 scripta
690 3862 883 3911 suntin
909 3862 1178 3911 codicibus
1201 3861 1349 3911 Vati·

281 3939 446 3995 canis,
499 3938 801 4002 Parisiensi,
850 3947 1073 4002 utroque
1119 3939 1348 3995 Veneto,

281 4014 684 4077 Saiisburgensi,
742 4014 1229 4077 Guelpberbytano,
1294 4022 1349 4063 et

281 4104 430 4151 meo;
453 4089 597 4153 alias,
614 4090 898 4152 praedicatio
913 4090 1081 4152 digna.
1110 4091 1346 4142 Schwar-

285 4165 411 4216 zitts.
451 4168 460 4186 ⁸
673 4196 678 4200 -
815 4168 820 4175 '
1201 4166 1240 4179 '‘

351 4242 493 4299 Quod
512 4240 692 4305 primo]
727 4241 775 4289 Ι.
800 4256 850 4292 e.
872 4241 1009 4307 quod
1036 4243 1202 4307 primo
1223 4257 1346 4294 con·

2368 418 2496 485 867

1443 571 1645 632 sulem3
1678 573 1808 639 sive,
1826 575 1961 640 quod
1985 575 2179 637 fecisti,
2195 589 2312 626 cum
2336 571 2504 641 primo

1441 649 1621 697 consul
1658 664 1818 701 esses.
1886 652 2171 703 Fu'it'vero
2208 654 2284 704 M.
2316 656 2502 719 Ulpius

1441 724 1700 788 Trajanus
1717 726 1966 789 Crinitus,
1986 744 2086 778 una
2104 744 2220 780 cum
2239 732 2315 780 M.
2333 732 2505 783 Acilio

1441 800 1747 865 Glabrione,
1763 805 1982 866 primum
2002 808 2176 856 consul
2195 806 2504 866 ordinarius,

1438 874 1508 926 A.
1533 877 1599 926 U.
1625 878 1687 929 C.
1708 883 1823 931 844.
1855 884 1968 931 sive
1995 891 2109 945 post
2130 884 2387 934 Christum
2410 899 2503 935 na·

1439 960 1572 1018 tum,
1593 953 1659 1004 A.
1682 959 1764 1005 91.
1791 972 1906 1008 cum
1931 958 2042 1022 ipse
2072 960 2255 1010 adbuc·
2272 962 2504 1025 privatus

1441 1040 1602 1093 esset,
1635 1038 1688 1082 et
1719 1033 2054 1097 quidemsub
2088 1036 2385 1087 Domitiano
2404 1039 2504 1089 im-

1441 1115 1705 1169 peratore.
1772 1109 1972 1160 Iterum
2008 1114 2188 1163 consul
2223 1114 2323 1165 fuit
2347 1115 2413 1164 A.
2439 1115 2502 1165 C.

1439 1184 1525 1230 98.
1562 1197 1677 1232 cum
1714 1183 2028 1249 imperatore
2064 1188 2290 1239 Cocceio
2324 1191 2506 1241 Nerva

1440 1268 1524 1306 ιν.
1559 1257 1651 1307 sed
1678 1265 1803 1310 tunc
1827 1261 1939 1324 jam
1972 1270 2088 1311 erat
2110 1262 2308 1325 Caessr,
2333 1278 2503 1329 neque

1439 1346 1505 1383 eo
1548 1340 1784 1400 tempore
1824 1338 2187 1401 jusjurandum
2229 1342 2503 1393 consulare

1438 1408 1648 1460 dedisse
1677 1411 1900 1475 videtur,
1923 1428 2039 1462 cum
2061 1414 2249 1465 absens
2269 1424 2426 1479 esset,
2447 1421 2505 1469 et

1438 1487 1824 1550 expeditionem
1837 1491 1889 1539 iu
1902 1489 2189 1540 Germania
2209 1493 2399 1542 obiret.
2421 1494 2504 1544 Id.

1506 1561 1664 1619 Istud.
1685 1567 1806 1627 quod
1834 1572 2079 1627 preeunte
2107 1569 2263 1633 nullo]
2297 1569 2406 1619 Pro
2436 1571 2502 1620 is·

1438 1640 1543 1695 tud,
1565 1640 1759 1690 babent
1779 1642 1900 1691 illud
1922 1643 2070 1692 ambo
2092 1645 2303 1694 codices
2326 1647 2504 1697 Vene-

1440 1715 1501 1778 ti,
1539 1723 1596 1766 et
1631 1718 2166 1785 Guelpberbytanus.·
2206 1722 2313 1772 Pro
2340 1724 2501 1788 ἰιιιῑὶο,

1438 1793 1607 1843 codex
1647 1794 1959 1846 Parisiensis
1994 1797 2114 1857 im»,-
2163 1812 2260 1861 pro
2293 1815 2356 1849 aa
2393 1801 2500 1863 hoc,

1436 1870 1844 1935 Salisburgensis
1887 1876 1940 1924 ia
1981 1875 2103 1935 hoe,-
2158 1890 2252 1940 pro
2290 1877 2501 1939 jurasti,

1438 1947 1577 1997 idem
1599 1949 2024 2014 salisburgensis,
2051 1952 2290 2016 primum,
2310 1953 2500 2016 viimi,

1438 2023 1633 2075 deinde
1655 2040 1721 2074 ex
1743 2027 2089 2092 correctione,
2102 2029 2306 2090 ,iurasti-
2369 2028 2499 2080 Tres

1440 2101 1522 2149 vel
1560 2108 1781 2166 quatuor
1802 2103 1956 2167 liujus
1986 2104 2091 2154 loci
2124 2104 2502 2168 explicationes

1436 2177 1778 2241 deprehendi,
1830 2196 2051 2246 quarum
2107 2196 2233 2232 vero
2287 2183 2502 2240 nnllam,

1434 2253 1623 2313 fateor,
1644 2257 1719 2307 ita
1742 2257 1866 2307 milti
1890 2272 1956 2308 ex
1988 2258 2126 2308 omni
2159 2265 2310 2322 parte
2346 2259 2503 2309 satis·
2549 2262 2558 2276 ’

1435 2328 1632 2392 facere,
1653 2333 1776 2397 quin
1798 2333 1851 2383 in
1874 2336 2129 2396 acumine,
2149 2333 2286 2399 quod
2318 2340 2501 2398 capta-

1435 2408 1514 2458 vit
1546 2408 1768 2465 Plinius,
1806 2409 1999 2475 aliquid
2041 2411 2123 2462 vel
2167 2408 2375 2473 frigoris
2413 2411 2498 2461 vel

1434 2482 1787 2545 obscuritatis,
1804 2486 1933 2535 relin
1941 2500 2098 2549 quere
2106 2485 2372 2535 videatur.
2387 2486 2502 2536 Ca·

1434 2565 1640 2608 tauteus
1665 2560 1718 2608 in
1749 2559 2002 2624 prioribus
2034 2560 2352 2610 editionibus
2385 2561 2498 2611 baec

1432 2633 1596 2683 Plinii
1620 2634 1778 2684 verba
1809 2635 1875 2683 de
1906 2636 2157 2700 exemplis
2179 2636 2498 2686 anteceden-

1434 2709 1562 2759 tium
1595 2711 1963 2774 imperatorum
1994 2711 2313 2775 explicavit:
2351 2716 2366 2739 ‘
2386 2710 2499 2760 Ne·

1433 2783 1579 2849 scio,'
1602 2787 1786 2851 inquit,
1820 2787 1837 2816 ‘
1857 2786 2234 2836 laudabiliusne
2255 2787 2323 2835 sit
2343 2786 2497 2847 illud,

1431 2861 1570 2926 quod
1604 2869 1875 2928 praeeunte
1906 2864 2070 2926 nullo,
2091 2863 2153 2929 (i.
2168 2878 2220 2913 e.
2255 2864 2496 2927 exemplo

1432 2938 1621 2988 nullius
1642 2940 1893 3002 praeteriti
1913 2939 2285 3006 imperatoris,)
2297 2956 2382 3003 an,
2394 2941 2496 2992 alio

1432 3023 1719 3079 praeeunte,
1734 3015 1959 3079 jurasti;
1993 3017 2128 3080 quod
2154 3031 2339 3082 nempe
2362 3017 2493 3067 alius

1430 3090 1716 3156 imperator
1762 3093 1855 3143 tibi
1906 3093 2114 3146 dederit
2166 3097 2497 3160 exemplum!

1430 3165 1506 3218 At
1542 3169 1803 3220 laudabile
1839 3170 2050 3235 quidem
2072 3171 2279 3236 suisset,
2302 3175 2344 3224 si
2364 3176 2494 3226 Tra-

1417 3245 1578 3308 janus
1600 3246 1768 3297 bacin
1792 3261 1851 3298 re
1873 3250 2239 3301 antecedentia
2274 3253 2495 3303 aliorum

1430 3321 1680 3374 bonorum
1704 3325 1998 3390 principum
2029 3331 2268 3394 exempla
2291 3328 2497 3381 babuis-

1428 3408 1528 3465 set,
1552 3409 1863 3468 secutusque
1886 3411 2058 3455 essetz
2095 3419 2274 3457 verum
2297 3409 2494 3465 nescio,

1429 3490 1531 3539 quo
1553 3479 1792 3527 acumine
1815 3477 2106 3530 dubitasset
2141 3488 2232 3532 aut
2269 3482 2490 3533 interro·

1427 3560 1601 3612 gasset
1624 3555 1847 3612 Plinius,
1881 3571 2052 3606 aunon
2086 3557 2395 3609 laudabilius
2433 3565 2492 3611 et

1426 3629 1676 3681 illustrius
1709 3631 1867 3688 foret,
1897 3633 1941 3681 si
1974 3634 2243 3699 Trajauus,
2264 3636 2376 3684 sine
2398 3650 2491 3686 ex-

1425 3708 1600 3770 emplo
1640 3708 1760 3769 alio,
1798 3722 2010 3770 prorsus
2055 3711 2358 3763 inusitatum
2395 3713 2490 3762 bu·

1424 3783 1692 3841 munitatis
1714 3790 1772 3832 et
1804 3783 2072 3833 civilitatis
2110 3787 2374 3849 specimen
2395 3788 2490 3838 de·

1424 3858 1621 3919 disset;
1690 3866 1746 3907 et
1798 3859 2056 3922 quomodo
2098 3874 2198 3911 nen
2243 3868 2488 3913 constare

1425 3936 1678 3999 potuisset
1704 3935 1896 3993 Pliuio,
1919 3945 2194 3989 secutusne
2219 3939 2285 3989 sit
2307 3941 2486 4004 Traja-

1422 4027 1518 4063 nus
1541 4015 1637 4064 bac
1670 4013 1723 4062 in
1757 4027 1813 4062 re
1849 4015 2084 4078 exempla
2116 4016 2353 4072 aliorum,
2385 4033 2486 4068 nee

1420 4103 1505 4138 ne.
1561 4090 1627 4139 In
1653 4089 2023 4152 posterioribus
2045 4089 2362 4141 editionibus
2386 4093 2488 4142 Ca-

1421 4172 1641 4226 tanaeus,
1675 4165 1880 4214 dimissa
1911 4167 2076 4229 prima
2113 4165 2485 4230 explicatione,

1422 4234 1581 4291 'verba
1624 4240 1786 4292 Plinii
1833 4240 1900 4291 de
1947 4241 2029 4305 iis,
2075 4242 2163 4307 qui
2210 4241 2481 4299 formulam
