3017 4942
743 380 808 429 c.
857 378 1099 431 suun
1147 378 1488 430 saeuum
1539 370 1820 431 rause.
1894 378 1947 429 t.
1977 361 2087 430 54.

307 521 411 574 -bus
434 521 607 586 pouit,
642 529 702 575 et
721 523 1032 576 Plutarchus
1051 525 1106 575 in
1126 523 1383 576 Flaminio

317 613 372 663 p.
394 603 512 650 374.
534 598 573 650 f.
594 598 862 660 dnm-bns
880 600 942 655 τὸ
961 599 1177 667 θέατρον,
1191 614 1385 652 mastr-

315 677 449 725 rexit
464 690 727 726 comsan-
760 674 923 729 Bern.

383 751 599 802 Theatra
637 751 766 817 ipsa]
811 755 1155 815 Μπαημικῦς
1196 753 1388 804 theam

315 826 566 879 dicuntur
590 844 686 893 pro
705 829 834 894 ipsis
856 830 1260 895 spectatoribus,
1296 831 1386 895 qni

317 905 374 956 in
394 904 645 969 gradibus
669 906 875 964 theatri,
890 905 1165 970 spectandi
1182 920 1387 971 caussa,

313 982 572 1032 sedebant
592 996 609 1042 ς
642 981 780 1032 baud
802 996 975 1046 secus,
998 997 1061 1033 ac
1084 997 1203 1033 mox
1237 984 1255 1013 ‘
1274 996 1387 1034 sce·

315 1057 441 1120 ue?
462 1074 563 1124 pro
584 1059 942 1124 histrionibus,
960 1060 1153 1124 mimis,
1173 1061 1391 1113 ceteris·

317 1150 423 1203 que
448 1136 627 1199 indiis,
662 1138 751 1202 qui
788 1139 840 1188 in
878 1151 1036 1188 scena
1073 1137 1389 1196 recitabant,

313 1229 544 1278 suasque
575 1214 804 1279 agebant
829 1221 1021 1278 partes.
1088 1215 1262 1266 Scene
1282 1214 1388 1268 fuit

317 1294 468 1341 locus
495 1290 710 1353 theatri,
730 1291 781 1341 iu
816 1304 922 1356 quo
942 1291 1156 1342 stabant
1177 1293 1386 1343 histrio·

317 1381 436 1425 nes,
484 1375 665 1433 partes
706 1383 829 1418 suas
866 1376 1102 1433 agentes.
1182 1370 1386 1421 Tritum

321 1445 652 1507 vocabulum,
676 1444 844 1510 inquit
880 1445 1231 1496 Bernaldinus
1263 1446 1388 1496 Bal-

313 1521 422 1572 ‘dns
439 1521 496 1572 iu
517 1522 711 1574 Lexico
724 1524 1054 1588 Vitruvium,
1067 1523 1222 1589 idque
1237 1525 1389 1576 Grn-

319 1612 459 1650 cum.
508 1599 568 1649 Si
594 1599 733 1649 vocis
758 1600 1139 1663 proprietatem
1157 1608 1389 1664 spectes,

321 1674 722 1725 tabernaculum
746 1674 980 1733 denotat,
1002 1675 1113 1725 sive
1136 1674 1389 1726 domicili-

319 1764 406 1802 um
435 1753 831 1818 temporarium,
864 1767 933 1802 ex
954 1751 1246 1811 frondibus,
1277 1753 1390 1818 pel-

315 1829 480 1889 libus,
515 1829 756 1893 aliisque,
790 1837 1190 1891 constructum3
1222 1830 1389 1895 qualis

318 1921 481 1958 scena
502 1907 571 1957 ab
594 1907 740 1959 initio
762 1908 876 1958 sine
911 1915 1030 1958 arte
1065 1906 1227 1958 foisse
1260 1907 1389 1957 dici-

318 1990 424 2034 tnr.
494 1983 703 2035 Deinde
732 1983 799 2034 ad
823 1997 936 2034 eam
960 1983 1156 2033 theatri
1186 1973 1391 2048 partem

318 2062 562 2118 trahitur,
581 2076 697 2127 quae
722 2076 752 2111 e
775 2062 970 2113 tbeatri
1001 2063 1168 2126 ipsius
1183 2063 1391 2126 regione

319 2139 649 2191 extenditur.
713 2139 923 2189 Vin-nv.
941 2150 997 2188 v.
1015 2142 1066 2190 8.
1088 2139 1191 2190 tria
1211 2153 1391 2189 scena·

319 2229 438 2267 rum
481 2229 676 2280 genera
719 2223 994 2267 recenset:
1049 2221 1068 2246 ⁸
1099 2211 1394 2284 tragicum‚’

315 2292 333 2321 ‘
351 2289 650 2355 comicum‚'
705 2299 762 2342 et
814 2292 833 2321 ‘
850 2292 1175 2357 satyricum?
1239 2299 1255 2323 ⁸
1278 2291 1392 2342 Ho-

318 2383 436 2422 rum
459 2366 714 2434 ornatus,’
749 2369 941 2433 inquit,
973 2375 1127 2420 ‘suut
1160 2370 1300 2421 iuter
1331 2382 1392 2419 ae

318 2446 624 2507 dissimiles,
653 2445 953 2513 disparique
985 2448 1220 2497 ratione:
1252 2444 1392 2512 quod

320 2523 545 2588 tragica
572 2520 933 2573 deformantur
955 2524 1227 2588 columnis,
1243 2521 1389 2573 fasti·

319 2599 445 2663 giis,
466 2604 525 2649 et
555 2599 736 2664 signis,
773 2598 1087 2664 reliquitque
1122 2598 1388 2662 regalibus

323 2677 513 2728 rebusz
571 2676 787 2726 comica
832 2681 1008 2727 autem
1049 2675 1390 2745 edificiorum

301 2753 670 2818 privatorum,
689 2758 746 2802 et
769 2751 1160 2813 monianorum,
1195 2750 1393 2801 habent

320 2828 574 2894 speciem,
615 2826 981 2894 perfectusque
1014 2826 1259 2879 fenestris
1288 2827 1393 2878 dis·

325 2907 529 2970 positos
552 2903 848 2957 imitatione
867 2903 1213 2955 communium
1230 2902 1392 2954 edifi-

327 2983 532 3034 ciorum
573 2981 885 3032 rationibus.
966 2978 1224 3044 Satyricae
1269 2994 1394 3031 vero

323 3065 582 3109 ornantur
605 3056 899 3118 arboribus,
910 3057 1194 3120 speluncis,
1209 3057 1395 3107 monti-

306 3134 442 3198 bus,
494 3133 811 3198 reliquisque
863 3131 1154 3195 agrestibus
1204 3130 1397 3185 rebus)

325 3212 562 3264 Ornatus
587 3224 761 3261 scenae
783 3207 884 3258 fuit
909 3208 1113 3270 varius;
1143 3208 1284 3274 quod
1307 3223 1399 3260 ex·

322 3289 514 3355 emplis
530 3287 688 3338 docet
712 3286 827 3336 Val.
851 3285 994 3336 Max.
1018 3298 1085 3337 ιι.
1102 3289 1154 3337 4.
1175 3290 1230 3338 6.
1287 3286 1399 3338 Sic·

323 3367 404 3419 uti
429 3378 555 3415 vero
575 3364 689 3429 jam
712 3363 764 3413 iu
792 3363 1057 3427 republica
1080 3363 1247 3414 libera
1267 3362 1399 3415 infe·

325 3445 497 3497 riores
539 3447 599 3491 et
640 3440 899 3506 juniores,
941 3439 1297 3504 superioribus
1340 3450 1398 3492 et

324 3528 458 3570 natu
526 3516 834 3582 majoribus,
898 3514 1106 3567 lionoris
1163 3516 1398 3568 testandi

325 3609 537 3659 caussa,
552 3600 568 3624 ⁸
588 3590 881 3657 assurgere'
896 3591 1154 3648 solebant,
1166 3592 1304 3656 quod
1328 3607 1397 3643 ex

326 3674 443 3725 Cic.
484 3678 652 3736 patet,
688 3670 757 3720 de
793 3669 1005 3719 Inveut·
1041 3683 1079 3719 t.
1115 3672 1199 3719 30.
1233 3676 1290 3721 et
1330 3668 1398 3721 de

322 3750 535 3801 Senect.
571 3761 619 3798 c.
643 3750 726 3797 ts.
760 3753 818 3797 et
856 3745 1122 3809 sigillatim
1162 3746 1216 3797 in
1251 3760 1397 3798 more

326 3833 463 3884 erat,
493 3825 565 3888 ei,
586 3824 675 3889 qui
701 3822 767 3873 ob
791 3821 962 3872 civem
998 3829 1262 3873 servatum
1295 3837 1400 3874 me.

325 3907 514 3954 ruerat
547 3914 793 3952 coronam
827 3898 1068 3955 civicam,
1120 3898 1269 3950 ludos
1321 3900 1397 3950 in.

326 3978 478 4033 eunti
499 3989 705 4040 semper
727 3977 743 4004 ‘
763 3973 1004 4038 assurgi,’
1022 3973 1180 4024 etiam
1197 3988 1228 4025 a
1249 3990 1399 4026 sena-

326 4066 410 4120 tu,
433 4063 577 4107 teste
612 4052 789 4104 Plinio
822 4052 1052 4116 Majore,
1088 4064 1213 4102 xvt.
1241 4057 1291 4105 4.
1322 4054 1400 4105 ita

328 4135 582 4197 deinceps
616 4129 729 4196 ejus
763 4128 968 4193 generis
990 4128 1153 4178 honor
1175 4128 1401 4180 maxime

329 4209 629 4263 debebatur
653 4205 1117 4269 vindicabaturque
1155 4205 1401 4272 principi,

334 4293 422 4342 sut
437 4301 504 4338 ex
521 4281 803 4354 principali
818 4280 973 4336 domo
986 4280 1133 4341 ortis,
1148 4288 1208 4334 ut
1219 4282 1298 4339 his
1308 4282 1400 4339 ad.

2386 356 2530 433 m

1459 521 1792 576 venientibus
1828 528 1942 574 tota
1971 528 2349 587 consurgerent
2382 522 2528 575 thea-

1462 609 1576 662 tra;
1610 602 1688 667 uti
1719 601 1937 651 Suetou.
1961 600 2146 652 Claud.
2175 615 2224 651 c.
2254 605 2307 651 ο.
2340 599 2529 659 refert,

1457 679 1475 708 ⁸
1494 679 1811 742 spectaculis
1827 678 2125 729 advenienti
2135 677 2391 740 Claudio,'
2400 692 2529 728 nou·

1457 754 1583 805 dum
1626 756 1951 819 imperatori,
1977 763 1994 786 ‘
2014 770 2282 820 assurgere
2300 755 2317 778 '
2346 756 2525 806 solitos

1457 846 1576 884 esse
1610 834 1840 897 equites.
1908 832 2177 897 Augustus
2212 847 2359 895 vero,
2392 839 2529 883 teste

1458 911 1645 960 eodem
1665 910 1884 960 sueton.
1905 908 2046 974 Aug.
2068 923 2186 973 cap.
2207 913 2292 959 56.
2313 917 2528 975 questus

1459 994 1565 1050 est,
1586 985 1869 1049 nepotibus
1891 986 2016 1046 suis,
2050 985 2067 1012 ‘
2084 984 2407 1048 praetextatis
2439 983 2524 1034 ad·

1459 1061 1600 1119 buc,’
1634 1062 1784 1113 nimis
1804 1069 2029 1124 mature,
2061 1063 2078 1091 ⁸
2097 1070 2443 1113 assurrectum
2463 1059 2528 1111 ab

1459 1140 1713 1190 universis
1757 1140 1810 1190 in
1849 1140 2073 1195 theatro,
2110 1146 2167 1189 et
2200 1154 2230 1188 a
2271 1139 2530 1190 stantibus

1461 1217 1695 1281 plausum
1728 1215 1884 1267 esse.’
1951 1218 2021 1267 Et
2052 1223 2239 1267 auctor
2271 1217 2412 1266 Dial.
2457 1215 2526 1266 de

1461 1294 1666 1344 Csussis
1692 1294 1941 1355 Corrupt.
1963 1293 2114 1358 Eloq.
2134 1299 2529 1355 commemorat,

1460 1372 1477 1400 ‘
1498 1371 1766 1435 populum,
1779 1370 1973 1421 auditis
1996 1369 2050 1420 in
2073 1369 2280 1421 theatro
2298 1369 2530 1420 versibus

1460 1447 1690 1513 Virgilii,
1760 1447 2051 1498 surrexisse
2106 1446 2419 1507 universum,
2473 1452 2534 1497 et

1459 1523 1600 1575 forte
1623 1528 1933 1588 presentem
1957 1526 2386 1587 spectantemque
2409 1521 2536 1572 Vir-

1460 1601 1641 1667 gilium
1666 1601 1743 1652 sic
1765 1608 2070 1650 veneratum
2095 1612 2232 1660 esse,
2255 1597 2400 1663 quasi
2422 1595 2532 1649 Au-

1461 1676 1716 1747 gustum?
1781 1675 1867 1728 ef.
1905 1676 2050 1741 Lips.
2083 1675 2255 1733 Elect,
2292 1687 2332 1724 t.
2361 1677 2443 1724 lo.
2475 1680 2533 1726 et

1463 1767 1531 1805 tt.
1555 1758 1607 1805 ⁸·
1638 1752 1877 1809 &fima-
1971 1776 1979 1797 ν

1532 1830 1861 1895 Consu-gent]
1883 1829 1966 1879 De
1984 1841 2148 1880 more.
2181 1826 2416 1884 Tacitus,
2438 1830 2531 1877 aut

1463 1906 1662 1958 Fabius
1704 1907 1760 1958 in
1792 1908 2016 1971 Dialogo
2044 1922 2092 1957 c.
2128 1909 2211 1957 13.
2244 1912 2261 1937 ⁴
2280 1905 2533 1969 Populus,

1464 1983 1658 2034 auditis
1698 1985 1751 2034 in
1791 1984 2002 2034 theatro
2037 1982 2241 2046 Virgilii
2276 1980 2531 2039 versibus,

1466 2062 1699 2113 surrexit
1721 2064 2014 2125 universus,
2050 2068 2105 2112 et
2131 2058 2272 2111 forte
2308 2071 2533 2123 praesen·

1467 2146 1574 2190 tem
1597 2146 2028 2204 spectantemque
2063 2138 2341 2201 Virgilium
2376 2148 2535 2186 vene·

1468 2226 1614 2269 ratus
1634 2224 1736 2275 est,
1751 2219 1826 2269 sic
1839 2218 1986 2284 quasi
2004 2215 2336 2281 Augustum-⁹
2370 2214 2534 2280 Nota,

1463 2297 1632 2346 honor
1674 2297 1881 2362 iuquam
1924 2296 2026 2346 iste
2069 2294 2187 2361 (illo
2233 2291 2376 2357 oevo)
2420 2290 2534 2342 sere

1465 2373 1784 2438 principum,
1820 2371 2043 2436 ideoque
2078 2370 2366 2432 Augustus,
2406 2367 2536 2419 Caio

1463 2457 1523 2500 et
1548 2449 1728 2507 Lucio,
1754 2446 1772 2479 ⁸
1792 2448 1962 2499 adhuc
1997 2444 2346 2512 pretextatis,
2364 2457 2535 2494 assur-

1467 2534 1670 2577 rectum
1710 2525 1778 2576 ab
1822 2523 2076 2575 universis
2114 2524 2167 2573 in
2214 2522 2444 2585 theatro,
2477 2527 2537 2572 et

1466 2603 1757 2654 astantibus
1778 2603 2034 2666 plausum,
2056 2599 2360 2665 gravissime
2382 2611 2538 2662 ques·

1466 2685 1550 2731 tna
1572 2678 1707 2731 estz'
1740 2679 1861 2744 quia
1873 2679 2118 2742 juvenes,
2134 2682 2190 2728 et
2213 2674 2336 2740 qnia
2350 2674 2538 2725 nimina

1465 2757 1650 2806 honos.
1682 2756 1820 2820 Σίρι.
2029 2780 2037 2787 ·

1534 2833 1679 2883 Istud
1698 2828 1939 2892 admiror]
1962 2829 2026 2880 In
2051 2827 2233 2881 codice
2256 2829 2464 2878 Veneto
2487 2829 2538 2880 t.

1467 2909 1662 2973 legitur
1681 2909 1814 2959 istud
1833 2906 2015 2965 airon
2049 2906 2102 2956 in
2133 2903 2538 2969 salisburgensi,

1467 2986 1602 3037 istud
1622 2984 1851 3036 enirm
1877 2981 1984 3032 Sed
2004 2982 2147 3032 nulla
2166 2994 2299 3045 opus
2321 2986 2404 3029 est
2425 2991 2538 3029 mn-

1469 3062 1689 3124 tatione,
1719 3060 2065 3124 similiterque
2093 3072 2189 3122 pro
2224 3055 2417 3107 mendo
2447 3055 2541 3107 lta·

1468 3137 1718 3200 bendum,
1738 3134 1879 3203 qnod
1919 3136 1972 3186 in
2004 3134 2191 3185 codice
2211 3132 2539 3197 Guelpberb.

1467 3229 1568 3280 pro
1604 3215 1898 3280 efferantur,
1932 3212 2186 3277 scriptum
2209 3216 2292 3263 est
2325 3208 2539 3275 effim-

1470 3297 1573 3343 tar.
1605 3292 1870 3343 Schwart-

1540 3368 1585 3419 Δ
1616 3366 1779 3431 nobis]
1809 3362 2168 3421 Senatoribus,
2201 3362 2419 3415 decreto
2449 3359 2538 3415 vel

1471 3443 1871 3494 acclamatione.
1902 3440 2041 3504 Lips.

1539 3518 1796 3583 Delibat-e]
1830 3517 2098 3571 Quosdam
2137 3529 2206 3567 ex
2251 3515 2316 3567 iis
2357 3513 2536 3567 decer·

1469 3612 1621 3665 pere.
1656 3599 1810 3651 Idem·
2465 3638 2471 3645 .

1538 3670 1940 3735 [maiorm-entur]
1976 3670 2040 3721 lu
2080 3668 2452 3734 antiquioribus
2486 3681 2542 3719 e·

1472 3754 1779 3814 ditionibus,
1808 3760 1865 3801 et
1890 3751 2055 3801 adbuc
2078 3749 2131 3798 in
2154 3747 2387 3801 editione
2422 3747 2542 3799 Cel.

1472 3830 1696 3894 lat-iana,
1717 3839 1966 3878 excusum
2000 3830 2082 3874 est
2120 3822 2174 3873 iu
2197 3835 2413 3873 numero
2439 3821 2542 3873 sin·

1459 3904 1661 3970 tentari,
1694 3902 2047 3952 {minoi-aretur.
2112 3898 2245 3950 Qun
2281 3897 2441 3948 lectio
2462 3896 2542 3948 ni.

1472 3980 1573 4030 mis
1597 3978 1790 4045 placuit
1807 3973 2113 4026 Arutzenio·
2161 3973 2295 4036 Ego,
2316 3972 2415 4023 etsi
2434 3986 2543 4027 non

1472 4069 1629 4120 nego,
1668 4066 1821 4119 posse
1864 4049 2145 4116 aliquando
2182 4048 2397 4099 verbum
2436 4050 2541 4103 sin-

1476 4133 1658 4196 gulare
1696 4142 1815 4180 cnm
1856 4125 2063 4176 nomine
2097 4122 2283 4189 plurali
2322 4125 2543 4190 conjun-

1474 4210 1570 4275 εἰς
1603 4207 1649 4258 si
1693 4220 1796 4272 qua
1839 4211 2017 4255 tamen
2062 4203 2287 4268 antiqua
2325 4204 2543 4268 vestigia
2656 4240 2663 4247 ,

1476 4284 1760 4341 ordinario
1795 4289 1852 4335 et
1887 4281 2058 4353 plana
2094 4279 2335 4333 dictionis
2375 4280 2543 4344 video,
