3017 4942
465 367 598 435 668

471 542 545 578 sae
574 533 635 578 et
665 525 956 588 distracta,
983 538 1046 576 ac
1078 524 1229 591 quasi
1265 526 1540 577 mutilata.

470 604 639 654 Patre
672 603 811 653 enim
844 600 1063 652 civitate
1097 603 1312 662 donato,
1348 616 1446 654 nec
1468 602 1538 651 si-

470 681 581 729 mul
587 680 718 744 jura.
728 677 1090 741 cognationum
1109 684 1412 739 consecuto,
1427 676 1540 739 filii,

471 772 536 807 ae
568 756 731 806 multo
763 756 927 819 magis
962 754 1047 805 alii
1085 755 1312 818 cognati,
1342 760 1397 803 et
1422 754 1537 803 vice

470 848 641 892 versa,
666 849 760 898 pro
783 832 1042 882 extraneis
1077 839 1133 882 et
1168 832 1350 882 alienis
1382 830 1536 881 babe-

475 912 685 976 bantur,
706 910 939 975 adeoque
972 910 1048 960 sic
1083 909 1292 960 familiae
1325 914 1382 959 et:
1411 923 1537 972 gen·

1163 382 1384 435 NOTAE
1430 379 1844 433 vAluoRUM
1894 382 1974 464 {N

1678 524 1881 576 Sorores
1898 525 2026 576 estis'
2038 529 2086 576 et
2098 522 2310 587 fratres]
2345 519 2433 574 Ita
2451 522 2589 575 hunc
2603 523 2683 573 lo-

1613 615 1729 651 cum
1755 601 2133 653 restituendum
2158 601 2357 657 censui,
2378 601 2528 650 nixus
2558 614 2685 650 suc·

1615 677 1831 728 toritate
1853 677 2091 730 codicum
2115 678 2504 734 Vaticanorum‚
2523 676 2687 728 Guel-

1614 752 1944 818 pherbytsni,
1985 754 2106 804 libri
2138 754 2399 816 Vossiani,
2430 759 2489 803 et
2526 750 2685 815 primi

1611 828 1859 880 Gudiani.
1927 830 2029 892 Ac,
2069 842 2379 894 quamquam
2419 827 2586 878 ceteri
2619 826 2685 876 li·

1611 906 1692 956 bri
1733 922 1910 958 omnes
1948 908 2180 959 habeant
2219 908 2418 958 Sorores
2459 905 2594 969 estis,
2613 908 2685 954 et

472 988 695 1038 tilitates
730 987 893 1037 veluti
928 985 1310 1036 mutilabantur
1339 992 1393 1035 et
1430 984 1538 1034 dis·
1601 982 1787 1048 frater,
1807 1000 1925 1036 avus
1946 991 1993 1035 et
2014 992 2239 1049 nepotem·
2275 984 2450 1034 nescio
2482 988 2684 1042 tamen,

471 1062 834 1114 trahebantur.
916 1063 981 1112 Iu
1018 1062 1228 1113 vocibus
1265 1064 1281 1092 ‘
1309 1059 1539 1126 sparsae'

472 1147 530 1191 et
551 1148 567 1170 ‘
586 1138 810 1203 lacerae,’
825 1139 1036 1202 elegans
1059 1140 1190 1189 latet
1208 1138 1536 1203 metaphora.

468 1214 705 1264 Verbum
746 1217 762 1243 ⁸
789 1229 1033 1279 spargere
1059 1213 1076 1237 '
1115 1215 1324 1278 proprie
1366 1214 1537 1264 locum

470 1291 632 1343 habet
655 1292 706 1341 in
726 1291 1025 1347 seminibus,
1042 1297 1100 1340 et
1125 1291 1267 1355 aquis
1289 1303 1539 1354 spargen-

469 1368 586 1430 dis;
624 1368 813 1419 deinde
848 1368 912 1417 ad
950 1368 1110 1418 multa
1146 1368 1250 1417 alia
1286 1365 1538 1422 transfer-

469 1452 575 1494 tur.
626 1445 827 1496 Auctor
849 1444 913 1495 ad
941 1444 1178 1494 Herenn.
1200 1458 1281 1494 tv.
1305 1448 1356 1493 2.
1382 1443 1399 1471 ‘
1417 1443 1539 1493 Hoc

466 1519 638 1586 ipsum
680 1537 932 1572 summum
988 1528 1070 1572 est:
1110 1520 1407 1576 artificium,
1452 1534 1537 1570 res

469 1599 638 1648 varias
658 1605 714 1649 et
734 1598 990 1661 dispares,
1014 1598 1066 1647 in
1100 1602 1177 1646 tot
1214 1596 1538 1660 poiSmatibus

467 1682 527 1725 et
556 1674 877 1728 orationibus
914 1687 1139 1737 sparsas,
1176 1681 1232 1723 et
1268 1687 1399 1737 vage
1436 1672 1538 1721 dis-

458 1751 653 1815 jectas,
686 1751 967 1816 diligenter
999 1749 1233 1815 eligere!
1299 1751 1412 1800 Liv.
1444 1749 1537 1800 lib.

469 1840 699 1880 xxxvu.
732 1842 849 1891 cap.
879 1832 959 1877 13.
994 1829 1009 1857 ‘
1029 1828 1274 1890 Spar-sam
1310 1835 1536 1890 tempes-

467 1909 582 1956 tate
607 1905 823 1955 classem
848 1902 1016 1955 vidia·
1074 1905 1215 1954 Fest.
1239 1907 1255 1933 ⁸
1277 1905 1507 1954 lacerum
1523 1904 1537 1925 ’

433 2006 438 2014 ·
468 1979 679 2043 dicitur,
709 1981 726 2009 ‘
745 1981 1091 2046 quodcunque
1125 1981 1177 2031 in
1210 1995 1431 2046 corpore
1454 1987 1541 2032 eat

466 2055 844 2107 imminutum.’
910 2057 1067 2107 Hanc
1108 2072 1312 2119 vocem,
1359 2059 1434 2108 uti
1479 2065 1538 2109 et:

468 2132 682 2182 verbum
711 2131 727 2159 ‘
748 2131 1029 2195 dispersit,'
1054 2133 1150 2183 Sil.
1171 2133 1297 2184 Ital.
1318 2148 1395 2184 ιν.
1417 2137 1535 2185 646.

468 2208 740 2272 eleganter
766 2208 1035 2258 transtulit
1055 2208 1119 2258 ad
1147 2224 1366 2268 amnem,
1387 2210 1535 2273 cusas

469 2285 547 2335 vis
570 2299 821 2349 aquarum
850 2285 1170 2342 diminuitur,
1195 2295 1251 2336 et
1273 2289 1537 2351 spargitur

468 2361 524 2410 iu
548 2362 720 2412 varios
746 2363 902 2418 rivos,
925 2362 1048 2411 inde
1076 2363 1361 2414 deductos:
1397 2366 1414 2394 ‘
1440 2366 1535 2418 La·

467 2452 646 2488 cerum
688 2454 779 2502 per
817 2439 1018 2489 Gallica
1059 2439 1183 2488 rivis
1217 2441 1533 2505 Dispergam

466 2530 606 2580 rura,
655 2522 815 2577 atque
855 2516 1020 2566 amnis
1062 2516 1161 2566 tibi
1198 2518 1405 2568 nomina
1443 2518 1532 2568 de·

468 2591 642 2650 niam-³
701 2593 854 2644 Idem.

526 2667 760 2734 Sparsas]
793 2669 1118 2720 Transitione
1141 2669 1315 2721 bacin
1348 2670 1532 2724 civita·

468 2751 595 2797 tem.
643 2747 783 2811 Lips.
1422 2753 1431 2758 ⁴

468 2865 473 2870 .
531 2823 923 2889 Imputandique]
973 2825 1049 2875 Ut
1084 2839 1245 2889 supra
1279 2838 1448 2876 xxm.
1480 2829 1530 2875 3.

464 2896 785 2950 inscribendi
867 2900 1130 2965 beneficii,
1178 2900 1532 2964 demerendi.

467 2973 622 3024 Idem.

468 3097 477 3102 .
532 3051 901 3116 Imputondique
922 3053 1195 3117 materiam]
1226 3053 1276 3104 Ι.
1297 3070 1345 3105 e.
1364 3062 1532 3106 mate·

463 3126 595 3178 riam
630 3127 765 3176 bene
797 3128 1053 3189 merendi,
1075 3138 1131 3180 et
1153 3130 1269 3180 loco
1293 3131 1531 3183 beneficii

462 3203 816 3258 adscribendi.
883 3205 966 3255 De
1005 3207 1165 3256 verbo
1182 3202 1186 3204 ⁴
1205 3213 1220 3236 ‘
1240 3208 1533 3272 imputare,'

466 3280 590 3330 vide
621 3294 779 3344 supra
808 3280 873 3330 ad
904 3295 1004 3331 xx.
1025 3287 1075 3333 2.
1146 3282 1292 3335 Alias
1325 3285 1531 3336 axioma

462 3357 734 3421 politicum
753 3364 852 3419 est,
865 3358 1090 3424 principi
1107 3359 1347 3410 crebram
1374 3361 1529 3410 bene·

459 3432 684 3484 faciendi
706 3435 1033 3486 occasionem
1066 3449 1180 3488 esse
1211 3438 1529 3503 amplecten-

462 3508 601 3568 dam.
634 3509 880 3561 Schmun-z.

525 3584 621 3637 Dii
641 3585 904 3649 dedissent]
940 3587 1154 3644 Nescio,
1178 3603 1279 3653 quo
1298 3588 1450 3639 modo
1471 3590 1528 3641 in

456 3660 535 3710 his
558 3661 728 3712 verbis
749 3671 1021 3712 commune
1053 3664 1292 3713 mendum
1329 3661 1531 3729 aliquot

457 3738 732 3802 occuparit
753 3738 962 3788 codices
995 3740 1129 3789 Mse.
1163 3755 1351 3803 nempe
1374 3742 1529 3793 Vati·

459 3825 644 3862 canum
669 3816 817 3862 14⁷6.
882 3813 1251 3878 parisiensem,
1275 3816 1527 3868 Salisbur·

460 3904 692 3955 gensem,
738 3897 793 3940 et
840 3890 1028 3940 librum
1073 3893 1416 3956 Vossianum;
1470 3894 1526 3945 in

455 3966 645 4032 quibus
668 3966 905 4016 omnibus
928 3967 1238 4018 vocabulum
1260 3969 1356 4020 Dii
1388 3984 1525 4035 prm-

455 4045 774 4094 termissum:
792 4044 1172 4109 salisburgensi
1191 4055 1365 4099 tamen
1386 4056 1527 4113 post·

453 4120 654 4170 liminio
699 4120 1016 4185 adscriptum
1062 4130 1159 4174 est.
1237 4126 1326 4175 Sic
1371 4135 1427 4178 et
1472 4128 1525 4177 in

460 4194 646 4256 codiee
686 4189 893 4247 Veneto
938 4198 1126 4263 legitur
1163 4204 1287 4267 quod
1317 4218 1410 4265 uon
1441 4207 1525 4257 de-

458 4271 625 4324 discat.
670 4271 840 4325 Idem.

1611 1074 1707 1111 cur
1723 1076 1968 1112 numerus
1985 1062 2263 1125 singularis
2282 1060 2685 1130 commisceatur

1611 1150 1729 1187 cum
1761 1150 1978 1187 numero
2011 1136 2379 1187 multitudinis.
2464 1134 2684 1183 Nullum

1608 1213 1697 1272 hic
1754 1228 1982 1278 agnosco
2038 1212 2388 1263 necessarium
2444 1211 2684 1262 ordinem

1611 1295 1829 1354 naturoe,
1848 1296 1908 1341 ut
1933 1304 2065 1340 unus
2098 1287 2265 1339 frater
2291 1295 2348 1339 et
2382 1289 2565 1354 plures
2602 1301 2687 1340 so·

1609 1380 1775 1429 rores,
1808 1382 1941 1418 unus
1965 1381 2107 1416 -avus
2144 1373 2201 1416 et
2231 1367 2407 1430 plures
2440 1371 2684 1429 nepotes,

1609 1457 1821 1508 semper
1854 1444 1907 1494 in
1942 1443 2155 1494 familia.
2171 1444 2403 1494 existant
2421 1459 2436 1501 3
2470 1455 2592 1492 cum
2614 1456 2685 1491 ε·

1609 1534 1714 1586 qne
1753 1521 1913 1571 facile
1946 1520 2063 1571 fieri
2098 1521 2283 1586 possit,
2305 1526 2365 1568 ut
2397 1532 2500 1572 una
2534 1532 2686 1586 soror

1609 1602 1667 1646 et:
1690 1597 1864 1660 plures
1886 1596 2099 1659 fratres,
2133 1609 2263 1645 unns
2299 1609 2462 1659 nepos
2491 1600 2549 1643 et
2580 1594 2686 1643 duo

1610 1673 1712 1729 avi,
1739 1680 1989 1736 paternus
2013 1686 2202 1733 nempe
2224 1677 2280 1721 et:
2301 1678 2583 1731 maternus,
2606 1684 2685 1720 re-

1611 1749 1899 1812 periantur.
1930 1746 2379 1804 Quemadmodum
2396 1746 2557 1809 igitur
2574 1746 2685 1795 Pli-

1608 1824 1696 1875 nio
1719 1826 1933 1888 placuit,
1958 1825 2055 1875 sub
2077 1826 2280 1881 initium
2299 1824 2451 1887 hujus
2476 1821 2687 1886 eapitis,

1610 1902 1723 1952 base
1739 1903 1913 1953 omnia
1935 1904 2143 1953 nomina
2162 1900 2490 1966 cognationis
2511 1913 2691 1958 nume-

1610 1992 1669 2028 ro
1692 1980 1942 2043 singulari
1972 1980 2289 2043 exprimere.
2310 1993 2428 2029 cum
2463 1976 2687 2039 diceret,

1613 2061 1628 2100 .‘
1649 2056 1806 2106 Cavit
1836 2057 2138 2120 Imperator,
2160 2063 2218 2106 ut
2241 2056 2293 2106 in
2315 2053 2505 2105 sororis
2535 2053 2686 2103 bouis

1609 2130 1800 2195 frater,
1821 2139 1878 2183 et
1897 2141 2100 2190 contra,
2122 2133 2177 2183 in
2198 2132 2377 2183 fratris
2410 2145 2578 2195 soror,
2601 2137 2684 2181 ut-

1610 2223 1711 2274 que
1744 2224 1871 2260 avus
1909 2217 1966 2261 et
2000 2212 2118 2262 avia
2154 2211 2207 2261 in
2239 2210 2411 2274 neptis
2444 2208 2683 2273 nepotis·

1608 2301 1731 2351 qne,
1751 2296 2083 2339 servarentur
2106 2289 2358 2338 immunes
2375 2285 2409 2346 ς’
2442 2285 2520 2336 ita
2544 2300 2685 2336 nuno

1612 2363 1661 2411 ei
1693 2363 1857 2414 visum
1880 2362 2003 2428 fuit,
2024 2362 2165 2422 forte
2188 2363 2451 2414 variandoe
2487 2363 2686 2414 oratio·

1609 2438 1688 2488 nis
1722 2454 1920 2500 caussa,
1951 2440 2133 2490 eadem
2158 2442 2369 2490 nomina
2391 2438 2683 2503 generatim

1608 2516 1815 2565 nomine
1834 2516 2178 2566 multitudinis
2198 2515 2513 2579 exprimere.
2564 2514 2683 2565 Nec

1611 2601 1869 2653 praeterea
1912 2591 2094 2642 habuit
2137 2591 2476 2652 Arntsenius,
2518 2595 2584 2640 ut
2626 2591 2681 2640 in

1608 2668 1704 2726 hac
1747 2665 2112 2719 emendatione
2159 2667 2370 2719 dubiam
2416 2667 2680 2718 Latinita-

1608 2752 1714 2795 tem
1741 2747 1914 2795 nescio
1934 2760 2088 2809 quam
2113 2752 2403 2795 vereretur.
2439 2743 2597 2793 Idem.

1678 2822 1808 2878 Quid
1828 2827 1900 2871 est
1923 2837 2056 2885 ergo,
2081 2836 2168 2871 cur
2200 2820 2403 2884 rogetis]
2440 2820 2577 2877 Quid
2608 2825 2681 2871 est

1604 2913 1739 2963 erg-o,
1759 2914 1846 2949 cur
1877 2900 2049 2963 egetis.
2118 2898 2326 2948 Vitiosa
2363 2911 2466 2961 qua
2500 2898 2681 2955 lectio,

1607 2991 1709 3039 qua
1730 2976 2016 3027 distinctio.
2082 2974 2147 3024 In
2168 2975 2238 3024 V.
2261 2973 2399 3038 lego,
2430 2988 2520 3022 cur
2546 2974 2679 3036 reg-i·

1606 3053 1688 3116 tis,
1708 3054 1792 3116 ᾅτ.
1860 3052 2061 3115 Aperte
2085 3064 2265 3101 verum
2288 3057 2390 3111 est,
2417 3064 2505 3100 car
2539 3065 2678 3114 roge·

1605 3130 1688 3187 tis,
1709 3135 1763 3178 ut
1780 3129 1920 3179 sitis?
1965 3127 2108 3177 Vobis
2127 3127 2259 3178 estis.
2318 3127 2510 3176 Paullo
2533 3134 2678 3190 ante,

1606 3205 1695 3255 nbi
1742 3214 1827 3255 est
1873 3204 2076 3256 Sorores
2118 3204 2251 3268 estis,
2292 3203 2516 3255 emenda
2560 3218 2678 3256 meo

1603 3282 1856 3346 periculo,
1881 3280 2031 3330 Soror
2051 3281 2187 3332 estis.
2233 3280 2404 3330 Livin-

1673 3358 1777 3407 σου·
1814 3356 2020 3421 rogetis]
2072 3356 2300 3422 Omnino
2345 3372 2548 3422 verum,
2592 3374 2679 3409 cur

1600 3436 1804 3497 rogetis,
1828 3435 2065 3485 Livineio
2087 3449 2292 3500 quoque
2318 3434 2500 3484 visum.
2557 3437 2677 3486 Dis·

1604 3512 1787 3576 tingue
1831 3518 2025 3576 autem,
2068 3527 2155 3561 cur
2189 3512 2390 3574 rogetis,
2427 3519 2483 3561 ut
2520 3510 2677 3565 sitis?

1601 3588 1734 3638 vobis
1766 3588 1907 3637 estise
1940 3587 2086 3652 quasi
2122 3586 2286 3646 dicat,
2315 3595 2372 3637 et
2406 3587 2534 3637 estis
2571 3586 2677 3638 fra·

1603 3672 1729 3722 tres,
1751 3672 1808 3714 et
1842 3663 1986 3713 vobis
2020 3664 2148 3712 estis
2186 3670 2425 3725 tantum3
2459 3678 2564 3714 non
2588 3664 2675 3715 fis·

1604 3756 1685 3804 co,
1708 3741 1796 3807 qui
1822 3741 1895 3791 nil
1910 3741 2023 3803 jam
2048 3740 2305 3803 decerpit.
2338 3741 2475 3805 Lips.

1672 3819 1777 3867 Cur
1794 3816 2000 3879 rogetis]
2036 3815 2337 3880 Legebatur
2358 3819 2407 3865 in
2433 3816 2672 3868 omnibus

1601 3893 1715 3943 fere
1744 3907 1829 3944 cur
1845 3889 2037 3955 egetis?
2069 3899 2124 3942 ut
2144 3892 2269 3942 sitis.
2331 3892 2420 3943 Sic
2460 3894 2671 3958 reposui

1601 3969 1770 4021 fretus
1806 3970 2119 4020 auctoritate
2163 3969 2451 4019 editionum
2494 3971 2669 4022 Gene-

1603 4049 1855 4110 vensium,
1901 4056 1959 4099 et
1999 4052 2308 4114 conjectura
2339 4050 2571 4102 Livineii
2606 4067 2669 4104 ac

1602 4126 1783 4189 Lipsii.
1830 4126 2051 4178 Potarol.

1674 4200 1815 4251 Vobis
1836 4202 1976 4265 estis]
2012 4201 2319 4267 Cogitabam
2338 4201 2581 4269 primum,
2598 4219 2665 4256 au

1600 4276 1742 4333 forte
1764 4278 2024 4330 exciderit
2053 4280 2357 4347 prepositio
2388 4297 2439 4346 a,
2474 4287 2533 4333 ut
2564 4284 2665 4348 legi
