<?xml version="1.0" encoding="UTF-8"?>
<!DOCTYPE html PUBLIC "-//W3C//DTD XHTML 1.0 Transitional//EN"
    "http://www.w3.org/TR/xhtml1/DTD/xhtml1-transitional.dtd">
<html xmlns="http://www.w3.org/1999/xhtml" xml:lang="en" lang="en">
 <head>
  <title>
</title>
<meta http-equiv="Content-Type" content="text/html;charset=utf-8" />
  <meta name='ocr-system' content='tesseract 3.04.00' />
  <meta name='ocr-capabilities' content='ocr_page ocr_carea ocr_par ocr_line ocrx_word'/>
</head>
<body>
  <div class='ocr_page' id='page_1' title='image "./panegyriciveter01unkngoog_0091.png"; bbox 0 0 3017 4942; ppageno 0'>
   <div class='ocr_carea' id='block_1_1' title="bbox 751 380 2103 448">
    <p class='ocr_par' dir='ltr' id='par_1_1' title="bbox 751 380 2103 448">
     <span class='ocr_line' id='line_1_1' title="bbox 751 380 2103 448; baseline 0.001 -1"><span class='ocrx_word' id='word_1_1' title='bbox 751 398 818 447; x_wconf 85' lang='lat' dir='ltr'><strong>c.</strong></span> <span class='ocrx_word' id='word_1_2' title='bbox 865 396 1107 447; x_wconf 70' lang='lat' dir='ltr'><strong>vnum</strong></span> <span class='ocrx_word' id='word_1_3' title='bbox 1154 394 1493 448; x_wconf 68' lang='lat' dir='ltr'><strong>saeuum</strong></span> <span class='ocrx_word' id='word_1_4' title='bbox 1543 395 1820 448; x_wconf 67' lang='lat' dir='ltr'><strong>nuno.</strong></span> <span class='ocrx_word' id='word_1_5' title='bbox 1896 398 1948 447; x_wconf 88' lang='lat'><strong>1.</strong></span> <span class='ocrx_word' id='word_1_6' title='bbox 1990 380 2103 448; x_wconf 81' lang='lat'><strong>21.</strong></span> 
     </span>
    </p>
   </div>
   <div class='ocr_carea' id='block_1_2' title="bbox 320 538 1379 838">
    <p class='ocr_par' dir='ltr' id='par_1_2' title="bbox 320 538 1379 838">
     <span class='ocr_line' id='line_1_2' title="bbox 321 538 1375 607; baseline -0.002 -14"><span class='ocrx_word' id='word_1_7' title='bbox 321 544 587 607; x_wconf 71' lang='lat' dir='ltr'><strong>potestate</strong></span> <span class='ocrx_word' id='word_1_8' title='bbox 633 539 848 604; x_wconf 79' lang='lat' dir='ltr'><strong>habent,</strong></span> <span class='ocrx_word' id='word_1_9' title='bbox 883 540 1101 606; x_wconf 79' lang='lat' dir='ltr'>perinde</span> <span class='ocrx_word' id='word_1_10' title='bbox 1147 545 1207 592; x_wconf 91' lang='lat' dir='ltr'><strong>ut</strong></span> <span class='ocrx_word' id='word_1_11' title='bbox 1240 538 1375 591; x_wconf 79' lang='lat' dir='ltr'><strong>filios</strong></span> 
     </span>
     <span class='ocr_line' id='line_1_3' title="bbox 321 619 1378 683; baseline 0.001 -15"><span class='ocrx_word' id='word_1_12' title='bbox 321 619 555 682; x_wconf 74' lang='lat' dir='ltr'><strong>diligant,</strong></span> <span class='ocrx_word' id='word_1_13' title='bbox 573 624 628 668; x_wconf 87' lang='lat' dir='ltr'><strong>et</strong></span> <span class='ocrx_word' id='word_1_14' title='bbox 661 620 714 668; x_wconf 85' lang='lat' dir='ltr'><strong>bi</strong></span> <span class='ocrx_word' id='word_1_15' title='bbox 744 633 834 670; x_wconf 85' lang='lat' dir='ltr'><strong>eos</strong></span> <span class='ocrx_word' id='word_1_16' title='bbox 869 626 929 668; x_wconf 91' lang='lat' dir='ltr'><strong>ut</strong></span> <span class='ocrx_word' id='word_1_17' title='bbox 963 622 1141 683; x_wconf 82' lang='lat' dir='ltr'><strong>patres</strong></span> <span class='ocrx_word' id='word_1_18' title='bbox 1171 632 1378 669; x_wconf 79' lang='lat' dir='ltr'><strong>revere·</strong></span> 
     </span>
     <span class='ocr_line' id='line_1_4' title="bbox 321 693 1374 761; baseline -0.001 -15"><span class='ocrx_word' id='word_1_19' title='bbox 321 693 505 746; x_wconf 82' lang='lat' dir='ltr'><strong>antur.’</strong></span> <span class='ocrx_word' id='word_1_20' title='bbox 574 695 707 745; x_wconf 67' lang='lat' dir='ltr'><strong>Hac</strong></span> <span class='ocrx_word' id='word_1_21' title='bbox 745 696 906 759; x_wconf 73' lang='lat' dir='ltr'><strong>igitur</strong></span> <span class='ocrx_word' id='word_1_22' title='bbox 939 697 988 746; x_wconf 88' lang='lat' dir='ltr'><strong>iu</strong></span> <span class='ocrx_word' id='word_1_23' title='bbox 1019 695 1235 761; x_wconf 85' lang='lat' dir='ltr'><strong>Trajani</strong></span> <span class='ocrx_word' id='word_1_24' title='bbox 1264 710 1374 760; x_wconf 78' lang='lat' dir='ltr'><strong>gra·</strong></span> 
     </span>
     <span class='ocr_line' id='line_1_5' title="bbox 320 772 1379 838; baseline 0.001 -16"><span class='ocrx_word' id='word_1_25' title='bbox 320 772 462 836; x_wconf 87' lang='lat' dir='ltr'><strong>tiam,</strong></span> <span class='ocrx_word' id='word_1_26' title='bbox 495 780 552 822; x_wconf 91' lang='lat' dir='ltr'><strong>et</strong></span> <span class='ocrx_word' id='word_1_27' title='bbox 585 772 649 820; x_wconf 88' lang='lat' dir='ltr'><strong>ad</strong></span> <span class='ocrx_word' id='word_1_28' title='bbox 686 773 946 836; x_wconf 78' lang='lat' dir='ltr'><strong>augendas</strong></span> <span class='ocrx_word' id='word_1_29' title='bbox 981 773 1232 838; x_wconf 87' lang='lat' dir='ltr'><strong>principis</strong></span> <span class='ocrx_word' id='word_1_30' title='bbox 1270 774 1379 823; x_wconf 89' lang='lat' dir='ltr'><strong>lan·</strong></span> 
     </span>
    </p>
   </div>
   <div class='ocr_carea' id='block_1_3' title="bbox 2385 382 2514 450">
    <p class='ocr_par' dir='ltr' id='par_1_3' title="bbox 2385 382 2514 450">
     <span class='ocr_line' id='line_1_6' title="bbox 2385 382 2514 450; baseline 0.016 -2"><span class='ocrx_word' id='word_1_31' title='bbox 2385 382 2514 450; x_wconf 76' lang='lat'><strong>521</strong></span> 
     </span>
    </p>
   </div>
   <div class='ocr_carea' id='block_1_4' title="bbox 1452 538 2520 830">
    <p class='ocr_par' dir='ltr' id='par_1_4' title="bbox 1452 538 2520 830">
     <span class='ocr_line' id='line_1_7' title="bbox 1452 538 2520 606; baseline 0.002 -15"><span class='ocrx_word' id='word_1_32' title='bbox 1452 538 1576 591; x_wconf 91' lang='lat' dir='ltr'><strong>dum</strong></span> <span class='ocrx_word' id='word_1_33' title='bbox 1601 539 1771 606; x_wconf 90' lang='lat' dir='ltr'><strong>primo</strong></span> <span class='ocrx_word' id='word_1_34' title='bbox 1791 553 1926 590; x_wconf 86' lang='lat' dir='ltr'><strong>anno</strong></span> <span class='ocrx_word' id='word_1_35' title='bbox 1948 538 2003 590; x_wconf 91' lang='lat' dir='ltr'><strong>id</strong></span> <span class='ocrx_word' id='word_1_36' title='bbox 2039 539 2321 606; x_wconf 85' lang='lat' dir='ltr'><strong>recepisse.</strong></span> <span class='ocrx_word' id='word_1_37' title='bbox 2385 541 2520 593; x_wconf 82' lang='lat' dir='ltr'><strong>Ves-</strong></span> 
     </span>
     <span class='ocr_line' id='line_1_8' title="bbox 1452 617 2519 683; baseline 0.003 -16"><span class='ocrx_word' id='word_1_38' title='bbox 1452 617 1653 683; x_wconf 85' lang='lat' dir='ltr'><strong>pasiani</strong></span> <span class='ocrx_word' id='word_1_39' title='bbox 1672 617 1884 679; x_wconf 87' lang='lat' dir='ltr'><strong>nummi,</strong></span> <span class='ocrx_word' id='word_1_40' title='bbox 1907 617 1957 667; x_wconf 92' lang='lat' dir='ltr'><strong>in</strong></span> <span class='ocrx_word' id='word_1_41' title='bbox 1979 618 2145 668; x_wconf 86' lang='lat' dir='ltr'><strong>altero</strong></span> <span class='ocrx_word' id='word_1_42' title='bbox 2163 617 2365 683; x_wconf 89' lang='lat' dir='ltr'><strong>imperii</strong></span> <span class='ocrx_word' id='word_1_43' title='bbox 2381 632 2519 670; x_wconf 80' lang='lat' dir='ltr'><strong>auno</strong></span> 
     </span>
     <span class='ocr_line' id='line_1_9' title="bbox 1452 694 2519 761; baseline 0.003 -17"><span class='ocrx_word' id='word_1_44' title='bbox 1452 694 1583 751; x_wconf 87' lang='lat' dir='ltr'><strong>cusi,</strong></span> <span class='ocrx_word' id='word_1_45' title='bbox 1607 695 1812 745; x_wconf 87' lang='lat' dir='ltr'><strong>titulum</strong></span> <span class='ocrx_word' id='word_1_46' title='bbox 1834 700 1850 724; x_wconf 79' lang='lat'>⁶</span> <span class='ocrx_word' id='word_1_47' title='bbox 1878 694 2058 745; x_wconf 83' lang='lat' dir='ltr'><strong>Patris</strong></span> <span class='ocrx_word' id='word_1_48' title='bbox 2079 696 2265 760; x_wconf 82' lang='lat' dir='ltr'><strong>patriae</strong></span> <span class='ocrx_word' id='word_1_49' title='bbox 2289 694 2308 720; x_wconf 89' lang='lat'>’</span> <span class='ocrx_word' id='word_1_50' title='bbox 2330 694 2519 761; x_wconf 65' lang='lat' dir='ltr'><strong>praefe-</strong></span> 
     </span>
     <span class='ocr_line' id='line_1_10' title="bbox 1454 772 2519 830; baseline 0.004 -9"><span class='ocrx_word' id='word_1_51' title='bbox 1454 782 1594 822; x_wconf 86' lang='lat' dir='ltr'><strong>runt.</strong></span> <span class='ocrx_word' id='word_1_52' title='bbox 1681 772 2034 830; x_wconf 87' lang='lat' dir='ltr'><strong>Domitianus,</strong></span> <span class='ocrx_word' id='word_1_53' title='bbox 2090 781 2296 825; x_wconf 88' lang='lat' dir='ltr'><strong>mortuo</strong></span> <span class='ocrx_word' id='word_1_54' title='bbox 2351 773 2519 825; x_wconf 85' lang='lat' dir='ltr'><strong>fratre</strong></span> 
     </span>
    </p>
   </div>
   <div class='ocr_carea' id='block_1_5' title="bbox 319 847 2521 919">
    <p class='ocr_par' dir='ltr' id='par_1_5' title="bbox 319 847 2521 919">
     <span class='ocr_line' id='line_1_11' title="bbox 319 847 2521 919; baseline 0.002 -21"><span class='ocrx_word' id='word_1_55' title='bbox 319 848 427 908; x_wconf 84' lang='lat' dir='ltr'><strong>des,</strong></span> <span class='ocrx_word' id='word_1_56' title='bbox 458 862 493 899; x_wconf 89' lang='lat' dir='ltr'><strong>a</strong></span> <span class='ocrx_word' id='word_1_57' title='bbox 527 847 701 898; x_wconf 80' lang='lat' dir='ltr'>Plinio</span> <span class='ocrx_word' id='word_1_58' title='bbox 734 850 897 913; x_wconf 89' lang='lat' dir='ltr'><strong>dicta,</strong></span> <span class='ocrx_word' id='word_1_59' title='bbox 927 849 1244 901; x_wconf 84' lang='lat' dir='ltr'><strong>credendum</strong></span> <span class='ocrx_word' id='word_1_60' title='bbox 1277 856 1380 900; x_wconf 92' lang='lat' dir='ltr'><strong>est.</strong></span> <span class='ocrx_word' id='word_1_61' title='bbox 1450 850 1589 919; x_wconf 61' lang='lat' dir='ltr'><strong>frito,</strong></span> <span class='ocrx_word' id='word_1_62' title='bbox 1611 862 1726 900; x_wconf 89' lang='lat' dir='ltr'><strong>cum</strong></span> <span class='ocrx_word' id='word_1_63' title='bbox 1749 849 1865 914; x_wconf 88' lang='lat' dir='ltr'><strong>jam</strong></span> <span class='ocrx_word' id='word_1_64' title='bbox 1896 849 2198 915; x_wconf 72' lang='lat' dir='ltr'><strong>designatae</strong></span> <span class='ocrx_word' id='word_1_65' title='bbox 2230 859 2372 902; x_wconf 85' lang='lat' dir='ltr'><strong>esset</strong></span> <span class='ocrx_word' id='word_1_66' title='bbox 2404 865 2521 903; x_wconf 86' lang='lat' dir='ltr'><strong>cos.</strong></span> 
     </span>
    </p>
   </div>
   <div class='ocr_carea' id='block_1_6' title="bbox 307 926 1396 3543">
    <p class='ocr_par' dir='ltr' id='par_1_6' title="bbox 320 926 534 978">
     <span class='ocr_line' id='line_1_12' title="bbox 320 926 534 978; baseline 0 0"><span class='ocrx_word' id='word_1_67' title='bbox 320 926 534 978; x_wconf 62' lang='lat' dir='ltr'><strong>Pater-01.</strong></span> 
     </span>
    </p>

    <p class='ocr_par' dir='ltr' id='par_1_7' title="bbox 307 1003 1396 3543">
     <span class='ocr_line' id='line_1_13' title="bbox 378 1003 1381 1071; baseline 0.002 -17"><span class='ocrx_word' id='word_1_68' title='bbox 378 1004 550 1055; x_wconf 76' lang='lat' dir='ltr'><strong>Primo</strong></span> <span class='ocrx_word' id='word_1_69' title='bbox 585 1006 755 1059; x_wconf 63' lang='lat' dir='ltr'><strong>untias</strong></span> <span class='ocrx_word' id='word_1_70' title='bbox 788 1005 1083 1071; x_wconf 70' lang='lat' dir='ltr'><strong>principatus</strong></span> <span class='ocrx_word' id='word_1_71' title='bbox 1112 1003 1216 1069; x_wconf 78' lang='lat' dir='ltr'><strong>dis]</strong></span> <span class='ocrx_word' id='word_1_72' title='bbox 1260 1006 1381 1056; x_wconf 89' lang='lat' dir='ltr'><strong>Non</strong></span> 
     </span>
     <span class='ocr_line' id='line_1_14' title="bbox 317 1081 1382 1149; baseline 0.003 -18"><span class='ocrx_word' id='word_1_73' title='bbox 317 1081 578 1134; x_wconf 73' lang='lat' dir='ltr'><strong>immerito</strong></span> <span class='ocrx_word' id='word_1_74' title='bbox 621 1084 893 1148; x_wconf 66' lang='lat' dir='ltr'><strong>quaeritur,</strong></span> <span class='ocrx_word' id='word_1_75' title='bbox 935 1085 1140 1149; x_wconf 87' lang='lat' dir='ltr'><strong>quinam</strong></span> <span class='ocrx_word' id='word_1_76' title='bbox 1184 1083 1382 1135; x_wconf 83' lang='lat' dir='ltr'><strong>fuerint</strong></span> 
     </span>
     <span class='ocr_line' id='line_1_15' title="bbox 308 1159 1376 1226; baseline 0.002 -18"><span class='ocrx_word' id='word_1_77' title='bbox 308 1159 391 1208; x_wconf 79' lang='lat' dir='ltr'><strong>-illi</strong></span> <span class='ocrx_word' id='word_1_78' title='bbox 413 1159 780 1224; x_wconf 85' lang='lat' dir='ltr'><strong>imperatores,</strong></span> <span class='ocrx_word' id='word_1_79' title='bbox 802 1168 924 1211; x_wconf 88' lang='lat' dir='ltr'><strong>ante</strong></span> <span class='ocrx_word' id='word_1_80' title='bbox 949 1160 1160 1226; x_wconf 84' lang='lat' dir='ltr'><strong>Trajaui</strong></span> <span class='ocrx_word' id='word_1_81' title='bbox 1182 1167 1376 1225; x_wconf 90' lang='lat' dir='ltr'><strong>tempo-</strong></span> 
     </span>
     <span class='ocr_line' id='line_1_16' title="bbox 317 1237 1383 1304; baseline 0.002 -17"><span class='ocrx_word' id='word_1_82' title='bbox 317 1250 388 1302; x_wconf 83' lang='lat' dir='ltr'><strong>ra,</strong></span> <span class='ocrx_word' id='word_1_83' title='bbox 411 1237 496 1303; x_wconf 87' lang='lat' dir='ltr'><strong>qni</strong></span> <span class='ocrx_word' id='word_1_84' title='bbox 522 1238 693 1302; x_wconf 85' lang='lat' dir='ltr'><strong>primo</strong></span> <span class='ocrx_word' id='word_1_85' title='bbox 716 1237 890 1288; x_wconf 81' lang='lat' dir='ltr'><strong>statim</strong></span> <span class='ocrx_word' id='word_1_86' title='bbox 916 1237 1240 1304; x_wconf 87' lang='lat' dir='ltr'><strong>principatus</strong></span> <span class='ocrx_word' id='word_1_87' title='bbox 1276 1237 1383 1303; x_wconf 88' lang='lat' dir='ltr'><strong>die,</strong></span> 
     </span>
     <span class='ocr_line' id='line_1_17' title="bbox 318 1315 1385 1379; baseline 0.005 -17"><span class='ocrx_word' id='word_1_88' title='bbox 318 1326 418 1363; x_wconf 79' lang='lat' dir='ltr'><strong>ana</strong></span> <span class='ocrx_word' id='word_1_89' title='bbox 445 1328 567 1364; x_wconf 91' lang='lat' dir='ltr'><strong>cum</strong></span> <span class='ocrx_word' id='word_1_90' title='bbox 604 1315 947 1379; x_wconf 85' lang='lat' dir='ltr'><strong>Imperatoris</strong></span> <span class='ocrx_word' id='word_1_91' title='bbox 981 1322 1036 1365; x_wconf 90' lang='lat' dir='ltr'><strong>et</strong></span> <span class='ocrx_word' id='word_1_92' title='bbox 1065 1316 1284 1366; x_wconf 77' lang='lat' dir='ltr'><strong>Caesaris</strong></span> <span class='ocrx_word' id='word_1_93' title='bbox 1320 1317 1385 1367; x_wconf 89' lang='lat' dir='ltr'><strong>ti·</strong></span> 
     </span>
     <span class='ocr_line' id='line_1_18' title="bbox 318 1391 1382 1463; baseline 0.002 -23"><span class='ocrx_word' id='word_1_94' title='bbox 318 1391 445 1463; x_wconf 82' lang='lat' dir='ltr'><strong>tulo,</strong></span> <span class='ocrx_word' id='word_1_95' title='bbox 493 1392 906 1456; x_wconf 75' lang='lat' dir='ltr'><strong>appellationem</strong></span> <span class='ocrx_word' id='word_1_96' title='bbox 954 1392 1127 1442; x_wconf 87' lang='lat' dir='ltr'><strong>Patris</strong></span> <span class='ocrx_word' id='word_1_97' title='bbox 1182 1392 1382 1444; x_wconf 62' lang='lat' dir='ltr'><strong>Patria</strong></span> 
     </span>
     <span class='ocr_line' id='line_1_19' title="bbox 318 1469 1384 1534; baseline 0.004 -17"><span class='ocrx_word' id='word_1_98' title='bbox 318 1469 657 1532; x_wconf 73' lang='lat' dir='ltr'><strong>receperintx</strong></span> <span class='ocrx_word' id='word_1_99' title='bbox 702 1483 840 1530; x_wconf 86' lang='lat' dir='ltr'><strong>cum,</strong></span> <span class='ocrx_word' id='word_1_100' title='bbox 877 1477 1014 1520; x_wconf 86' lang='lat' dir='ltr'><strong>teste</strong></span> <span class='ocrx_word' id='word_1_101' title='bbox 1046 1471 1290 1534; x_wconf 83' lang='lat' dir='ltr'><strong>Appiano</strong></span> <span class='ocrx_word' id='word_1_102' title='bbox 1317 1472 1384 1521; x_wconf 91' lang='lat' dir='ltr'><strong>B.</strong></span> 
     </span>
     <span class='ocr_line' id='line_1_20' title="bbox 318 1545 1384 1610; baseline 0.004 -15"><span class='ocrx_word' id='word_1_103' title='bbox 318 1546 376 1595; x_wconf 79' lang='lat' dir='ltr'><strong>C.</strong></span> <span class='ocrx_word' id='word_1_104' title='bbox 410 1545 501 1595; x_wconf 92' lang='lat' dir='ltr'><strong>lib.</strong></span> <span class='ocrx_word' id='word_1_105' title='bbox 535 1559 605 1595; x_wconf 86' lang='lat' dir='ltr'><strong>n.</strong></span> <span class='ocrx_word' id='word_1_106' title='bbox 640 1561 760 1610; x_wconf 83' lang='lat' dir='ltr'><strong>pag.</strong></span> <span class='ocrx_word' id='word_1_107' title='bbox 781 1549 899 1598; x_wconf 73' lang='lat'><strong>482.</strong></span> <span class='ocrx_word' id='word_1_108' title='bbox 930 1548 1031 1599; x_wconf 86' lang='lat' dir='ltr'><strong>boc</strong></span> <span class='ocrx_word' id='word_1_109' title='bbox 1064 1549 1271 1598; x_wconf 87' lang='lat' dir='ltr'><strong>honoris</strong></span> <span class='ocrx_word' id='word_1_110' title='bbox 1295 1563 1384 1599; x_wconf 83' lang='lat' dir='ltr'><strong>vo·</strong></span> 
     </span>
     <span class='ocr_line' id='line_1_21' title="bbox 319 1620 1382 1690; baseline 0.003 -17"><span class='ocrx_word' id='word_1_111' title='bbox 319 1620 559 1673; x_wconf 87' lang='lat' dir='ltr'><strong>cabulum</strong></span> <span class='ocrx_word' id='word_1_112' title='bbox 598 1622 1015 1687; x_wconf 71' lang='lat' dir='ltr'><strong>imperatoribus,</strong></span> <span class='ocrx_word' id='word_1_113' title='bbox 1054 1620 1382 1690; x_wconf 82' lang='lat' dir='ltr'><strong>quantumvis</strong></span> 
     </span>
     <span class='ocr_line' id='line_1_22' title="bbox 307 1696 1386 1765; baseline 0.006 -17"><span class='ocrx_word' id='word_1_114' title='bbox 307 1699 413 1764; x_wconf 82' lang='lat' dir='ltr'><strong>jam</strong></span> <span class='ocrx_word' id='word_1_115' title='bbox 442 1698 725 1765; x_wconf 78' lang='lat' dir='ltr'><strong>Augustis,</strong></span> <span class='ocrx_word' id='word_1_116' title='bbox 748 1717 847 1752; x_wconf 90' lang='lat' dir='ltr'><strong>non</strong></span> <span class='ocrx_word' id='word_1_117' title='bbox 883 1703 1061 1753; x_wconf 84' lang='lat' dir='ltr'><strong>statim</strong></span> <span class='ocrx_word' id='word_1_118' title='bbox 1089 1696 1208 1753; x_wconf 81' lang='lat' dir='ltr'><strong>cuin</strong></span> <span class='ocrx_word' id='word_1_119' title='bbox 1241 1711 1386 1754; x_wconf 87' lang='lat' dir='ltr'><strong>cete·</strong></span> 
     </span>
     <span class='ocr_line' id='line_1_23' title="bbox 319 1777 1386 1845; baseline 0.006 -20"><span class='ocrx_word' id='word_1_120' title='bbox 319 1777 387 1825; x_wconf 85' lang='lat' dir='ltr'><strong>ris</strong></span> <span class='ocrx_word' id='word_1_121' title='bbox 407 1778 824 1842; x_wconf 75' lang='lat' dir='ltr'><strong>cognominibus,</strong></span> <span class='ocrx_word' id='word_1_122' title='bbox 845 1779 937 1830; x_wconf 84' lang='lat' dir='ltr'><strong>sed</strong></span> <span class='ocrx_word' id='word_1_123' title='bbox 971 1795 1087 1831; x_wconf 91' lang='lat' dir='ltr'><strong>cnm</strong></span> <span class='ocrx_word' id='word_1_124' title='bbox 1127 1789 1386 1845; x_wconf 87' lang='lat' dir='ltr'><strong>tempore,</strong></span> 
     </span>
     <span class='ocr_line' id='line_1_24' title="bbox 321 1851 1384 1918; baseline 0.006 -17"><span class='ocrx_word' id='word_1_125' title='bbox 321 1853 459 1902; x_wconf 79' lang='lat' dir='ltr'><strong>velut</strong></span> <span class='ocrx_word' id='word_1_126' title='bbox 499 1851 796 1918; x_wconf 84' lang='lat' dir='ltr'><strong>perfectum</strong></span> <span class='ocrx_word' id='word_1_127' title='bbox 835 1857 1172 1907; x_wconf 78' lang='lat' dir='ltr'><strong>maximarum</strong></span> <span class='ocrx_word' id='word_1_128' title='bbox 1210 1871 1384 1906; x_wconf 87' lang='lat' dir='ltr'><strong>rerum</strong></span> 
     </span>
     <span class='ocr_line' id='line_1_25' title="bbox 321 1928 1389 1998; baseline 0.007 -20"><span class='ocrx_word' id='word_1_129' title='bbox 321 1928 384 1980; x_wconf 84' lang='lat' dir='ltr'><strong>ab</strong></span> <span class='ocrx_word' id='word_1_130' title='bbox 405 1930 465 1980; x_wconf 89' lang='lat' dir='ltr'><strong>iis</strong></span> <span class='ocrx_word' id='word_1_131' title='bbox 483 1938 754 1995; x_wconf 75' lang='lat' dir='ltr'><strong>gestarum</strong></span> <span class='ocrx_word' id='word_1_132' title='bbox 781 1932 1153 1990; x_wconf 85' lang='lat' dir='ltr'><strong>testimonium,</strong></span> <span class='ocrx_word' id='word_1_133' title='bbox 1177 1934 1389 1998; x_wconf 83' lang='lat' dir='ltr'><strong>publice</strong></span> 
     </span>
     <span class='ocr_line' id='line_1_26' title="bbox 320 2005 1389 2062; baseline 0.005 -5"><span class='ocrx_word' id='word_1_134' title='bbox 320 2005 529 2057; x_wconf 75' lang='lat' dir='ltr'><strong>decerni</strong></span> <span class='ocrx_word' id='word_1_135' title='bbox 554 2009 901 2060; x_wconf 79' lang='lat' dir='ltr'><strong>consueverit.</strong></span> <span class='ocrx_word' id='word_1_136' title='bbox 946 2008 1056 2061; x_wconf 82' lang='lat' dir='ltr'><strong>Jnl.</strong></span> <span class='ocrx_word' id='word_1_137' title='bbox 1072 2011 1265 2061; x_wconf 80' lang='lat' dir='ltr'><strong>Caesari</strong></span> <span class='ocrx_word' id='word_1_138' title='bbox 1290 2013 1389 2062; x_wconf 88' lang='lat' dir='ltr'><strong>boc</strong></span> 
     </span>
     <span class='ocr_line' id='line_1_27' title="bbox 321 2086 1389 2153; baseline 0.004 -20"><span class='ocrx_word' id='word_1_139' title='bbox 321 2096 503 2135; x_wconf 77' lang='lat' dir='ltr'><strong>nomen</strong></span> <span class='ocrx_word' id='word_1_140' title='bbox 556 2099 659 2134; x_wconf 92' lang='lat' dir='ltr'><strong>non</strong></span> <span class='ocrx_word' id='word_1_141' title='bbox 700 2086 876 2136; x_wconf 86' lang='lat' dir='ltr'><strong>statim</strong></span> <span class='ocrx_word' id='word_1_142' title='bbox 923 2087 1084 2138; x_wconf 80' lang='lat' dir='ltr'><strong>fuisse</strong></span> <span class='ocrx_word' id='word_1_143' title='bbox 1136 2088 1389 2153; x_wconf 83' lang='lat' dir='ltr'><strong>delatum,</strong></span> 
     </span>
     <span class='ocr_line' id='line_1_28' title="bbox 320 2158 1388 2229; baseline 0.009 -19"><span class='ocrx_word' id='word_1_144' title='bbox 320 2158 473 2211; x_wconf 83' lang='lat' dir='ltr'><strong>facile</strong></span> <span class='ocrx_word' id='word_1_145' title='bbox 494 2177 571 2212; x_wconf 79' lang='lat' dir='ltr'><strong>ex</strong></span> <span class='ocrx_word' id='word_1_146' title='bbox 593 2162 658 2211; x_wconf 89' lang='lat' dir='ltr'><strong>iis</strong></span> <span class='ocrx_word' id='word_1_147' title='bbox 675 2170 842 2227; x_wconf 88' lang='lat' dir='ltr'><strong>patet,</strong></span> <span class='ocrx_word' id='word_1_148' title='bbox 860 2179 976 2229; x_wconf 82' lang='lat' dir='ltr'><strong>quae</strong></span> <span class='ocrx_word' id='word_1_149' title='bbox 1001 2167 1211 2216; x_wconf 89' lang='lat' dir='ltr'><strong>Sueton.</strong></span> <span class='ocrx_word' id='word_1_150' title='bbox 1237 2181 1283 2216; x_wconf 93' lang='lat' dir='ltr'><strong>c.</strong></span> <span class='ocrx_word' id='word_1_151' title='bbox 1305 2171 1388 2220; x_wconf 95' lang='grc'><strong>76.</strong></span> 
     </span>
     <span class='ocr_line' id='line_1_29' title="bbox 323 2239 1390 2308; baseline 0.008 -21"><span class='ocrx_word' id='word_1_152' title='bbox 323 2245 374 2288; x_wconf 87' lang='lat' dir='ltr'><strong>et</strong></span> <span class='ocrx_word' id='word_1_153' title='bbox 405 2239 509 2290; x_wconf 81' lang='lat' dir='ltr'><strong>Dio</strong></span> <span class='ocrx_word' id='word_1_154' title='bbox 553 2241 702 2291; x_wconf 85' lang='lat' dir='ltr'><strong>Cass.</strong></span> <span class='ocrx_word' id='word_1_155' title='bbox 733 2242 824 2292; x_wconf 91' lang='lat' dir='ltr'><strong>lib.</strong></span> <span class='ocrx_word' id='word_1_156' title='bbox 849 2256 1003 2293; x_wconf 82' lang='lat' dir='ltr'><strong>xnv.</strong></span> <span class='ocrx_word' id='word_1_157' title='bbox 1040 2259 1095 2308; x_wconf 93' lang='lat' dir='ltr'><strong>p.</strong></span> <span class='ocrx_word' id='word_1_158' title='bbox 1125 2249 1243 2296; x_wconf 76' lang='lat'><strong>242.</strong></span> <span class='ocrx_word' id='word_1_159' title='bbox 1272 2261 1390 2296; x_wconf 87' lang='lat' dir='ltr'><strong>nar-</strong></span> 
     </span>
     <span class='ocr_line' id='line_1_30' title="bbox 321 2316 1391 2374; baseline 0.008 -9"><span class='ocrx_word' id='word_1_160' title='bbox 321 2325 452 2368; x_wconf 82' lang='lat' dir='ltr'><strong>rant.</strong></span> <span class='ocrx_word' id='word_1_161' title='bbox 522 2316 614 2368; x_wconf 89' lang='lat' dir='ltr'><strong>Ac</strong></span> <span class='ocrx_word' id='word_1_162' title='bbox 649 2319 1021 2372; x_wconf 86' lang='lat' dir='ltr'><strong>Mediobarbus</strong></span> <span class='ocrx_word' id='word_1_163' title='bbox 1049 2325 1100 2373; x_wconf 92' lang='lat' dir='ltr'><strong>in</strong></span> <span class='ocrx_word' id='word_1_164' title='bbox 1133 2324 1391 2374; x_wconf 87' lang='lat' dir='ltr'><strong>Numism.</strong></span> 
     </span>
     <span class='ocr_line' id='line_1_31' title="bbox 320 2391 1391 2461; baseline 0.008 -18"><span class='ocrx_word' id='word_1_165' title='bbox 320 2391 645 2459; x_wconf 80' lang='lat' dir='ltr'><strong>Imperator.</strong></span> <span class='ocrx_word' id='word_1_166' title='bbox 670 2411 790 2461; x_wconf 74' lang='lat' dir='ltr'><strong>pag.</strong></span> <span class='ocrx_word' id='word_1_167' title='bbox 810 2402 860 2447; x_wconf 83' lang='lat'><strong>6.</strong></span> <span class='ocrx_word' id='word_1_168' title='bbox 884 2413 1118 2449; x_wconf 88' lang='lat' dir='ltr'><strong>nummos</strong></span> <span class='ocrx_word' id='word_1_169' title='bbox 1146 2400 1254 2453; x_wconf 80' lang='lat' dir='ltr'><strong>Jul.</strong></span> <span class='ocrx_word' id='word_1_170' title='bbox 1279 2402 1391 2452; x_wconf 63' lang='grc' dir='ltr'><strong>(ἑω-</strong></span> 
     </span>
     <span class='ocr_line' id='line_1_32' title="bbox 321 2472 1394 2544; baseline 0.009 -24"><span class='ocrx_word' id='word_1_171' title='bbox 321 2472 467 2529; x_wconf 82' lang='lat' dir='ltr'><strong>saris,</strong></span> <span class='ocrx_word' id='word_1_172' title='bbox 495 2473 660 2522; x_wconf 83' lang='lat' dir='ltr'><strong>titulo</strong></span> <span class='ocrx_word' id='word_1_173' title='bbox 690 2487 964 2526; x_wconf 56' lang='lat' dir='ltr'><strong>canamus</strong></span> <span class='ocrx_word' id='word_1_174' title='bbox 985 2489 1211 2529; x_wconf 64' lang='lat' dir='ltr'><strong>ruma</strong></span> <span class='ocrx_word' id='word_1_175' title='bbox 1237 2479 1394 2544; x_wconf 65' lang='lat' dir='ltr'><strong>insig-</strong></span> 
     </span>
     <span class='ocr_line' id='line_1_33' title="bbox 319 2549 1394 2621; baseline 0.007 -22"><span class='ocrx_word' id='word_1_176' title='bbox 319 2549 470 2614; x_wconf 87' lang='lat' dir='ltr'><strong>nitos,</strong></span> <span class='ocrx_word' id='word_1_177' title='bbox 492 2550 713 2600; x_wconf 79' lang='lat' dir='ltr'><strong>demum</strong></span> <span class='ocrx_word' id='word_1_178' title='bbox 735 2552 801 2602; x_wconf 83' lang='lat' dir='ltr'><strong>ad</strong></span> <span class='ocrx_word' id='word_1_179' title='bbox 820 2559 1059 2618; x_wconf 86' lang='lat' dir='ltr'><strong>quartum</strong></span> <span class='ocrx_word' id='word_1_180' title='bbox 1076 2557 1185 2621; x_wconf 88' lang='lat' dir='ltr'><strong>ejus</strong></span> <span class='ocrx_word' id='word_1_181' title='bbox 1209 2571 1394 2608; x_wconf 86' lang='lat' dir='ltr'><strong>consu-</strong></span> 
     </span>
     <span class='ocr_line' id='line_1_34' title="bbox 319 2627 1395 2691; baseline 0.012 -15"><span class='ocrx_word' id='word_1_182' title='bbox 319 2627 503 2691; x_wconf 85' lang='lat' dir='ltr'><strong>latum,</strong></span> <span class='ocrx_word' id='word_1_183' title='bbox 528 2629 582 2677; x_wconf 84' lang='lat' dir='ltr'><strong>b.</strong></span> <span class='ocrx_word' id='word_1_184' title='bbox 605 2643 656 2680; x_wconf 91' lang='lat' dir='ltr'><strong>e.</strong></span> <span class='ocrx_word' id='word_1_185' title='bbox 692 2628 756 2679; x_wconf 85' lang='lat' dir='ltr'><strong>ad</strong></span> <span class='ocrx_word' id='word_1_186' title='bbox 788 2628 855 2680; x_wconf 83' lang='lat' dir='ltr'><strong>A.</strong></span> <span class='ocrx_word' id='word_1_187' title='bbox 875 2632 944 2682; x_wconf 88' lang='lat' dir='ltr'><strong>U.</strong></span> <span class='ocrx_word' id='word_1_188' title='bbox 970 2631 1032 2684; x_wconf 83' lang='lat' dir='ltr'><strong>O.</strong></span> <span class='ocrx_word' id='word_1_189' title='bbox 1069 2637 1186 2684; x_wconf 78' lang='grc'><strong>709.</strong></span> <span class='ocrx_word' id='word_1_190' title='bbox 1209 2634 1395 2690; x_wconf 77' lang='lat' dir='ltr'><strong>refert.</strong></span> 
     </span>
     <span class='ocr_line' id='line_1_35' title="bbox 320 2704 1395 2770; baseline 0.012 -16"><span class='ocrx_word' id='word_1_191' title='bbox 320 2704 551 2770; x_wconf 72' lang='lat' dir='ltr'><strong>Augusti</strong></span> <span class='ocrx_word' id='word_1_192' title='bbox 577 2707 743 2756; x_wconf 87' lang='lat' dir='ltr'><strong>titulis</strong></span> <span class='ocrx_word' id='word_1_193' title='bbox 765 2708 862 2759; x_wconf 85' lang='lat' dir='ltr'><strong>boc</strong></span> <span class='ocrx_word' id='word_1_194' title='bbox 884 2722 1067 2760; x_wconf 90' lang='lat' dir='ltr'><strong>nomen</strong></span> <span class='ocrx_word' id='word_1_195' title='bbox 1084 2726 1201 2762; x_wconf 91' lang='lat' dir='ltr'><strong>sero</strong></span> <span class='ocrx_word' id='word_1_196' title='bbox 1221 2727 1395 2766; x_wconf 81' lang='lat' dir='ltr'><strong>acces·</strong></span> 
     </span>
     <span class='ocr_line' id='line_1_36' title="bbox 323 2781 1393 2852; baseline 0.01 -20"><span class='ocrx_word' id='word_1_197' title='bbox 323 2781 464 2846; x_wconf 87' lang='lat' dir='ltr'><strong>sisse,</strong></span> <span class='ocrx_word' id='word_1_198' title='bbox 483 2798 560 2834; x_wconf 81' lang='lat' dir='ltr'><strong>ex</strong></span> <span class='ocrx_word' id='word_1_199' title='bbox 579 2784 694 2834; x_wconf 89' lang='lat' dir='ltr'><strong>loco</strong></span> <span class='ocrx_word' id='word_1_200' title='bbox 716 2784 999 2852; x_wconf 82' lang='lat' dir='ltr'><strong>Ovidiano,</strong></span> <span class='ocrx_word' id='word_1_201' title='bbox 1021 2802 1138 2838; x_wconf 82' lang='lat' dir='ltr'><strong>mox</strong></span> <span class='ocrx_word' id='word_1_202' title='bbox 1162 2793 1393 2843; x_wconf 82' lang='lat' dir='ltr'><strong>excitau-</strong></span> 
     </span>
     <span class='ocr_line' id='line_1_37' title="bbox 322 2859 1394 2935; baseline 0.013 -26"><span class='ocrx_word' id='word_1_203' title='bbox 322 2859 406 2919; x_wconf 85' lang='lat' dir='ltr'><strong>do,</strong></span> <span class='ocrx_word' id='word_1_204' title='bbox 462 2868 641 2926; x_wconf 82' lang='lat' dir='ltr'><strong>patet.</strong></span> <span class='ocrx_word' id='word_1_205' title='bbox 707 2863 948 2914; x_wconf 89' lang='lat' dir='ltr'><strong>Norisius</strong></span> <span class='ocrx_word' id='word_1_206' title='bbox 1002 2865 1056 2915; x_wconf 91' lang='lat' dir='ltr'><strong>in</strong></span> <span class='ocrx_word' id='word_1_207' title='bbox 1103 2868 1394 2935; x_wconf 80' lang='lat' dir='ltr'><strong>cenotaph.</strong></span> 
     </span>
     <span class='ocr_line' id='line_1_38' title="bbox 323 2936 1394 3007; baseline 0.012 -21"><span class='ocrx_word' id='word_1_208' title='bbox 323 2936 431 2987; x_wconf 82' lang='lat' dir='ltr'><strong>Pis.</strong></span> <span class='ocrx_word' id='word_1_209' title='bbox 459 2951 581 3003; x_wconf 78' lang='lat' dir='ltr'><strong>pag.</strong></span> <span class='ocrx_word' id='word_1_210' title='bbox 623 2942 735 2989; x_wconf 84' lang='grc'><strong>177.</strong></span> <span class='ocrx_word' id='word_1_211' title='bbox 769 2954 836 2990; x_wconf 80' lang='lat' dir='ltr'><strong>ex</strong></span> <span class='ocrx_word' id='word_1_212' title='bbox 868 2940 1166 3007; x_wconf 72' lang='lat' dir='ltr'><strong>fragmento</strong></span> <span class='ocrx_word' id='word_1_213' title='bbox 1199 2950 1394 2999; x_wconf 79' lang='lat' dir='ltr'><strong>vetusti</strong></span> 
     </span>
     <span class='ocr_line' id='line_1_39' title="bbox 324 3014 1394 3083; baseline 0.012 -18"><span class='ocrx_word' id='word_1_214' title='bbox 324 3014 656 3075; x_wconf 79' lang='lat' dir='ltr'><strong>Kalendarii,</strong></span> <span class='ocrx_word' id='word_1_215' title='bbox 691 3018 832 3083; x_wconf 85' lang='lat' dir='ltr'><strong>apud</strong></span> <span class='ocrx_word' id='word_1_216' title='bbox 867 3020 1023 3072; x_wconf 82' lang='lat' dir='ltr'><strong>Grut.</strong></span> <span class='ocrx_word' id='word_1_217' title='bbox 1046 3035 1325 3078; x_wconf 62' lang='lat' dir='ltr'><strong>cmxxxvt.</strong></span> <span class='ocrx_word' id='word_1_218' title='bbox 1343 3031 1394 3078; x_wconf 72' lang='lat'><strong>2.</strong></span> 
     </span>
     <span class='ocr_line' id='line_1_40' title="bbox 324 3096 1394 3168; baseline 0.011 -23"><span class='ocrx_word' id='word_1_219' title='bbox 324 3096 554 3161; x_wconf 84' lang='lat' dir='ltr'><strong>probare</strong></span> <span class='ocrx_word' id='word_1_220' title='bbox 598 3097 803 3157; x_wconf 84' lang='lat' dir='ltr'><strong>nititur,</strong></span> <span class='ocrx_word' id='word_1_221' title='bbox 847 3099 900 3150; x_wconf 85' lang='lat' dir='ltr'><strong>id</strong></span> <span class='ocrx_word' id='word_1_222' title='bbox 937 3099 1143 3151; x_wconf 89' lang='lat' dir='ltr'><strong>demum</strong></span> <span class='ocrx_word' id='word_1_223' title='bbox 1183 3104 1394 3168; x_wconf 88' lang='lat' dir='ltr'><strong>publice</strong></span> 
     </span>
     <span class='ocr_line' id='line_1_41' title="bbox 327 3171 1392 3234; baseline 0.012 -13"><span class='ocrx_word' id='word_1_224' title='bbox 327 3171 601 3224; x_wconf 81' lang='lat' dir='ltr'><strong>decretum</strong></span> <span class='ocrx_word' id='word_1_225' title='bbox 631 3172 790 3225; x_wconf 86' lang='lat' dir='ltr'><strong>fuisse</strong></span> <span class='ocrx_word' id='word_1_226' title='bbox 822 3188 1093 3228; x_wconf 61' lang='lat' dir='ltr'><strong>mvnvs-ro.</strong></span> <span class='ocrx_word' id='word_1_227' title='bbox 1124 3192 1237 3231; x_wconf 87' lang='lat' dir='ltr'><strong>cos.</strong></span> <span class='ocrx_word' id='word_1_228' title='bbox 1262 3195 1392 3234; x_wconf 75' lang='grc' dir='ltr'><strong>κιιι.</strong></span> 
     </span>
     <span class='ocr_line' id='line_1_42' title="bbox 326 3252 1393 3311; baseline 0.012 -13"><span class='ocrx_word' id='word_1_229' title='bbox 326 3261 474 3300; x_wconf 68' lang='lat' dir='ltr'><strong>rum.</strong></span> <span class='ocrx_word' id='word_1_230' title='bbox 504 3263 630 3300; x_wconf 68' lang='lat' dir='ltr'><strong>Po&#39;r.</strong></span> <span class='ocrx_word' id='word_1_231' title='bbox 656 3263 780 3301; x_wconf 85' lang='lat' dir='ltr'><strong>xxr.</strong></span> <span class='ocrx_word' id='word_1_232' title='bbox 801 3266 936 3302; x_wconf 80' lang='lat' dir='ltr'><strong>auno</strong></span> <span class='ocrx_word' id='word_1_233' title='bbox 958 3252 1023 3302; x_wconf 90' lang='lat' dir='ltr'><strong>U.</strong></span> <span class='ocrx_word' id='word_1_234' title='bbox 1043 3255 1104 3305; x_wconf 90' lang='lat' dir='ltr'><strong>C.</strong></span> <span class='ocrx_word' id='word_1_235' title='bbox 1126 3259 1241 3309; x_wconf 74' lang='lat'><strong>⁷52.</strong></span> <span class='ocrx_word' id='word_1_236' title='bbox 1287 3260 1393 3311; x_wconf 85' lang='lat' dir='ltr'><strong>Sed</strong></span> 
     </span>
     <span class='ocr_line' id='line_1_43' title="bbox 330 3326 1393 3395; baseline 0.011 -19"><span class='ocrx_word' id='word_1_237' title='bbox 330 3326 705 3378; x_wconf 80' lang='lat' dir='ltr'><strong>Mediobarbus</strong></span> <span class='ocrx_word' id='word_1_238' title='bbox 741 3337 932 3387; x_wconf 84' lang='lat' dir='ltr'><strong>tamen,</strong></span> <span class='ocrx_word' id='word_1_239' title='bbox 961 3333 1070 3395; x_wconf 87' lang='lat' dir='ltr'><strong>jam</strong></span> <span class='ocrx_word' id='word_1_240' title='bbox 1101 3333 1167 3384; x_wconf 85' lang='lat' dir='ltr'><strong>ad</strong></span> <span class='ocrx_word' id='word_1_241' title='bbox 1203 3350 1393 3388; x_wconf 87' lang='lat' dir='ltr'><strong>anunm</strong></span> 
     </span>
     <span class='ocr_line' id='line_1_44' title="bbox 328 3402 1396 3473; baseline 0.011 -21"><span class='ocrx_word' id='word_1_242' title='bbox 328 3402 391 3453; x_wconf 82' lang='lat' dir='ltr'><strong>U.</strong></span> <span class='ocrx_word' id='word_1_243' title='bbox 425 3405 492 3455; x_wconf 91' lang='lat' dir='ltr'><strong>C.</strong></span> <span class='ocrx_word' id='word_1_244' title='bbox 530 3408 647 3455; x_wconf 82' lang='grc'><strong>746.</strong></span> <span class='ocrx_word' id='word_1_245' title='bbox 684 3408 950 3457; x_wconf 75' lang='lat' dir='ltr'><strong>annotavit</strong></span> <span class='ocrx_word' id='word_1_246' title='bbox 983 3423 1266 3473; x_wconf 88' lang='lat' dir='ltr'><strong>nummum,</strong></span> <span class='ocrx_word' id='word_1_247' title='bbox 1294 3413 1396 3465; x_wconf 83' lang='lat' dir='ltr'><strong>hoc</strong></span> 
     </span>
     <span class='ocr_line' id='line_1_45' title="bbox 329 3480 1396 3543; baseline 0.012 -13"><span class='ocrx_word' id='word_1_248' title='bbox 329 3480 482 3532; x_wconf 87' lang='lat' dir='ltr'><strong>titulo</strong></span> <span class='ocrx_word' id='word_1_249' title='bbox 523 3482 811 3543; x_wconf 72' lang='lat' dir='ltr'><strong>signatumz</strong></span> <span class='ocrx_word' id='word_1_250' title='bbox 857 3495 1128 3536; x_wconf 69' lang='lat' dir='ltr'><strong>Avovsro.</strong></span> <span class='ocrx_word' id='word_1_251' title='bbox 1165 3500 1308 3540; x_wconf 83' lang='lat' dir='ltr'><strong>mvr.</strong></span> <span class='ocrx_word' id='word_1_252' title='bbox 1344 3505 1396 3543; x_wconf 76' lang='lat' dir='ltr'><strong>r.</strong></span> 
     </span>
    </p>
   </div>
   <div class='ocr_carea' id='block_1_7' title="bbox 234 3570 1398 3619">
    <p class='ocr_par' dir='ltr' id='par_1_8' title="bbox 234 3570 1398 3619">
     <span class='ocr_line' id='line_1_46' title="bbox 234 3570 1398 3619; baseline 0.012 -14"><span class='ocrx_word' id='word_1_253' title='bbox 234 3586 237 3591; x_wconf 92' lang='lat'><em>·</em></span> <span class='ocrx_word' id='word_1_254' title='bbox 329 3570 496 3609; x_wconf 68' lang='lat' dir='ltr'><strong>Pour-</strong></span> <span class='ocrx_word' id='word_1_255' title='bbox 515 3571 664 3609; x_wconf 73' lang='grc' dir='ltr'><strong>ΜΔΧ.</strong></span> <span class='ocrx_word' id='word_1_256' title='bbox 684 3573 774 3610; x_wconf 73' lang='lat' dir='ltr'><strong>nt.</strong></span> <span class='ocrx_word' id='word_1_257' title='bbox 797 3573 921 3612; x_wconf 60' lang='lat' dir='ltr'><strong>Por.</strong></span> <span class='ocrx_word' id='word_1_258' title='bbox 945 3575 1069 3613; x_wconf 73' lang='lat' dir='ltr'><strong>XVI·</strong></span> <span class='ocrx_word' id='word_1_259' title='bbox 1091 3578 1216 3616; x_wconf 70' lang='lat' dir='ltr'><strong>tur.</strong></span> <span class='ocrx_word' id='word_1_260' title='bbox 1241 3579 1398 3619; x_wconf 82' lang='lat' dir='ltr'><strong>xun.</strong></span> 
     </span>
    </p>
   </div>
   <div class='ocr_carea' id='block_1_8' title="bbox 330 3646 1403 4399">
    <p class='ocr_par' dir='ltr' id='par_1_9' title="bbox 330 3646 1403 4399">
     <span class='ocr_line' id='line_1_47' title="bbox 330 3646 1397 3698; baseline 0.01 -13"><span class='ocrx_word' id='word_1_261' title='bbox 330 3646 445 3687; x_wconf 86' lang='lat' dir='ltr'><strong>cos.</strong></span> <span class='ocrx_word' id='word_1_262' title='bbox 467 3648 554 3686; x_wconf 68' lang='grc' dir='ltr'><strong>ιι.</strong></span> <span class='ocrx_word' id='word_1_263' title='bbox 580 3650 773 3688; x_wconf 62' lang='lat' dir='ltr'><strong>Pam-111.</strong></span> <span class='ocrx_word' id='word_1_264' title='bbox 796 3651 1037 3690; x_wconf 63' lang='lat' dir='ltr'><strong>turmas.</strong></span> <span class='ocrx_word' id='word_1_265' title='bbox 1060 3654 1102 3691; x_wconf 86' lang='lat' dir='ltr'><strong>s.</strong></span> <span class='ocrx_word' id='word_1_266' title='bbox 1126 3657 1176 3694; x_wconf 77' lang='lat' dir='ltr'><strong>P.</strong></span> <span class='ocrx_word' id='word_1_267' title='bbox 1200 3656 1256 3698; x_wconf 77' lang='lat' dir='ltr'><strong>Q.</strong></span> <span class='ocrx_word' id='word_1_268' title='bbox 1274 3659 1329 3697; x_wconf 77' lang='grc' dir='ltr'><strong>ιι.</strong></span> <span class='ocrx_word' id='word_1_269' title='bbox 1356 3661 1397 3698; x_wconf 88' lang='lat' dir='ltr'><strong>s.</strong></span> 
     </span>
     <span class='ocr_line' id='line_1_48' title="bbox 333 3713 1397 3783; baseline 0.011 -21"><span class='ocrx_word' id='word_1_270' title='bbox 333 3723 380 3762; x_wconf 84' lang='lat' dir='ltr'><strong>c.</strong></span> <span class='ocrx_word' id='word_1_271' title='bbox 442 3713 716 3763; x_wconf 79' lang='lat' dir='ltr'><strong>Tiberium</strong></span> <span class='ocrx_word' id='word_1_272' title='bbox 743 3729 866 3764; x_wconf 83' lang='lat' dir='ltr'><strong>vero</strong></span> <span class='ocrx_word' id='word_1_273' title='bbox 895 3717 994 3765; x_wconf 88' lang='lat' dir='ltr'><strong>hoc</strong></span> <span class='ocrx_word' id='word_1_274' title='bbox 1023 3733 1308 3783; x_wconf 76' lang='lat' dir='ltr'><strong>cognomen</strong></span> <span class='ocrx_word' id='word_1_275' title='bbox 1332 3724 1397 3774; x_wconf 88' lang='lat' dir='ltr'><strong>ab</strong></span> 
     </span>
     <span class='ocr_line' id='line_1_49' title="bbox 333 3783 1397 3859; baseline 0.011 -21"><span class='ocrx_word' id='word_1_276' title='bbox 333 3783 480 3839; x_wconf 84' lang='lat' dir='ltr'><strong>initio</strong></span> <span class='ocrx_word' id='word_1_277' title='bbox 524 3791 730 3854; x_wconf 84' lang='lat' dir='ltr'><strong>imperii</strong></span> <span class='ocrx_word' id='word_1_278' title='bbox 774 3800 1077 3844; x_wconf 77' lang='lat' dir='ltr'><strong>constanter</strong></span> <span class='ocrx_word' id='word_1_279' title='bbox 1116 3811 1397 3859; x_wconf 76' lang='lat' dir='ltr'><strong>recusasse,</strong></span> 
     </span>
     <span class='ocr_line' id='line_1_50' title="bbox 335 3865 1400 3940; baseline 0.012 -26"><span class='ocrx_word' id='word_1_280' title='bbox 335 3865 546 3915; x_wconf 83' lang='lat' dir='ltr'><strong>tradunt</strong></span> <span class='ocrx_word' id='word_1_281' title='bbox 563 3866 780 3916; x_wconf 83' lang='lat' dir='ltr'><strong>Sueten.</strong></span> <span class='ocrx_word' id='word_1_282' title='bbox 800 3867 852 3917; x_wconf 94' lang='lat' dir='ltr'><strong>in</strong></span> <span class='ocrx_word' id='word_1_283' title='bbox 874 3867 986 3932; x_wconf 88' lang='lat' dir='ltr'><strong>ejus</strong></span> <span class='ocrx_word' id='word_1_284' title='bbox 1012 3871 1151 3929; x_wconf 83' lang='lat' dir='ltr'><strong>Vita,</strong></span> <span class='ocrx_word' id='word_1_285' title='bbox 1175 3886 1293 3940; x_wconf 87' lang='lat' dir='ltr'><strong>cap.</strong></span> <span class='ocrx_word' id='word_1_286' title='bbox 1317 3880 1400 3927; x_wconf 79' lang='lat'><strong>26.</strong></span> 
     </span>
     <span class='ocr_line' id='line_1_51' title="bbox 336 3940 1402 4013; baseline 0.01 -22"><span class='ocrx_word' id='word_1_287' title='bbox 336 3946 390 3991; x_wconf 93' lang='lat' dir='ltr'><strong>et</strong></span> <span class='ocrx_word' id='word_1_288' title='bbox 412 3945 498 3992; x_wconf 77' lang='lat'><strong>27.</strong></span> <span class='ocrx_word' id='word_1_289' title='bbox 530 3948 586 3991; x_wconf 91' lang='lat' dir='ltr'><strong>et</strong></span> <span class='ocrx_word' id='word_1_290' title='bbox 621 3940 727 3990; x_wconf 88' lang='lat' dir='ltr'><strong>Dio</strong></span> <span class='ocrx_word' id='word_1_291' title='bbox 751 3941 897 3992; x_wconf 86' lang='lat' dir='ltr'><strong>Cass.</strong></span> <span class='ocrx_word' id='word_1_292' title='bbox 931 3944 1018 3994; x_wconf 89' lang='lat' dir='ltr'><strong>lib.</strong></span> <span class='ocrx_word' id='word_1_293' title='bbox 1042 3958 1180 3998; x_wconf 67' lang='lat' dir='ltr'><strong>nvn.</strong></span> <span class='ocrx_word' id='word_1_294' title='bbox 1215 3965 1264 4013; x_wconf 90' lang='lat' dir='ltr'><strong>p.</strong></span> <span class='ocrx_word' id='word_1_295' title='bbox 1285 3955 1402 4002; x_wconf 86' lang='grc'><strong>607.</strong></span> 
     </span>
     <span class='ocr_line' id='line_1_52' title="bbox 336 4018 1399 4090; baseline 0.001 -22"><span class='ocrx_word' id='word_1_296' title='bbox 336 4033 435 4084; x_wconf 89' lang='lat' dir='ltr'><strong>qno</strong></span> <span class='ocrx_word' id='word_1_297' title='bbox 458 4018 612 4070; x_wconf 88' lang='lat' dir='ltr'><strong>titulo</strong></span> <span class='ocrx_word' id='word_1_298' title='bbox 633 4024 690 4068; x_wconf 93' lang='lat' dir='ltr'><strong>et</strong></span> <span class='ocrx_word' id='word_1_299' title='bbox 711 4020 904 4070; x_wconf 89' lang='lat' dir='ltr'><strong>nummi</strong></span> <span class='ocrx_word' id='word_1_300' title='bbox 921 4021 1150 4085; x_wconf 87' lang='lat' dir='ltr'><strong>ejusdem</strong></span> <span class='ocrx_word' id='word_1_301' title='bbox 1177 4025 1399 4090; x_wconf 68' lang='lat' dir='ltr'><strong>impera.</strong></span> 
     </span>
     <span class='ocr_line' id='line_1_53' title="bbox 338 4095 1397 4160; baseline 0.01 -17"><span class='ocrx_word' id='word_1_302' title='bbox 338 4096 461 4146; x_wconf 88' lang='lat' dir='ltr'><strong>toris</strong></span> <span class='ocrx_word' id='word_1_303' title='bbox 505 4102 713 4146; x_wconf 85' lang='lat' dir='ltr'><strong>carent.</strong></span> <span class='ocrx_word' id='word_1_304' title='bbox 780 4095 986 4160; x_wconf 87' lang='lat' dir='ltr'><strong>Rejecit</strong></span> <span class='ocrx_word' id='word_1_305' title='bbox 1030 4098 1166 4149; x_wconf 89' lang='lat' dir='ltr'><strong>idem</strong></span> <span class='ocrx_word' id='word_1_306' title='bbox 1211 4116 1397 4154; x_wconf 89' lang='lat' dir='ltr'><strong>nomen</strong></span> 
     </span>
     <span class='ocr_line' id='line_1_54' title="bbox 339 4168 1397 4238; baseline 0.013 -20"><span class='ocrx_word' id='word_1_307' title='bbox 339 4168 431 4220; x_wconf 87' lang='lat' dir='ltr'><strong>sub</strong></span> <span class='ocrx_word' id='word_1_308' title='bbox 461 4170 669 4221; x_wconf 88' lang='lat' dir='ltr'><strong>initium</strong></span> <span class='ocrx_word' id='word_1_309' title='bbox 705 4171 872 4237; x_wconf 87' lang='lat' dir='ltr'><strong>Nero,</strong></span> <span class='ocrx_word' id='word_1_310' title='bbox 901 4179 1120 4238; x_wconf 84' lang='lat' dir='ltr'><strong>propter</strong></span> <span class='ocrx_word' id='word_1_311' title='bbox 1151 4183 1397 4232; x_wconf 81' lang='lat' dir='ltr'><strong>aetatem:</strong></span> 
     </span>
     <span class='ocr_line' id='line_1_55' title="bbox 339 4253 1403 4319; baseline 0.01 -23"><span class='ocrx_word' id='word_1_312' title='bbox 339 4255 574 4297; x_wconf 80' lang='lat' dir='ltr'><strong>nummos</strong></span> <span class='ocrx_word' id='word_1_313' title='bbox 653 4253 831 4319; x_wconf 71' lang='lat' dir='ltr'><strong>tameq</strong></span> <span class='ocrx_word' id='word_1_314' title='bbox 898 4254 1100 4307; x_wconf 81' lang='lat' dir='ltr'><strong>extare,</strong></span> <span class='ocrx_word' id='word_1_315' title='bbox 1178 4261 1403 4307; x_wconf 84' lang='lat' dir='ltr'><strong>testatur</strong></span> 
     </span>
     <span class='ocr_line' id='line_1_56' title="bbox 339 4320 1401 4399; baseline 0.009 -27"><span class='ocrx_word' id='word_1_316' title='bbox 339 4320 698 4387; x_wconf 83' lang='lat' dir='ltr'><strong>Spsnhemins,</strong></span> <span class='ocrx_word' id='word_1_317' title='bbox 727 4323 818 4390; x_wconf 88' lang='lat' dir='ltr'><strong>qui</strong></span> <span class='ocrx_word' id='word_1_318' title='bbox 853 4322 1105 4385; x_wconf 84' lang='lat' dir='ltr'><strong>indicent,</strong></span> <span class='ocrx_word' id='word_1_319' title='bbox 1140 4343 1257 4383; x_wconf 83' lang='lat' dir='ltr'><strong>eum</strong></span> <span class='ocrx_word' id='word_1_320' title='bbox 1287 4333 1401 4399; x_wconf 81' lang='lat' dir='ltr'><strong>jam</strong></span> 
     </span>
    </p>
   </div>
   <div class='ocr_carea' id='block_1_9' title="bbox 1455 922 2540 4395">
    <p class='ocr_par' dir='ltr' id='par_1_10' title="bbox 1455 922 2530 2371">
     <span class='ocr_line' id='line_1_57' title="bbox 1455 922 2519 993; baseline 0.002 -15"><span class='ocrx_word' id='word_1_321' title='bbox 1455 940 1589 978; x_wconf 73' lang='lat' dir='ltr'><strong>vm.</strong></span> <span class='ocrx_word' id='word_1_322' title='bbox 1611 927 1819 976; x_wconf 90' lang='lat' dir='ltr'><strong>demum</strong></span> <span class='ocrx_word' id='word_1_323' title='bbox 1844 922 2029 978; x_wconf 82' lang='lat' dir='ltr'><strong>nomen</strong></span> <span class='ocrx_word' id='word_1_324' title='bbox 2054 929 2070 957; x_wconf 87' lang='lat'>‘</span> <span class='ocrx_word' id='word_1_325' title='bbox 2095 927 2271 978; x_wconf 90' lang='lat' dir='ltr'><strong>Patris</strong></span> <span class='ocrx_word' id='word_1_326' title='bbox 2298 931 2486 993; x_wconf 74' lang='lat' dir='ltr'><strong>patriae</strong></span> <span class='ocrx_word' id='word_1_327' title='bbox 2504 929 2519 951; x_wconf 79' lang='lat'><strong><em>⁹</em></strong></span> 
     </span>
     <span class='ocr_line' id='line_1_58' title="bbox 1455 1004 2520 1072; baseline 0.003 -18"><span class='ocrx_word' id='word_1_328' title='bbox 1455 1006 1508 1055; x_wconf 89' lang='lat' dir='ltr'><strong>in</strong></span> <span class='ocrx_word' id='word_1_329' title='bbox 1536 1005 1757 1055; x_wconf 87' lang='lat' dir='ltr'><strong>nummis</strong></span> <span class='ocrx_word' id='word_1_330' title='bbox 1781 1004 1936 1070; x_wconf 73' lang='lat' dir='ltr'><strong>gerit.</strong></span> <span class='ocrx_word' id='word_1_331' title='bbox 2004 1005 2137 1055; x_wconf 89' lang='lat' dir='ltr'><strong>Cum</strong></span> <span class='ocrx_word' id='word_1_332' title='bbox 2172 1005 2321 1063; x_wconf 83' lang='lat' dir='ltr'><strong>adeo,</strong></span> <span class='ocrx_word' id='word_1_333' title='bbox 2348 1021 2520 1072; x_wconf 85' lang='lat' dir='ltr'><strong>neque</strong></span> 
     </span>
     <span class='ocr_line' id='line_1_59' title="bbox 1456 1081 2523 1148; baseline 0.003 -16"><span class='ocrx_word' id='word_1_334' title='bbox 1456 1095 1525 1132; x_wconf 83' lang='lat' dir='ltr'><strong>ex</strong></span> <span class='ocrx_word' id='word_1_335' title='bbox 1543 1081 1781 1147; x_wconf 80' lang='lat' dir='ltr'><strong>historia,</strong></span> <span class='ocrx_word' id='word_1_336' title='bbox 1813 1096 1983 1148; x_wconf 87' lang='lat' dir='ltr'><strong>neque</strong></span> <span class='ocrx_word' id='word_1_337' title='bbox 2013 1097 2079 1133; x_wconf 84' lang='lat' dir='ltr'><strong>ex</strong></span> <span class='ocrx_word' id='word_1_338' title='bbox 2114 1085 2352 1148; x_wconf 89' lang='lat' dir='ltr'><strong>nummis,</strong></span> <span class='ocrx_word' id='word_1_339' title='bbox 2381 1085 2523 1135; x_wconf 86' lang='lat' dir='ltr'><strong>aliis·</strong></span> 
     </span>
     <span class='ocr_line' id='line_1_60' title="bbox 1456 1158 2524 1225; baseline 0.005 -18"><span class='ocrx_word' id='word_1_340' title='bbox 1456 1173 1560 1223; x_wconf 90' lang='lat' dir='ltr'><strong>qne</strong></span> <span class='ocrx_word' id='word_1_341' title='bbox 1580 1159 1929 1222; x_wconf 88' lang='lat' dir='ltr'><strong>monimentis,</strong></span> <span class='ocrx_word' id='word_1_342' title='bbox 1942 1158 2110 1209; x_wconf 84' lang='lat' dir='ltr'><strong>adhuc</strong></span> <span class='ocrx_word' id='word_1_343' title='bbox 2129 1159 2346 1225; x_wconf 87' lang='lat' dir='ltr'><strong>liqueat,</strong></span> <span class='ocrx_word' id='word_1_344' title='bbox 2362 1175 2524 1225; x_wconf 89' lang='lat' dir='ltr'><strong>quen·</strong></span> 
     </span>
     <span class='ocr_line' id='line_1_61' title="bbox 1456 1236 2521 1302; baseline 0.001 -16"><span class='ocrx_word' id='word_1_345' title='bbox 1456 1237 1575 1287; x_wconf 87' lang='lat' dir='ltr'><strong>dam</strong></span> <span class='ocrx_word' id='word_1_346' title='bbox 1621 1244 1746 1287; x_wconf 83' lang='lat' dir='ltr'><strong>aute</strong></span> <span class='ocrx_word' id='word_1_347' title='bbox 1786 1236 2087 1302; x_wconf 84' lang='lat' dir='ltr'><strong>Trajanum,</strong></span> <span class='ocrx_word' id='word_1_348' title='bbox 2130 1237 2298 1302; x_wconf 87' lang='lat' dir='ltr'><strong>primo</strong></span> <span class='ocrx_word' id='word_1_349' title='bbox 2343 1239 2521 1288; x_wconf 77' lang='lat' dir='ltr'><strong>statim</strong></span> 
     </span>
     <span class='ocr_line' id='line_1_62' title="bbox 1459 1313 2524 1378; baseline 0.001 -15"><span class='ocrx_word' id='word_1_350' title='bbox 1459 1313 1784 1378; x_wconf 83' lang='lat' dir='ltr'><strong>principatus</strong></span> <span class='ocrx_word' id='word_1_351' title='bbox 1823 1314 1927 1378; x_wconf 89' lang='lat' dir='ltr'><strong>die,</strong></span> <span class='ocrx_word' id='word_1_352' title='bbox 1961 1315 2099 1366; x_wconf 87' lang='lat' dir='ltr'><strong>hunc</strong></span> <span class='ocrx_word' id='word_1_353' title='bbox 2130 1315 2340 1365; x_wconf 90' lang='lat' dir='ltr'><strong>titulum</strong></span> <span class='ocrx_word' id='word_1_354' title='bbox 2376 1315 2524 1364; x_wconf 79' lang='lat' dir='ltr'><strong>invo-</strong></span> 
     </span>
     <span class='ocr_line' id='line_1_63' title="bbox 1457 1392 2524 1456; baseline 0.002 -14"><span class='ocrx_word' id='word_1_355' title='bbox 1457 1393 1628 1455; x_wconf 77' lang='lat' dir='ltr'><strong>lasse3</strong></span> <span class='ocrx_word' id='word_1_356' title='bbox 1665 1392 1867 1442; x_wconf 84' lang='lat' dir='ltr'><strong>Plinius</strong></span> <span class='ocrx_word' id='word_1_357' title='bbox 1896 1400 2092 1454; x_wconf 89' lang='lat' dir='ltr'><strong>noster,</strong></span> <span class='ocrx_word' id='word_1_358' title='bbox 2115 1392 2179 1443; x_wconf 76' lang='lat' dir='ltr'><strong>ad</strong></span> <span class='ocrx_word' id='word_1_359' title='bbox 2202 1406 2524 1456; x_wconf 77' lang='lat' dir='ltr'><strong>exaggeran-</strong></span> 
     </span>
     <span class='ocr_line' id='line_1_64' title="bbox 1459 1469 2524 1533; baseline 0.004 -16"><span class='ocrx_word' id='word_1_360' title='bbox 1459 1470 1579 1519; x_wconf 82' lang='lat' dir='ltr'><strong>dam</strong></span> <span class='ocrx_word' id='word_1_361' title='bbox 1605 1469 1851 1533; x_wconf 89' lang='lat' dir='ltr'><strong>principis</strong></span> <span class='ocrx_word' id='word_1_362' title='bbox 1884 1471 1961 1519; x_wconf 92' lang='lat' dir='ltr'><strong>sui</strong></span> <span class='ocrx_word' id='word_1_363' title='bbox 1987 1469 2211 1528; x_wconf 88' lang='lat' dir='ltr'><strong>laudem,</strong></span> <span class='ocrx_word' id='word_1_364' title='bbox 2234 1472 2384 1520; x_wconf 91' lang='lat' dir='ltr'><strong>nimis</strong></span> <span class='ocrx_word' id='word_1_365' title='bbox 2403 1486 2524 1521; x_wconf 83' lang='lat' dir='ltr'><strong>ora·</strong></span> 
     </span>
     <span class='ocr_line' id='line_1_65' title="bbox 1460 1545 2525 1611; baseline 0.001 -15"><span class='ocrx_word' id='word_1_366' title='bbox 1460 1545 1597 1596; x_wconf 86' lang='lat' dir='ltr'><strong>torie</strong></span> <span class='ocrx_word' id='word_1_367' title='bbox 1631 1546 1717 1595; x_wconf 86' lang='lat' dir='ltr'><strong>bic</strong></span> <span class='ocrx_word' id='word_1_368' title='bbox 1742 1546 1881 1611; x_wconf 87' lang='lat' dir='ltr'><strong>loqui</strong></span> <span class='ocrx_word' id='word_1_369' title='bbox 1901 1546 2129 1597; x_wconf 75' lang='lat' dir='ltr'><strong>videtur.</strong></span> <span class='ocrx_word' id='word_1_370' title='bbox 2198 1547 2328 1596; x_wconf 85' lang='lat' dir='ltr'><strong>Vide</strong></span> <span class='ocrx_word' id='word_1_371' title='bbox 2361 1547 2525 1598; x_wconf 84' lang='lat' dir='ltr'><strong>omni·</strong></span> 
     </span>
     <span class='ocr_line' id='line_1_66' title="bbox 1460 1623 2525 1687; baseline 0.001 -14"><span class='ocrx_word' id='word_1_372' title='bbox 1460 1638 1530 1673; x_wconf 87' lang='lat' dir='ltr'><strong>no</strong></span> <span class='ocrx_word' id='word_1_373' title='bbox 1562 1623 1629 1674; x_wconf 85' lang='lat' dir='ltr'><strong>de</strong></span> <span class='ocrx_word' id='word_1_374' title='bbox 1666 1624 1766 1674; x_wconf 85' lang='lat' dir='ltr'><strong>boc</strong></span> <span class='ocrx_word' id='word_1_375' title='bbox 1802 1632 2110 1687; x_wconf 84' lang='lat' dir='ltr'><strong>argumento</strong></span> <span class='ocrx_word' id='word_1_376' title='bbox 2145 1623 2423 1687; x_wconf 84' lang='lat' dir='ltr'><strong>Spanhem.</strong></span> <span class='ocrx_word' id='word_1_377' title='bbox 2455 1625 2525 1674; x_wconf 90' lang='lat' dir='ltr'><strong>de</strong></span> 
     </span>
     <span class='ocr_line' id='line_1_67' title="bbox 1460 1701 2525 1753; baseline 0.001 -1"><span class='ocrx_word' id='word_1_378' title='bbox 1460 1701 1783 1752; x_wconf 67' lang='lat' dir='ltr'><strong>Prae-stantia</strong></span> <span class='ocrx_word' id='word_1_379' title='bbox 1825 1708 1882 1751; x_wconf 89' lang='lat' dir='ltr'><strong>et</strong></span> <span class='ocrx_word' id='word_1_380' title='bbox 1931 1701 2042 1751; x_wconf 89' lang='lat' dir='ltr'><strong>Usu</strong></span> <span class='ocrx_word' id='word_1_381' title='bbox 2100 1701 2354 1752; x_wconf 87' lang='lat' dir='ltr'><strong>Numism.</strong></span> <span class='ocrx_word' id='word_1_382' title='bbox 2398 1702 2525 1753; x_wconf 88' lang='lat' dir='ltr'><strong>Vet.</strong></span> 
     </span>
     <span class='ocr_line' id='line_1_68' title="bbox 1462 1778 2525 1844; baseline -0.002 -14"><span class='ocrx_word' id='word_1_383' title='bbox 1462 1787 1589 1830; x_wconf 87' lang='lat' dir='ltr'><strong>tom.</strong></span> <span class='ocrx_word' id='word_1_384' title='bbox 1616 1791 1679 1830; x_wconf 85' lang='grc' dir='ltr'><strong>ιι.</strong></span> <span class='ocrx_word' id='word_1_385' title='bbox 1709 1792 1830 1843; x_wconf 73' lang='lat' dir='ltr'><strong>pag.</strong></span> <span class='ocrx_word' id='word_1_386' title='bbox 1850 1781 1968 1828; x_wconf 79' lang='grc'><strong>456.</strong></span> <span class='ocrx_word' id='word_1_387' title='bbox 1990 1791 2136 1844; x_wconf 86' lang='lat' dir='ltr'><strong>seqq.</strong></span> <span class='ocrx_word' id='word_1_388' title='bbox 2164 1778 2253 1828; x_wconf 89' lang='lat' dir='ltr'><strong>ubi</strong></span> <span class='ocrx_word' id='word_1_389' title='bbox 2277 1778 2412 1827; x_wconf 76' lang='lat' dir='ltr'><strong>idem</strong></span> <span class='ocrx_word' id='word_1_390' title='bbox 2437 1778 2525 1828; x_wconf 89' lang='lat' dir='ltr'><strong>do·</strong></span> 
     </span>
     <span class='ocr_line' id='line_1_69' title="bbox 1461 1855 2527 1921; baseline -0.001 -15"><span class='ocrx_word' id='word_1_391' title='bbox 1461 1864 1568 1914; x_wconf 87' lang='lat' dir='ltr'><strong>cet,</strong></span> <span class='ocrx_word' id='word_1_392' title='bbox 1590 1857 1815 1921; x_wconf 73' lang='lat' dir='ltr'><strong>Trojano</strong></span> <span class='ocrx_word' id='word_1_393' title='bbox 1839 1862 1986 1907; x_wconf 83' lang='lat' dir='ltr'><strong>certe</strong></span> <span class='ocrx_word' id='word_1_394' title='bbox 2010 1856 2175 1906; x_wconf 89' lang='lat' dir='ltr'><strong>altero</strong></span> <span class='ocrx_word' id='word_1_395' title='bbox 2197 1855 2401 1919; x_wconf 88' lang='lat' dir='ltr'><strong>imperii</strong></span> <span class='ocrx_word' id='word_1_396' title='bbox 2436 1870 2527 1905; x_wconf 85' lang='lat' dir='ltr'><strong>an·</strong></span> 
     </span>
     <span class='ocr_line' id='line_1_70' title="bbox 1460 1933 2528 1998; baseline 0 -16"><span class='ocrx_word' id='word_1_397' title='bbox 1460 1947 1529 1982; x_wconf 87' lang='lat' dir='ltr'><strong>no</strong></span> <span class='ocrx_word' id='word_1_398' title='bbox 1567 1935 1740 1998; x_wconf 88' lang='lat' dir='ltr'><strong>plures</strong></span> <span class='ocrx_word' id='word_1_399' title='bbox 1776 1947 2012 1982; x_wconf 86' lang='lat' dir='ltr'><strong>nummos</strong></span> <span class='ocrx_word' id='word_1_400' title='bbox 2051 1933 2347 1993; x_wconf 82' lang='lat' dir='ltr'><strong>Romanos3</strong></span> <span class='ocrx_word' id='word_1_401' title='bbox 2391 1946 2528 1982; x_wconf 91' lang='lat' dir='ltr'><strong>anno</strong></span> 
     </span>
     <span class='ocr_line' id='line_1_71' title="bbox 1462 2011 2527 2075; baseline -0.001 -14"><span class='ocrx_word' id='word_1_402' title='bbox 1462 2018 1638 2061; x_wconf 83' lang='lat' dir='ltr'><strong>autem</strong></span> <span class='ocrx_word' id='word_1_403' title='bbox 1682 2011 1864 2071; x_wconf 83' lang='lat' dir='ltr'><strong>tertio,</strong></span> <span class='ocrx_word' id='word_1_404' title='bbox 1897 2023 2083 2075; x_wconf 80' lang='lat' dir='ltr'><strong>nempe</strong></span> <span class='ocrx_word' id='word_1_405' title='bbox 2113 2024 2272 2061; x_wconf 71' lang='lat' dir='ltr'><strong>uun.</strong></span> <span class='ocrx_word' id='word_1_406' title='bbox 2306 2022 2432 2061; x_wconf 63' lang='grc' dir='ltr'><strong>νοτ.</strong></span> <span class='ocrx_word' id='word_1_407' title='bbox 2462 2024 2527 2060; x_wconf 77' lang='grc' dir='ltr'><strong>ιι.</strong></span> 
     </span>
     <span class='ocr_line' id='line_1_72' title="bbox 1461 2087 2530 2151; baseline -0.003 -12"><span class='ocrx_word' id='word_1_408' title='bbox 1461 2101 1579 2139; x_wconf 89' lang='lat' dir='ltr'><strong>cos.</strong></span> <span class='ocrx_word' id='word_1_409' title='bbox 1614 2101 1705 2138; x_wconf 83' lang='lat'><strong>111.</strong></span> <span class='ocrx_word' id='word_1_410' title='bbox 1738 2100 1791 2140; x_wconf 72' lang='grc' dir='ltr'><strong>ι».</strong></span> <span class='ocrx_word' id='word_1_411' title='bbox 1817 2100 1869 2139; x_wconf 72' lang='grc' dir='ltr'><strong>ι».</strong></span> <span class='ocrx_word' id='word_1_412' title='bbox 1892 2100 1987 2138; x_wconf 70' lang='lat' dir='ltr'><strong>nx.</strong></span> <span class='ocrx_word' id='word_1_413' title='bbox 2021 2101 2098 2139; x_wconf 88' lang='lat' dir='ltr'><strong>sc.</strong></span> <span class='ocrx_word' id='word_1_414' title='bbox 2128 2095 2360 2138; x_wconf 79' lang='lat' dir='ltr'><strong>veterem</strong></span> <span class='ocrx_word' id='word_1_415' title='bbox 2396 2087 2530 2151; x_wconf 76' lang='lat' dir='ltr'><strong>lapi·</strong></span> 
     </span>
     <span class='ocr_line' id='line_1_73' title="bbox 1463 2163 2525 2226; baseline 0 -12"><span class='ocrx_word' id='word_1_416' title='bbox 1463 2163 1604 2222; x_wconf 89' lang='lat' dir='ltr'><strong>dem,</strong></span> <span class='ocrx_word' id='word_1_417' title='bbox 1626 2165 1675 2214; x_wconf 90' lang='lat' dir='ltr'><strong>in</strong></span> <span class='ocrx_word' id='word_1_418' title='bbox 1693 2165 1909 2216; x_wconf 85' lang='lat' dir='ltr'><strong>Gruteri</strong></span> <span class='ocrx_word' id='word_1_419' title='bbox 1932 2165 2215 2226; x_wconf 72' lang='lat' dir='ltr'><strong>Thesauro,</strong></span> <span class='ocrx_word' id='word_1_420' title='bbox 2231 2177 2451 2215; x_wconf 72' lang='lat' dir='ltr'><strong>ccxnvr.</strong></span> <span class='ocrx_word' id='word_1_421' title='bbox 2474 2168 2525 2214; x_wconf 72' lang='grc'><strong>6.</strong></span> 
     </span>
     <span class='ocr_line' id='line_1_74' title="bbox 1461 2241 2530 2308; baseline 0 -15"><span class='ocrx_word' id='word_1_422' title='bbox 1461 2243 1601 2293; x_wconf 78' lang='lat' dir='ltr'><strong>huuc</strong></span> <span class='ocrx_word' id='word_1_423' title='bbox 1624 2245 1640 2273; x_wconf 88' lang='lat'>‘</span> <span class='ocrx_word' id='word_1_424' title='bbox 1660 2243 1835 2294; x_wconf 89' lang='lat' dir='ltr'><strong>Patris</strong></span> <span class='ocrx_word' id='word_1_425' title='bbox 1856 2243 2044 2308; x_wconf 75' lang='lat' dir='ltr'><strong>patriae</strong></span> <span class='ocrx_word' id='word_1_426' title='bbox 2061 2241 2079 2266; x_wconf 87' lang='lat'>&#39;</span> <span class='ocrx_word' id='word_1_427' title='bbox 2097 2243 2305 2294; x_wconf 88' lang='lat' dir='ltr'><strong>titulum</strong></span> <span class='ocrx_word' id='word_1_428' title='bbox 2332 2242 2530 2293; x_wconf 84' lang='lat' dir='ltr'><strong>tribue-</strong></span> 
     </span>
     <span class='ocr_line' id='line_1_75' title="bbox 1466 2320 1820 2371; baseline 0.006 -2"><span class='ocrx_word' id='word_1_429' title='bbox 1466 2333 1542 2369; x_wconf 89' lang='lat' dir='ltr'><strong>re.</strong></span> <span class='ocrx_word' id='word_1_430' title='bbox 1575 2320 1820 2371; x_wconf 71' lang='lat' dir='ltr'><strong>Schwen-</strong></span> 
     </span>
    </p>

    <p class='ocr_par' dir='ltr' id='par_1_11' title="bbox 1465 2394 2528 2539">
     <span class='ocr_line' id='line_1_76' title="bbox 1538 2394 2528 2462; baseline -0.002 -15"><span class='ocrx_word' id='word_1_431' title='bbox 1538 2396 1606 2447; x_wconf 86' lang='lat' dir='ltr'><strong>Ut</strong></span> <span class='ocrx_word' id='word_1_432' title='bbox 1639 2395 1970 2462; x_wconf 73' lang='lat' dir='ltr'><strong>imperator-is]</strong></span> <span class='ocrx_word' id='word_1_433' title='bbox 2010 2396 2321 2460; x_wconf 76' lang='lat' dir='ltr'><strong>Imperatoris</strong></span> <span class='ocrx_word' id='word_1_434' title='bbox 2356 2394 2528 2446; x_wconf 79' lang='lat' dir='ltr'><strong>Liviu.</strong></span> 
     </span>
     <span class='ocr_line' id='line_1_77' title="bbox 1465 2473 2325 2539; baseline -0.001 -15"><span class='ocrx_word' id='word_1_435' title='bbox 1465 2474 1557 2525; x_wconf 85' lang='lat' dir='ltr'><strong>sed</strong></span> <span class='ocrx_word' id='word_1_436' title='bbox 1578 2479 1634 2524; x_wconf 78' lang='lat' dir='ltr'><strong>stt</strong></span> <span class='ocrx_word' id='word_1_437' title='bbox 1652 2475 1952 2539; x_wconf 70' lang='lat' dir='ltr'><strong>imperatoris</strong></span> <span class='ocrx_word' id='word_1_438' title='bbox 1973 2474 2039 2524; x_wconf 82' lang='lat' dir='ltr'><strong>V.</strong></span> <span class='ocrx_word' id='word_1_439' title='bbox 2059 2474 2129 2524; x_wconf 80' lang='lat' dir='ltr'><strong>G.</strong></span> <span class='ocrx_word' id='word_1_440' title='bbox 2160 2473 2325 2524; x_wconf 76' lang='lat' dir='ltr'><strong>Livius.</strong></span> 
     </span>
    </p>

    <p class='ocr_par' dir='ltr' id='par_1_12' title="bbox 1465 2550 2540 4395">
     <span class='ocr_line' id='line_1_78' title="bbox 1534 2550 2531 2617; baseline 0 -15"><span class='ocrx_word' id='word_1_441' title='bbox 1534 2552 1851 2617; x_wconf 67' lang='lat' dir='ltr'><strong>Principum</strong></span> <span class='ocrx_word' id='word_1_442' title='bbox 1868 2552 1964 2610; x_wconf 80' lang='lat' dir='ltr'><strong>die,</strong></span> <span class='ocrx_word' id='word_1_443' title='bbox 1984 2556 2040 2602; x_wconf 78' lang='lat' dir='ltr'><strong>stt</strong></span> <span class='ocrx_word' id='word_1_444' title='bbox 2058 2550 2384 2616; x_wconf 67' lang='lat' dir='ltr'><strong>imperatoris]</strong></span> <span class='ocrx_word' id='word_1_445' title='bbox 2416 2551 2531 2602; x_wconf 74' lang='lat' dir='ltr'><strong>Eho</strong></span> 
     </span>
     <span class='ocr_line' id='line_1_79' title="bbox 1468 2629 2530 2694; baseline -0.002 -14"><span class='ocrx_word' id='word_1_446' title='bbox 1468 2629 1629 2693; x_wconf 91' lang='lat' dir='ltr'><strong>Plini,</strong></span> <span class='ocrx_word' id='word_1_447' title='bbox 1670 2630 1944 2694; x_wconf 78' lang='lat' dir='ltr'><strong>Trajanus,</strong></span> <span class='ocrx_word' id='word_1_448' title='bbox 1987 2637 2080 2679; x_wconf 86' lang='lat' dir='ltr'><strong>aut</strong></span> <span class='ocrx_word' id='word_1_449' title='bbox 2130 2630 2336 2679; x_wconf 89' lang='lat' dir='ltr'><strong>omnino</strong></span> <span class='ocrx_word' id='word_1_450' title='bbox 2388 2629 2530 2693; x_wconf 87' lang='lat' dir='ltr'><strong>quis-</strong></span> 
     </span>
     <span class='ocr_line' id='line_1_80' title="bbox 1468 2706 2530 2771; baseline -0.002 -16"><span class='ocrx_word' id='word_1_451' title='bbox 1468 2721 1622 2771; x_wconf 80' lang='lat' dir='ltr'><strong>quam</strong></span> <span class='ocrx_word' id='word_1_452' title='bbox 1654 2707 1996 2771; x_wconf 83' lang='lat' dir='ltr'><strong>Imperatoris</strong></span> <span class='ocrx_word' id='word_1_453' title='bbox 2017 2713 2074 2756; x_wconf 88' lang='lat' dir='ltr'><strong>et</strong></span> <span class='ocrx_word' id='word_1_454' title='bbox 2097 2706 2320 2756; x_wconf 76' lang='lat' dir='ltr'><strong>Caesaris</strong></span> <span class='ocrx_word' id='word_1_455' title='bbox 2343 2717 2530 2754; x_wconf 90' lang='lat' dir='ltr'><strong>nomen</strong></span> 
     </span>
     <span class='ocr_line' id='line_1_81' title="bbox 1469 2780 2532 2847; baseline -0.002 -15"><span class='ocrx_word' id='word_1_456' title='bbox 1469 2782 1714 2832; x_wconf 80' lang='lat' dir='ltr'><strong>distulit?</strong></span> <span class='ocrx_word' id='word_1_457' title='bbox 1749 2789 1839 2832; x_wconf 83' lang='lat' dir='ltr'><strong>sut</strong></span> <span class='ocrx_word' id='word_1_458' title='bbox 1873 2781 1964 2847; x_wconf 88' lang='lat' dir='ltr'><strong>qni</strong></span> <span class='ocrx_word' id='word_1_459' title='bbox 1996 2795 2086 2830; x_wconf 77' lang='lat' dir='ltr'><strong>eas</strong></span> <span class='ocrx_word' id='word_1_460' title='bbox 2117 2780 2532 2831; x_wconf 72' lang='lat' dir='ltr'><strong>nomenclatores</strong></span> 
     </span>
     <span class='ocr_line' id='line_1_82' title="bbox 1467 2857 2533 2923; baseline -0.003 -14"><span class='ocrx_word' id='word_1_461' title='bbox 1467 2860 1647 2909; x_wconf 80' lang='lat' dir='ltr'><strong>statim</strong></span> <span class='ocrx_word' id='word_1_462' title='bbox 1664 2865 1999 2923; x_wconf 89' lang='lat' dir='ltr'><strong>receperunt,</strong></span> <span class='ocrx_word' id='word_1_463' title='bbox 2015 2870 2294 2921; x_wconf 84' lang='lat' dir='ltr'><strong>usurpasse</strong></span> <span class='ocrx_word' id='word_1_464' title='bbox 2312 2871 2400 2907; x_wconf 88' lang='lat' dir='ltr'><strong>eos</strong></span> <span class='ocrx_word' id='word_1_465' title='bbox 2420 2857 2533 2907; x_wconf 82' lang='lat' dir='ltr'><strong>dix-</strong></span> 
     </span>
     <span class='ocr_line' id='line_1_83' title="bbox 1469 2933 2535 2998; baseline -0.003 -12"><span class='ocrx_word' id='word_1_466' title='bbox 1469 2937 1592 2998; x_wconf 86' lang='lat' dir='ltr'><strong>eris,</strong></span> <span class='ocrx_word' id='word_1_467' title='bbox 1612 2944 1666 2985; x_wconf 89' lang='lat' dir='ltr'><strong>et</strong></span> <span class='ocrx_word' id='word_1_468' title='bbox 1702 2934 1987 2985; x_wconf 81' lang='lat' dir='ltr'><strong>invasisse?</strong></span> <span class='ocrx_word' id='word_1_469' title='bbox 2020 2934 2184 2984; x_wconf 76' lang='lat' dir='ltr'><strong>Merae</strong></span> <span class='ocrx_word' id='word_1_470' title='bbox 2221 2949 2371 2998; x_wconf 76' lang='lat' dir='ltr'><strong>nugae</strong></span> <span class='ocrx_word' id='word_1_471' title='bbox 2394 2940 2449 2984; x_wconf 90' lang='lat' dir='ltr'><strong>et</strong></span> <span class='ocrx_word' id='word_1_472' title='bbox 2473 2933 2535 2983; x_wconf 89' lang='lat' dir='ltr'><strong>li·</strong></span> 
     </span>
     <span class='ocr_line' id='line_1_84' title="bbox 1468 3010 2537 3080; baseline -0.003 -17"><span class='ocrx_word' id='word_1_473' title='bbox 1468 3013 1626 3080; x_wconf 90' lang='lat' dir='ltr'><strong>quida</strong></span> <span class='ocrx_word' id='word_1_474' title='bbox 1657 3013 1934 3076; x_wconf 89' lang='lat' dir='ltr'><strong>scriptura,</strong></span> <span class='ocrx_word' id='word_1_475' title='bbox 1958 3026 2074 3077; x_wconf 74' lang='lat' dir='ltr'><strong>qnae</strong></span> <span class='ocrx_word' id='word_1_476' title='bbox 2100 3011 2153 3062; x_wconf 89' lang='lat' dir='ltr'><strong>in</strong></span> <span class='ocrx_word' id='word_1_477' title='bbox 2175 3010 2247 3061; x_wconf 83' lang='lat' dir='ltr'><strong>V.</strong></span> <span class='ocrx_word' id='word_1_478' title='bbox 2267 3011 2337 3061; x_wconf 81' lang='lat' dir='ltr'><strong>G.</strong></span> <span class='ocrx_word' id='word_1_479' title='bbox 2356 3010 2537 3074; x_wconf 72' lang='lat' dir='ltr'><strong>prinei·</strong></span> 
     </span>
     <span class='ocr_line' id='line_1_85' title="bbox 1465 3088 2535 3156; baseline -0.003 -15"><span class='ocrx_word' id='word_1_480' title='bbox 1465 3095 1608 3156; x_wconf 72' lang='lat' dir='ltr'><strong>potas</strong></span> <span class='ocrx_word' id='word_1_481' title='bbox 1625 3090 1722 3147; x_wconf 80' lang='lat' dir='ltr'><strong>die,</strong></span> <span class='ocrx_word' id='word_1_482' title='bbox 1743 3094 1799 3140; x_wconf 75' lang='lat' dir='ltr'><strong>ut</strong></span> <span class='ocrx_word' id='word_1_483' title='bbox 1819 3088 2121 3153; x_wconf 67' lang='lat' dir='ltr'><strong>inperatoris</strong></span> <span class='ocrx_word' id='word_1_484' title='bbox 2132 3103 2156 3150; x_wconf 82' lang='lat'><strong>‚⁰</strong></span> <span class='ocrx_word' id='word_1_485' title='bbox 2187 3103 2306 3139; x_wconf 86' lang='lat' dir='ltr'><strong>nam</strong></span> <span class='ocrx_word' id='word_1_486' title='bbox 2337 3088 2405 3139; x_wconf 89' lang='lat' dir='ltr'><strong>de</strong></span> <span class='ocrx_word' id='word_1_487' title='bbox 2429 3089 2535 3140; x_wconf 90' lang='lat' dir='ltr'><strong>Pa·</strong></span> 
     </span>
     <span class='ocr_line' id='line_1_86' title="bbox 1469 3165 2534 3232; baseline -0.001 -15"><span class='ocrx_word' id='word_1_488' title='bbox 1469 3167 1567 3218; x_wconf 85' lang='lat' dir='ltr'><strong>tris</strong></span> <span class='ocrx_word' id='word_1_489' title='bbox 1584 3167 1772 3232; x_wconf 80' lang='lat' dir='ltr'><strong>patriae</strong></span> <span class='ocrx_word' id='word_1_490' title='bbox 1797 3180 1967 3216; x_wconf 90' lang='lat' dir='ltr'><strong>sermo</strong></span> <span class='ocrx_word' id='word_1_491' title='bbox 1990 3173 2089 3223; x_wconf 86' lang='lat' dir='ltr'><strong>est,</strong></span> <span class='ocrx_word' id='word_1_492' title='bbox 2111 3180 2262 3230; x_wconf 89' lang='lat' dir='ltr'><strong>qnam</strong></span> <span class='ocrx_word' id='word_1_493' title='bbox 2282 3165 2534 3230; x_wconf 82' lang='lat' dir='ltr'><strong>Trajanus</strong></span> 
     </span>
     <span class='ocr_line' id='line_1_87' title="bbox 1467 3244 2538 3309; baseline -0.001 -15"><span class='ocrx_word' id='word_1_494' title='bbox 1467 3245 1704 3307; x_wconf 84' lang='lat' dir='ltr'><strong>distulit;</strong></span> <span class='ocrx_word' id='word_1_495' title='bbox 1738 3244 1919 3301; x_wconf 88' lang='lat' dir='ltr'><strong>ceteri,</strong></span> <span class='ocrx_word' id='word_1_496' title='bbox 1961 3245 2046 3309; x_wconf 89' lang='lat' dir='ltr'><strong>qni</strong></span> <span class='ocrx_word' id='word_1_497' title='bbox 2082 3245 2251 3294; x_wconf 90' lang='lat' dir='ltr'><strong>miuus</strong></span> <span class='ocrx_word' id='word_1_498' title='bbox 2296 3244 2538 3309; x_wconf 84' lang='lat' dir='ltr'><strong>modesti,</strong></span> 
     </span>
     <span class='ocr_line' id='line_1_88' title="bbox 1468 3321 2536 3386; baseline 0.001 -16"><span class='ocrx_word' id='word_1_499' title='bbox 1468 3336 1618 3386; x_wconf 62' lang='lat' dir='ltr'><strong>mque</strong></span> <span class='ocrx_word' id='word_1_500' title='bbox 1633 3336 1695 3371; x_wconf 85' lang='lat' dir='ltr'><strong>ac</strong></span> <span class='ocrx_word' id='word_1_501' title='bbox 1718 3322 1938 3372; x_wconf 78' lang='lat' dir='ltr'><strong>Caesaris</strong></span> <span class='ocrx_word' id='word_1_502' title='bbox 1957 3329 2013 3371; x_wconf 89' lang='lat' dir='ltr'><strong>et</strong></span> <span class='ocrx_word' id='word_1_503' title='bbox 2028 3321 2391 3386; x_wconf 84' lang='lat' dir='ltr'><strong>Imperatoris,</strong></span> <span class='ocrx_word' id='word_1_504' title='bbox 2414 3322 2536 3371; x_wconf 87' lang='lat' dir='ltr'><strong>ilico</strong></span> 
     </span>
     <span class='ocr_line' id='line_1_89' title="bbox 1469 3397 2536 3464; baseline 0 -15"><span class='ocrx_word' id='word_1_505' title='bbox 1469 3400 1803 3450; x_wconf 76' lang='lat' dir='ltr'><strong>invaserunt!</strong></span> <span class='ocrx_word' id='word_1_506' title='bbox 1836 3397 1941 3449; x_wconf 84' lang='lat' dir='ltr'><strong>Sed</strong></span> <span class='ocrx_word' id='word_1_507' title='bbox 1977 3398 2101 3464; x_wconf 88' lang='lat' dir='ltr'><strong>qnid</strong></span> <span class='ocrx_word' id='word_1_508' title='bbox 2136 3399 2279 3451; x_wconf 84' lang='lat' dir='ltr'><strong>Julio</strong></span> <span class='ocrx_word' id='word_1_509' title='bbox 2319 3398 2536 3463; x_wconf 86' lang='lat' dir='ltr'><strong>Capito-</strong></span> 
     </span>
     <span class='ocr_line' id='line_1_90' title="bbox 1469 3475 2537 3542; baseline -0.001 -16"><span class='ocrx_word' id='word_1_510' title='bbox 1469 3477 1580 3526; x_wconf 92' lang='lat' dir='ltr'><strong>lino</strong></span> <span class='ocrx_word' id='word_1_511' title='bbox 1624 3476 1900 3537; x_wconf 80' lang='lat' dir='ltr'><strong>faciemus,</strong></span> <span class='ocrx_word' id='word_1_512' title='bbox 1940 3476 2029 3542; x_wconf 89' lang='lat' dir='ltr'><strong>qui</strong></span> <span class='ocrx_word' id='word_1_513' title='bbox 2069 3475 2266 3526; x_wconf 90' lang='lat' dir='ltr'><strong>diserte</strong></span> <span class='ocrx_word' id='word_1_514' title='bbox 2311 3476 2537 3540; x_wconf 84' lang='lat' dir='ltr'><strong>primum</strong></span> 
     </span>
     <span class='ocr_line' id='line_1_91' title="bbox 1471 3551 2537 3615; baseline -0.003 -12"><span class='ocrx_word' id='word_1_515' title='bbox 1471 3554 1699 3603; x_wconf 91' lang='lat' dir='ltr'><strong>omnium</strong></span> <span class='ocrx_word' id='word_1_516' title='bbox 1737 3553 2071 3604; x_wconf 88' lang='lat' dir='ltr'><strong>Pertinacem</strong></span> <span class='ocrx_word' id='word_1_517' title='bbox 2101 3554 2175 3601; x_wconf 91' lang='lat' dir='ltr'><strong>ait</strong></span> <span class='ocrx_word' id='word_1_518' title='bbox 2208 3551 2392 3603; x_wconf 87' lang='lat' dir='ltr'><strong>eadem</strong></span> <span class='ocrx_word' id='word_1_519' title='bbox 2428 3552 2537 3615; x_wconf 91' lang='lat' dir='ltr'><strong>die,</strong></span> 
     </span>
     <span class='ocr_line' id='line_1_92' title="bbox 1472 3630 2535 3696; baseline -0.002 -16"><span class='ocrx_word' id='word_1_520' title='bbox 1472 3645 1578 3696; x_wconf 86' lang='lat' dir='ltr'><strong>qua</strong></span> <span class='ocrx_word' id='word_1_521' title='bbox 1616 3632 1878 3693; x_wconf 77' lang='lat' dir='ltr'><strong>Augustus</strong></span> <span class='ocrx_word' id='word_1_522' title='bbox 1908 3637 1988 3679; x_wconf 83' lang='lat' dir='ltr'><strong>est</strong></span> <span class='ocrx_word' id='word_1_523' title='bbox 2022 3630 2337 3694; x_wconf 67' lang='lat' dir='ltr'><strong>appellatus,</strong></span> <span class='ocrx_word' id='word_1_524' title='bbox 2374 3630 2535 3680; x_wconf 84' lang='lat' dir='ltr'><strong>etiam</strong></span> 
     </span>
     <span class='ocr_line' id='line_1_93' title="bbox 1472 3704 2536 3772; baseline -0.003 -13"><span class='ocrx_word' id='word_1_525' title='bbox 1472 3709 1654 3760; x_wconf 84' lang='lat' dir='ltr'><strong>Patris</strong></span> <span class='ocrx_word' id='word_1_526' title='bbox 1686 3708 1869 3772; x_wconf 71' lang='lat' dir='ltr'><strong>patria·</strong></span> <span class='ocrx_word' id='word_1_527' title='bbox 1894 3721 2079 3757; x_wconf 88' lang='lat' dir='ltr'><strong>nomen</strong></span> <span class='ocrx_word' id='word_1_528' title='bbox 2107 3706 2396 3770; x_wconf 86' lang='lat' dir='ltr'><strong>recepisse?</strong></span> <span class='ocrx_word' id='word_1_529' title='bbox 2460 3704 2536 3756; x_wconf 87' lang='lat' dir='ltr'><strong>At</strong></span> 
     </span>
     <span class='ocr_line' id='line_1_94' title="bbox 1473 3783 2537 3852; baseline -0.003 -16"><span class='ocrx_word' id='word_1_530' title='bbox 1473 3801 1620 3852; x_wconf 89' lang='lat' dir='ltr'><strong>ecce,</strong></span> <span class='ocrx_word' id='word_1_531' title='bbox 1643 3793 1765 3835; x_wconf 83' lang='lat' dir='ltr'><strong>ante</strong></span> <span class='ocrx_word' id='word_1_532' title='bbox 1788 3785 2017 3836; x_wconf 87' lang='lat' dir='ltr'><strong>Plinium</strong></span> <span class='ocrx_word' id='word_1_533' title='bbox 2043 3792 2097 3833; x_wconf 90' lang='lat' dir='ltr'><strong>et</strong></span> <span class='ocrx_word' id='word_1_534' title='bbox 2123 3783 2207 3833; x_wconf 89' lang='lat' dir='ltr'><strong>alii</strong></span> <span class='ocrx_word' id='word_1_535' title='bbox 2232 3783 2405 3833; x_wconf 84' lang='lat' dir='ltr'><strong>statim</strong></span> <span class='ocrx_word' id='word_1_536' title='bbox 2430 3783 2537 3847; x_wconf 90' lang='lat' dir='ltr'><strong>pri-</strong></span> 
     </span>
     <span class='ocr_line' id='line_1_95' title="bbox 1473 3859 2538 3928; baseline -0.004 -13"><span class='ocrx_word' id='word_1_537' title='bbox 1473 3880 1559 3915; x_wconf 90' lang='lat' dir='ltr'><strong>mo</strong></span> <span class='ocrx_word' id='word_1_538' title='bbox 1601 3864 1924 3928; x_wconf 82' lang='lat' dir='ltr'><strong>principatus</strong></span> <span class='ocrx_word' id='word_1_539' title='bbox 1954 3859 2041 3911; x_wconf 86' lang='lat' dir='ltr'><strong>die</strong></span> <span class='ocrx_word' id='word_1_540' title='bbox 2075 3867 2402 3925; x_wconf 84' lang='lat' dir='ltr'><strong>receperunt.</strong></span> <span class='ocrx_word' id='word_1_541' title='bbox 2468 3861 2538 3911; x_wconf 88' lang='lat' dir='ltr'><strong>E·</strong></span> 
     </span>
     <span class='ocr_line' id='line_1_96' title="bbox 1473 3939 2539 4009; baseline -0.004 -16"><span class='ocrx_word' id='word_1_542' title='bbox 1473 3942 1681 4009; x_wconf 87' lang='lat' dir='ltr'><strong>quidem</strong></span> <span class='ocrx_word' id='word_1_543' title='bbox 1704 3954 1808 3991; x_wconf 92' lang='lat' dir='ltr'><strong>non</strong></span> <span class='ocrx_word' id='word_1_544' title='bbox 1832 3940 2004 4004; x_wconf 84' lang='lat' dir='ltr'><strong>video,</strong></span> <span class='ocrx_word' id='word_1_545' title='bbox 2037 3939 2127 4004; x_wconf 89' lang='lat' dir='ltr'><strong>qni</strong></span> <span class='ocrx_word' id='word_1_546' title='bbox 2160 3939 2453 3990; x_wconf 86' lang='lat' dir='ltr'><strong>conciliem.</strong></span> <span class='ocrx_word' id='word_1_547' title='bbox 2477 3939 2539 3989; x_wconf 75' lang='grc' dir='ltr'><strong>Ι·</strong></span> 
     </span>
     <span class='ocr_line' id='line_1_97' title="bbox 1540 4093 2539 4160; baseline -0.003 -13"><span class='ocrx_word' id='word_1_548' title='bbox 1540 4096 1853 4160; x_wconf 57' lang='lat' dir='ltr'><strong>Principum</strong></span> <span class='ocrx_word' id='word_1_549' title='bbox 1871 4096 1969 4160; x_wconf 77' lang='lat' dir='ltr'><strong>die,</strong></span> <span class='ocrx_word' id='word_1_550' title='bbox 1985 4101 2041 4146; x_wconf 75' lang='lat' dir='ltr'><strong>ut</strong></span> <span class='ocrx_word' id='word_1_551' title='bbox 2062 4093 2385 4160; x_wconf 72' lang='lat' dir='ltr'><strong>imperatoris]</strong></span> <span class='ocrx_word' id='word_1_552' title='bbox 2419 4095 2539 4144; x_wconf 89' lang='lat' dir='ltr'><strong>Non</strong></span> 
     </span>
     <span class='ocr_line' id='line_1_98' title="bbox 1476 4174 2539 4238; baseline -0.004 -13"><span class='ocrx_word' id='word_1_553' title='bbox 1476 4189 1677 4237; x_wconf 90' lang='lat' dir='ltr'><strong>omnes,</strong></span> <span class='ocrx_word' id='word_1_554' title='bbox 1700 4187 1764 4223; x_wconf 91' lang='lat' dir='ltr'><strong>ne</strong></span> <span class='ocrx_word' id='word_1_555' title='bbox 1787 4174 1887 4223; x_wconf 84' lang='lat' dir='ltr'><strong>boc</strong></span> <span class='ocrx_word' id='word_1_556' title='bbox 1921 4187 2284 4238; x_wconf 87' lang='lat' dir='ltr'><strong>persuasurum</strong></span> <span class='ocrx_word' id='word_1_557' title='bbox 2316 4181 2369 4222; x_wconf 90' lang='lat' dir='ltr'><strong>te</strong></span> <span class='ocrx_word' id='word_1_558' title='bbox 2396 4183 2539 4235; x_wconf 84' lang='lat' dir='ltr'><strong>puta,</strong></span> 
     </span>
     <span class='ocr_line' id='line_1_99' title="bbox 1476 4247 2540 4314; baseline -0.007 -11"><span class='ocrx_word' id='word_1_559' title='bbox 1476 4252 1639 4305; x_wconf 85' lang='lat' dir='ltr'><strong>Plini.</strong></span> <span class='ocrx_word' id='word_1_560' title='bbox 1709 4252 1848 4301; x_wconf 88' lang='lat' dir='ltr'><strong>Nam</strong></span> <span class='ocrx_word' id='word_1_561' title='bbox 1879 4264 1977 4300; x_wconf 92' lang='lat' dir='ltr'><strong>nec</strong></span> <span class='ocrx_word' id='word_1_562' title='bbox 2012 4248 2283 4314; x_wconf 75' lang='lat' dir='ltr'><strong>Augustus</strong></span> <span class='ocrx_word' id='word_1_563' title='bbox 2307 4247 2540 4313; x_wconf 85' lang='lat' dir='ltr'><strong>quidem,</strong></span> 
     </span>
     <span class='ocr_line' id='line_1_100' title="bbox 1477 4325 2540 4395; baseline -0.008 -11"><span class='ocrx_word' id='word_1_564' title='bbox 1477 4331 1578 4384; x_wconf 89' lang='lat' dir='ltr'><strong>uisi</strong></span> <span class='ocrx_word' id='word_1_565' title='bbox 1609 4343 1728 4383; x_wconf 86' lang='lat' dir='ltr'><strong>sero</strong></span> <span class='ocrx_word' id='word_1_566' title='bbox 1766 4329 1985 4395; x_wconf 83' lang='lat' dir='ltr'><strong>recepit,</strong></span> <span class='ocrx_word' id='word_1_567' title='bbox 2026 4339 2082 4379; x_wconf 92' lang='lat' dir='ltr'><strong>et</strong></span> <span class='ocrx_word' id='word_1_568' title='bbox 2123 4327 2362 4379; x_wconf 78' lang='lat' dir='ltr'><strong>Tiberius</strong></span> <span class='ocrx_word' id='word_1_569' title='bbox 2398 4325 2540 4376; x_wconf 87' lang='lat' dir='ltr'><strong>obla·</strong></span> 
     </span>
    </p>
   </div>
  </div>
 </body>
</html>
