3017 4942
409 344 545 412 522

417 514 547 564 tum,
571 517 666 570 per
697 502 1004 555 modestiam
1037 501 1277 565 distulit3
1315 503 1482 567 Nero,

392 592 515 646 ‘per
539 587 783 640 oetatem3
817 594 936 644 quae
975 579 1182 643 singula
1211 579 1263 629 in
1297 579 1485 630 Sueto·

418 659 506 709 nio
537 659 609 708 ita
637 656 796 720 leges.
863 655 1005 708 Quin
1041 662 1215 704 tamen
1249 655 1484 720 plerique

419 735 509 785 alii
549 735 746 790 statim,
785 745 891 782 non
923 732 1056 782 imus
1090 740 1355 796 negatum,
1392 737 1486 782 aut

418 811 594 863 Plinio
617 812 716 860 hoc
753 817 1012 875 ereptum.
1077 809 1163 860 An
1187 823 1290 860 non
1314 816 1485 860 tamen

421 887 768 952 Capitolinus,
808 886 898 953 qui
939 888 1014 938 sic
1062 886 1114 936 in
1150 887 1486 957 Pertinace?

419 968 436 994 ‘
465 965 672 1016 Primus
707 979 830 1015 sane
865 964 1110 1027 omnium,
1144 977 1208 1013 ea
1242 964 1347 1027 die,
1383 978 1486 1029 qua

419 1041 692 1107 Augustus
723 1049 808 1093 est
839 1042 1153 1106 appellatus,
1191 1041 1347 1091 etiam
1383 1042 1485 1091 Pa-

420 1122 514 1171 tris
539 1120 724 1185 patriae
748 1133 933 1170 nomen
958 1115 1196 1183 recepit-⁸
1262 1118 1485 1182 Aperte,

420 1205 480 1248 ut
524 1196 753 1260 videtur,
786 1203 844 1246 et
889 1196 1051 1246 nostri
1086 1197 1367 1259 φιλαρχαῖοι
1400 1194 1484 1245 hic

384 1308 393 1317 ·
421 1274 711 1325 obhaerent.
774 1271 1083 1336 Expediam‚
1108 1272 1303 1323 favete.
1364 1272 1486 1337 Aio,

419 1359 586 1401 totum
621 1352 790 1401 locum
813 1358 868 1400 et
890 1350 1291 1414 concipiendum
1315 1349 1487 1406 aliter,

408 1437 488 1481 st·
509 1428 854 1482 ordinandum
874 1428 986 1478 hoc
1020 1425 1211 1477 modo:
1245 1428 1261 1456 ‘
1288 1427 1485 1476 Eadem

423 1506 530 1568 die,
552 1520 655 1571 qua
675 1503 943 1569 Augustus
977 1508 1061 1563 est
1093 1503 1407 1568 appellatus,
1428 1511 1487 1553 et

422 1582 605 1632 Flavia
638 1581 866 1643 Titiana,
901 1580 1015 1645 ejus
1058 1595 1209 1643 uxor,
1248 1578 1487 1643 Augusta

421 1662 508 1710 est
526 1660 811 1723 appellata,
833 1657 907 1708 eis
929 1659 1087 1716 horis,
1113 1657 1297 1722 quibus
1319 1658 1408 1707 ille
1433 1659 1487 1706 in

423 1736 677 1801 capitolio
710 1743 833 1786 vota
862 1734 1131 1795 solvebat3
1167 1735 1332 1799 prima
1361 1749 1487 1785 sane

425 1813 651 1863 omnium
698 1826 763 1862 ea
809 1812 916 1874 die,
963 1826 1066 1877 qua
1099 1811 1370 1876 Augustus
1405 1818 1489 1862 est

423 1890 738 1953 appellatus.
794 1889 967 1940 Etiam
992 1889 1168 1940 Patris
1192 1890 1376 1954 patriae
1399 1904 1488 1940 no·

423 1978 541 2017 men
574 1963 817 2029 recepit.’
882 1966 1051 2018 Quam
1088 1966 1188 2015 levi
1220 1973 1311 2016 aut
1347 1966 1489 2017 nulla

424 2041 825 2102 mutatiuncula,
852 2042 1163 2091 sententiam
1194 2047 1353 2092 totam
1379 2057 1490 2092 mu-

426 2119 628 2168 tamus!
680 2126 741 2168 et
775 2130 920 2179 vere,
964 2117 1197 2182 quamvis
1239 2118 1491 2169 audacter

424 2194 564 2246 dico.
633 2193 754 2243 Non
778 2193 843 2243 de
868 2193 1123 2257 Augusto,
1143 2194 1235 2245 sed
1255 2193 1492 2259 Angusta

423 2271 524 2321 hoc
547 2270 806 2327 adfirmat,
830 2272 1048 2335 primam
1073 2271 1257 2322 eodem
1280 2273 1366 2322 die
1390 2273 1489 2324 hoc

426 2363 614 2401 nomen
637 2348 899 2407 sumsisse,
919 2362 1019 2412 quo
1037 2357 1094 2398 et
1114 2351 1350 2400 maritus.
1384 2351 1490 2400 Ex-

425 2426 597 2475 amina
615 2426 836 2487 priorem
853 2424 1135 2491 historiam,
1153 2427 1225 2475 ita
1243 2429 1492 2492 reperies.

428 2504 575 2553 Livia
597 2503 703 2558 illa,
736 2509 854 2565 post
886 2509 1106 2552 mortem
1141 2503 1364 2567 denique
1387 2519 1492 2554 ma-

429 2580 537 2641 riti,
573 2587 590 2608 ‘
616 2584 927 2629 testamento
951 2579 1002 2628 in
1026 2595 1211 2632 nomen
1237 2580 1490 2644 Augustae

431 2654 715 2719 adsumta3’
748 2656 884 2720 quod
926 2656 1139 2707 Tacitus
1174 2664 1230 2707 et
1265 2659 1366 2708 Dio
1401 2658 1492 2709 ad·

425 2732 653 2784 firmant.
722 2733 1014 2799 Agrippina
1036 2735 1261 2799 Claudii,
1284 2736 1493 2801 longule

428 2819 549 2876 post
591 2811 803 2875 nuptias
843 2815 859 2839 ‘
893 2819 1115 2875 augetur
1147 2819 1495 2876 cognomento

426 2887 721 2951 Augustae-³
753 2888 993 2938 Tacitus.
1056 2890 1128 2938 Et
1168 2888 1494 2939 Domitianus

425 2966 835 3030 ille.snperbus,
880 2973 1052 3014 tamen
1098 2980 1245 3015 suam
1280 2973 1295 2996 ⁶
1322 2967 1492 3016 altero

429 3041 656 3106 denique
707 3055 844 3091 auno
893 3042 1242 3092 consalutavit
1290 3041 1495 3107 Augus-

428 3117 586 3166 tam.’
637 3115 934 3166 Suetonius.
967 3140 971 3145 ·
1000 3116 1294 3167 Antoninon
1348 3118 1497 3181 Pius,

429 3192 747 3256 aliquamdiu
772 3199 890 3256 post
924 3193 1218 3255 imperium,
1249 3195 1265 3221 ⁸
1292 3194 1494 3243 Fausti·

427 3282 549 3321 nam
588 3267 883 3333 Augustam
929 3268 1188 3331 appellari
1228 3282 1259 3319 a
1308 3276 1492 3321 senatu

429 3342 699 3408 permisit.²
768 3342 932 3392 Notes
965 3344 1126 3407 igitur
1158 3345 1255 3394 hoc
1291 3356 1493 3410 postea,

428 3431 485 3475 et
510 3420 624 3472 fere
647 3436 678 3471 a
699 3426 881 3471 senatu
901 3419 1119 3481 factum,
1154 3437 1327 3488 neque
1352 3423 1493 3474 aliud

431 3496 755 3566 Capitolinus
779 3498 962 3563 voluit,
997 3511 1150 3562 quam
1180 3499 1314 3550 hunc
1337 3501 1493 3562 grati·

429 3578 622 3629 ficandi
657 3576 826 3627 studio
850 3591 1153 3641 properum,
1175 3579 1295 3628 dum
1328 3580 1495 3632 Perti·

431 3669 531 3705 nax
553 3657 604 3705 in
627 3655 869 3719 capitolio
893 3661 993 3718 est,
1027 3669 1144 3705 eum
1173 3656 1382 3707 titulum
1410 3671 1495 3708 ae·

433 3733 694 3783 censuisse
721 3730 886 3780 uxori.
916 3731 1052 3795 Lips-

502 3808 660 3864 Esses,
680 3805 1118 3873 antequamfieres]
1149 3807 1184 3858 i.
1205 3823 1254 3859 e.
1275 3824 1418 3860 esses
1442 3824 1499 3862 re

431 3884 566 3949 ipsa,
594 3892 872 3948 antequam
893 3882 1046 3934 fieres
1069 3887 1295 3944 nomine,
1332 3886 1499 3950 publi·

435 3973 601 4025 ceqne
635 3960 998 4011 declararetis.
1068 3962 1300 4012 Eandem
1324 3969 1500 4014 tamen

436 4035 748 4091 sententiam
767 4036 879 4099 jam
904 4044 1028 4088 aute
1050 4038 1117 4087 de
1141 4035 1381 4102 Augusto
1410 4050 1501 4090 ex·

438 4111 634 4178 pressit
666 4110 889 4161 Ovidius
929 4113 1068 4163 Fast.
1103 4127 1173 4165 11.
1210 4118 1325 4166 12⁷.
1353 4130 1501 4182 seqq.

437 4197 456 4222 ‘
477 4191 673 4251 Sancte
693 4190 862 4263 =Pater
885 4191 1103 4254 patriael
1131 4191 1224 4243 tibi
1249 4192 1417 4257 plebs,
1440 4194 1507 4244 ti·

439 4267 497 4323 bi
520 4267 682 4334 curia,
719 4280 907 4329 nomen
931 4265 1050 4321 Hoc
1080 4266 1264 4333 dedit3
1294 4269 1394 4321 hoe
1416 4270 1504 4324 de·

1107 354 1331 408 1101*AE
1377 354 1786 408 vammum
1837 357 1919 407 m

1558 499 1728 553 dimus
1771 514 1867 552 nos
1910 499 2009 552 tibi
2045 513 2233 552 nomen
2267 498 2446 567 eques.
2512 499 2623 550 Res

1559 586 1735 629 tamen
1759 585 1881 629 ante
1905 576 2083 629 deditz
2121 588 2236 627 sero
2265 592 2475 643 qnoque
2496 588 2625 628 vera

1559 655 1719 705 tulisti
1741 655 1999 716 Nomina3
2025 654 2134 719 jam
2156 653 2358 719 pridem
2378 661 2435 704 tu
2454 654 2625 705 Pater

1559 731 1697 782 orbis
1718 732 1867 783 eras!
1899 731 2145 782 Schmun-z.

1625 810 1689 859 In
1708 809 1900 874 animis,
1919 809 2183 870 injudieiis
2203 806 2404 871 nostris]
2441 804 2622 858 Codex‘

1563 885 1890 949 Parmensis,
1925 886 2114 936 omissa
2149 885 2515 950 praepositione
2553 883 2632 945 ia,

1560 964 1738 1027 habet,
1760 964 1890 1014 Em
1921 963 2048 1014 enim
2080 962 2273 1020 animis,
2295 976 2402 1011 erus
2423 959 2627 1022 ,indiciis

1560 1041 1755 1090 nostris.
1820 1039 1926 1091 Sed
1969 1040 2094 1089 nihil
2132 1038 2483 1089 innovandum
2526 1041 2626 1084 est.

1563 1115 1826 1174 Ceterum,
1849 1115 2030 1166 eodem
2062 1114 2175 1165 fere
2204 1115 2356 1164 modo
2393 1111 2630 1177 loquitur

1561 1193 1767 1244 Plinius
1810 1193 1945 1243 infra
1989 1205 2234 1242 mxxxiv.
2274 1195 2328 1241 8.
2378 1198 2395 1220 ·
2429 1189 2624 1253 Dignae

1562 1277 1686 1320 sunt
1725 1284 1841 1334 qnae
1880 1270 1935 1320 in
1972 1269 2153 1319 animis
2189 1267 2377 1317 nostris
2423 1272 2480 1316 et
2520 1266 2629 1315 sint

1563 1357 1617 1398 et
1637 1348 1932 1399 habeantur
1958 1347 2241 1412 Augustae,
2265 1347 2387 1413 quia
2408 1358 2515 1395 non
2541 1358 2627 1394 vo-

1561 1424 1783 1476 cantur.'
1816 1426 1970 1476 Idem:

1628 1503 1829 1552 Patrem
1848 1501 2174 1566 experiretur]
2210 1500 2258 1550 1.
2279 1513 2326 1550 e.
2355 1505 2630 1563 paternum

1565 1586 1712 1629 tunm
1750 1580 1992 1642 animum,
2026 1587 2402 1644 paternamque
2434 1588 2628 1630 curam,

1564 1671 1657 1708 usu
1680 1667 2018 1722 cognosceret
2051 1664 2209 1721 atque
2244 1656 2483 1705 sentiret.
2549 1653 2630 1704 si·

1563 1735 1758 1785 militer
1790 1736 2019 1800 loquitur
2054 1734 2257 1785 Plinius
2292 1731 2627 1795 infra,xxv1;

1563 1815 1613 1863 8.
1645 1812 1757 1862 ‘Ut
1783 1813 1895 1877 jam
1932 1811 2055 1862 inde
2093 1811 2158 1861 ab
2186 1808 2409 1859 infantia
2439 1822 2627 1873 paren-

1564 1895 1671 1941 tem
1693 1890 1956 1955 publicum
1976 1903 2188 1940 munere
2204 1887 2527 1938 educationis
2541 1900 2630 1937 ex·

1566 1967 1897 2033 perirentur.’
1963 1968 2035 2017 Et
2070 1967 2244 2031 Epist.
2263 1979 2318 2017 v.
2353 1969 2401 2014 1.
2434 1965 2551 2015 “Ut
2572 1970 2629 2015 te

1565 2045 1848 2096 coheredes
1885 2045 1986 2095 mei
2019 2043 2431 2095 tractabiliorem
2468 2055 2631 2107 expe-

1566 2120 1807 2172 riantur!
1845 2123 1999 2173 Idem.

1629 2199 1867 2263 Exerces]
1892 2199 2013 2250 Scio
2030 2196 2488 2264 quidem,verbum
2511 2194 2529 2224 ‘
2544 2210 2633 2246 exe

1568 2292 1751 2329 ercere
1770 2277 1787 2301 '
1822 2279 1886 2327 ad
1922 2278 2087 2328 varias
2117 2292 2200 2327 res
2236 2276 2407 2325 solere
2433 2286 2633 2325 accom-

1567 2354 1807 2416 modari3
1842 2360 2077 2404 attamen
2104 2354 2220 2403 haec
2250 2350 2494 2417 loquendi
2527 2349 2633 2400 fora

1568 2431 1726 2495 mula,
1760 2437 1775 2460 ⁶
1792 2444 2042 2480 exercere
2064 2444 2249 2480 nomen
2269 2426 2471 2493 patris,’
2489 2426 2633 2484 mihi,

1570 2509 1748 2559 nescio
1793 2506 2070 2572 quomodo,
2114 2507 2286 2571 paullo
2330 2503 2635 2555 insolentior

1570 2586 1677 2635 visa
1702 2590 1802 2637 est.
1871 2584 2007 2634 Hine
2025 2584 2340 2647 cogitabam,
2358 2596 2423 2631 an
2447 2579 2635 2631 fortas-⁸

1569 2679 1624 2712 se
1647 2663 1860 2713 verbum
1881 2661 1980 2711 hoc
2010 2661 2281 2725 irrepserit
2306 2674 2398 2723 pro
2423 2672 2636 2721 exerere,

1570 2739 1681 2790 sive
1719 2753 1937 2790 exserere
1949 2754 1969 2798 ,·
2003 2738 2040 2787 i.
2077 2751 2126 2786 e.
2164 2736 2457 2792 ostendere,
2487 2734 2636 2784 exhi-³

1571 2817 1716 2880 bere,
1737 2816 1878 2867 sacto
1901 2817 2015 2879 ipso
2044 2814 2333 2876 declarare,
2365 2812 2642 2876 promere}

1572 2902 1728 2957 prout
1752 2893 1891 2944 Plin.
1912 2892 2082 2955 Epist.
2106 2904 2233 2941 viu.
2253 2893 2302 2940 7.
2336 2890 2352 2918 ‘
2369 2887 2637 2945 Exerssn,'

1570 2970 1763 3035 inquit,
1799 2971 1885 3020 ‘in
1928 2969 2116 3019 librum
2162 2973 2306 3018 tunm
2344 2966 2456 3030 jus,
2496 2958 2637 3029 quod

1571 3045 1796 3098 dedisti.’
1876 3046 2123 3097 Crebrius
2164 3051 2341 3094 autem
2387 3043 2489 3093 ista
2534 3043 2637 3093 dno

1572 3124 1735 3175 verba
1799 3129 1815 3154 ‘
1834 3120 2116 3174 exercere'
2148 3128 2205 3172 et
2252 3128 2268 3153 ‘
2293 3134 2512 3170 exerere
2532 3117 2547 3140 '
2581 3119 2637 3168 in

1572 3200 1800 3267 antiquis
1825 3200 1971 3249 libris
1995 3200 2134 3249 inter
2155 3212 2210 3248 se
2232 3205 2352 3247 sunt
2376 3202 2641 3262 permuta*

1572 3285 1645 3328 ta.
1708 3278 1812 3335 Ita,
1851 3291 1968 3327 cnm
2009 3285 2163 3325 antea
2208 3273 2350 3338 apud
2384 3272 2642 3326 Quinctil.

1572 3355 1707 3405 Inst.
1748 3354 1846 3405 Or.
1880 3367 1959 3403 ιν.
1995 3352 2124 3405 1..in
2156 3350 2313 3400 editis
2356 3350 2644 3412 legeretur,

1571 3430 1821 3481 ‘Fiducia
1860 3444 1917 3479 se
1966 3429 2079 3492 ipsa
2127 3427 2341 3477 nimium
2385 3436 2641 3475 exercere

1571 3522 1676 3558 non
1700 3506 1861 3557 debet
1878 3504 1911 3566 ;’
1934 3506 2046 3569 jam
2067 3502 2414 3558 Passeratius,
2430 3500 2643 3550 Philan·

1572 3584 1686 3648 der,
1716 3583 2034 3645 Obreclitus‚
2072 3587 2128 3630 et
2167 3580 2249 3631 Cl.
2290 3580 2643 3637 Burmannus,-

1571 3659 2017 3719 demonstrarunt,
2054 3655 2330 3719 legendum
2371 3669 2486 3704 esse
2518 3653 2644 3704 ‘ex-

1573 3733 1786 3789 serere.’
1850 3734 2005 3799 Apud
2051 3733 2204 3784 eund.
2240 3733 2396 3783 Decl.
2438 3745 2567 3782 xm.
2592 3737 2645 3783 6.

1574 3812 1640 3862 ab
1683 3811 1796 3862 aliis
1834 3811 2105 3874 vulgatum
2148 3816 2285 3869 erat,
2336 3816 2352 3840 ‘
2377 3809 2643 3861 Exercete

1573 3889 1875 3940 libertatem
1900 3886 2120 3937 fortibus
2142 3883 2354 3936 verbis.'
2420 3885 2532 3935 Hic
2555 3885 2644 3935 iti-

1575 3966 1694 4016 dem
1730 3964 2051 4026 Obrechtus,
2093 3969 2150 4012 et
2183 3976 2320 4013 nune
2359 3962 2644 4012 celeberri-

1576 4057 1690 4093 mus
1721 4043 2053 4092 Burmannus
2089 4037 2279 4099 edidit,
2313 4036 2547 4089 ‘exerite
2579 4037 2644 4088 li·

1575 4116 1872 4173 bertatem‚’
1919 4116 1953 4165 i.
1975 4130 2023 4165 e.
2042 4114 2218 4165 verbis
2247 4111 2469 4164 fortibus
2500 4120 2558 4163 et
2581 4114 2647 4163 li-

1578 4194 1718 4246 beris
1741 4191 2023 4244 ostendite.
2072 4189 2424 4240 Conferantur
2447 4190 2647 4243 Quinc-

1578 4271 1659 4323 til.
1673 4271 1829 4325 Decl.
1842 4281 2043 4323 ccnxv.
2077 4267 2282 4323 Seneca
2298 4266 2365 4318 de
2383 4265 2644 4333 clement.
