<?xml version="1.0" encoding="UTF-8"?>
<!DOCTYPE html PUBLIC "-//W3C//DTD XHTML 1.0 Transitional//EN"
    "http://www.w3.org/TR/xhtml1/DTD/xhtml1-transitional.dtd">
<html xmlns="http://www.w3.org/1999/xhtml" xml:lang="en" lang="en">
 <head>
  <title>
</title>
<meta http-equiv="Content-Type" content="text/html;charset=utf-8" />
  <meta name='ocr-system' content='tesseract 3.04.00' />
  <meta name='ocr-capabilities' content='ocr_page ocr_carea ocr_par ocr_line ocrx_word'/>
</head>
<body>
  <div class='ocr_page' id='page_1' title='image "./panegyriciveter01unkngoog_0396.png"; bbox 0 0 3017 4942; ppageno 0'>
   <div class='ocr_carea' id='block_1_1' title="bbox 505 391 638 459">
    <p class='ocr_par' dir='ltr' id='par_1_1' title="bbox 505 391 638 459">
     <span class='ocr_line' id='line_1_1' title="bbox 505 391 638 459; baseline -0.023 0"><span class='ocrx_word' id='word_1_1' title='bbox 505 391 638 459; x_wconf 76' lang='lat'><strong>804</strong></span> 
     </span>
    </p>
   </div>
   <div class='ocr_carea' id='block_1_2' title="bbox 493 548 1576 2219">
    <p class='ocr_par' dir='ltr' id='par_1_2' title="bbox 493 548 1576 2069">
     <span class='ocr_line' id='line_1_2' title="bbox 499 548 1569 608; baseline 0.003 -6"><span class='ocrx_word' id='word_1_2' title='bbox 499 548 839 603; x_wconf 80' lang='lat' dir='ltr'><strong>ostenderitis</strong></span> <span class='ocrx_word' id='word_1_3' title='bbox 874 549 1067 603; x_wconf 73' lang='lat' dir='ltr'><strong>auxilia</strong></span> <span class='ocrx_word' id='word_1_4' title='bbox 1104 559 1297 608; x_wconf 77' lang='lat' dir='ltr'><strong>vestra,</strong></span> <span class='ocrx_word' id='word_1_5' title='bbox 1328 567 1395 604; x_wconf 87' lang='lat' dir='ltr'><strong>ns</strong></span> <span class='ocrx_word' id='word_1_6' title='bbox 1428 553 1569 605; x_wconf 88' lang='lat' dir='ltr'><strong>bello</strong></span> 
     </span>
     <span class='ocr_line' id='line_1_3' title="bbox 503 628 1569 693; baseline 0.001 -14"><span class='ocrx_word' id='word_1_7' title='bbox 503 628 712 693; x_wconf 81' lang='lat' dir='ltr'><strong>quidem</strong></span> <span class='ocrx_word' id='word_1_8' title='bbox 736 630 963 680; x_wconf 73' lang='lat' dir='ltr'><strong>arbitror</strong></span> <span class='ocrx_word' id='word_1_9' title='bbox 987 631 1133 680; x_wconf 82' lang='lat' dir='ltr'><strong>vobis</strong></span> <span class='ocrx_word' id='word_1_10' title='bbox 1161 645 1293 693; x_wconf 85' lang='lat' dir='ltr'><strong>opus</strong></span> <span class='ocrx_word' id='word_1_11' title='bbox 1316 630 1447 681; x_wconf 82' lang='lat' dir='ltr'><strong>fore.</strong></span> <span class='ocrx_word' id='word_1_12' title='bbox 1472 669 1485 682; x_wconf 93' lang='lat'><strong>.</strong></span> <span class='ocrx_word' id='word_1_13' title='bbox 1514 664 1530 680; x_wconf 91' lang='lat'><strong>.</strong></span> <span class='ocrx_word' id='word_1_14' title='bbox 1555 666 1569 680; x_wconf 92' lang='lat'><strong>.</strong></span> 
     </span>
     <span class='ocr_line' id='line_1_4' title="bbox 501 707 1568 772; baseline 0.002 -16"><span class='ocrx_word' id='word_1_15' title='bbox 501 707 705 756; x_wconf 87' lang='lat' dir='ltr'><strong>Umbra</strong></span> <span class='ocrx_word' id='word_1_16' title='bbox 743 708 903 757; x_wconf 84' lang='lat' dir='ltr'><strong>vestri</strong></span> <span class='ocrx_word' id='word_1_17' title='bbox 947 708 1148 765; x_wconf 80' lang='lat' dir='ltr'><strong>auxilii,</strong></span> <span class='ocrx_word' id='word_1_18' title='bbox 1186 709 1422 766; x_wconf 84' lang='lat' dir='ltr'><strong>Romani,</strong></span> <span class='ocrx_word' id='word_1_19' title='bbox 1460 709 1568 772; x_wconf 79' lang='lat' dir='ltr'><strong>tegi</strong></span> 
     </span>
     <span class='ocr_line' id='line_1_5' title="bbox 500 776 1570 848; baseline 0.001 -14"><span class='ocrx_word' id='word_1_20' title='bbox 500 776 824 846; x_wconf 45' lang='lat' dir='ltr'><strong>possumus?</strong></span> <span class='ocrx_word' id='word_1_21' title='bbox 890 785 1063 848; x_wconf 86' lang='lat' dir='ltr'><strong>Supra</strong></span> <span class='ocrx_word' id='word_1_22' title='bbox 1099 784 1302 835; x_wconf 85' lang='lat' dir='ltr'><strong>Plinius</strong></span> <span class='ocrx_word' id='word_1_23' title='bbox 1341 786 1406 834; x_wconf 89' lang='lat' dir='ltr'><strong>de</strong></span> <span class='ocrx_word' id='word_1_24' title='bbox 1444 785 1570 835; x_wconf 83' lang='lat' dir='ltr'><strong>Tra·</strong></span> 
     </span>
     <span class='ocr_line' id='line_1_6' title="bbox 493 860 1571 923; baseline 0.003 -14"><span class='ocrx_word' id='word_1_25' title='bbox 493 860 642 923; x_wconf 84' lang='lat' dir='ltr'><strong>jano,</strong></span> <span class='ocrx_word' id='word_1_26' title='bbox 686 875 835 913; x_wconf 83' lang='lat' dir='ltr'><strong>xvn.</strong></span> <span class='ocrx_word' id='word_1_27' title='bbox 873 866 923 911; x_wconf 77' lang='lat'><strong>8.</strong></span> <span class='ocrx_word' id='word_1_28' title='bbox 965 861 1120 911; x_wconf 80' lang='lat' dir='ltr'><strong>&#39;Nec</strong></span> <span class='ocrx_word' id='word_1_29' title='bbox 1157 860 1311 911; x_wconf 83' lang='lat' dir='ltr'><strong>modo</strong></span> <span class='ocrx_word' id='word_1_30' title='bbox 1352 862 1571 912; x_wconf 84' lang='lat' dir='ltr'><strong>telorum</strong></span> 
     </span>
     <span class='ocr_line' id='line_1_7' title="bbox 501 937 1571 999; baseline 0.004 -14"><span class='ocrx_word' id='word_1_31' title='bbox 501 942 730 999; x_wconf 87' lang='lat' dir='ltr'><strong>tuorum,</strong></span> <span class='ocrx_word' id='word_1_32' title='bbox 774 937 867 987; x_wconf 87' lang='lat' dir='ltr'><strong>sed</strong></span> <span class='ocrx_word' id='word_1_33' title='bbox 911 938 1169 987; x_wconf 88' lang='lat' dir='ltr'><strong>oculorum</strong></span> <span class='ocrx_word' id='word_1_34' title='bbox 1210 939 1367 987; x_wconf 84' lang='lat' dir='ltr'><strong>etiam</strong></span> <span class='ocrx_word' id='word_1_35' title='bbox 1410 939 1571 989; x_wconf 86' lang='lat' dir='ltr'><strong>mina·</strong></span> 
     </span>
     <span class='ocr_line' id='line_1_8' title="bbox 502 1014 1572 1077; baseline 0.004 -17"><span class='ocrx_word' id='word_1_36' title='bbox 502 1024 718 1077; x_wconf 84' lang='lat' dir='ltr'><strong>rumque</strong></span> <span class='ocrx_word' id='word_1_37' title='bbox 752 1014 1070 1076; x_wconf 84' lang='lat' dir='ltr'><strong>conjectum,</strong></span> <span class='ocrx_word' id='word_1_38' title='bbox 1103 1020 1215 1064; x_wconf 85' lang='lat' dir='ltr'><strong>toto</strong></span> <span class='ocrx_word' id='word_1_39' title='bbox 1248 1029 1454 1077; x_wconf 84' lang='lat' dir='ltr'><strong>campo,</strong></span> <span class='ocrx_word' id='word_1_40' title='bbox 1492 1022 1572 1064; x_wconf 89' lang='lat' dir='ltr'><strong>to·</strong></span> 
     </span>
     <span class='ocr_line' id='line_1_9' title="bbox 502 1088 1572 1155; baseline 0.003 -19"><span class='ocrx_word' id='word_1_41' title='bbox 502 1093 661 1150; x_wconf 79' lang='lat' dir='ltr'><strong>toque</strong></span> <span class='ocrx_word' id='word_1_42' title='bbox 684 1089 919 1138; x_wconf 83' lang='lat' dir='ltr'><strong>exercitu</strong></span> <span class='ocrx_word' id='word_1_43' title='bbox 941 1088 1202 1152; x_wconf 84' lang='lat' dir='ltr'><strong>opposito,</strong></span> <span class='ocrx_word' id='word_1_44' title='bbox 1223 1104 1323 1138; x_wconf 92' lang='lat' dir='ltr'><strong>non</strong></span> <span class='ocrx_word' id='word_1_45' title='bbox 1360 1091 1572 1155; x_wconf 87' lang='lat' dir='ltr'><strong>perhor-</strong></span> 
     </span>
     <span class='ocr_line' id='line_1_10' title="bbox 502 1163 1571 1230; baseline 0.005 -19"><span class='ocrx_word' id='word_1_46' title='bbox 502 1163 711 1213; x_wconf 75' lang='lat' dir='ltr'><strong>rescet-⁹</strong></span> <span class='ocrx_word' id='word_1_47' title='bbox 776 1166 885 1214; x_wconf 90' lang='lat' dir='ltr'><strong>Pro</strong></span> <span class='ocrx_word' id='word_1_48' title='bbox 909 1165 1069 1215; x_wconf 79' lang='lat' dir='ltr'><strong>verbo</strong></span> <span class='ocrx_word' id='word_1_49' title='bbox 1101 1180 1405 1230; x_wconf 76' lang='lat' dir='ltr'><strong>compescere,</strong></span> <span class='ocrx_word' id='word_1_50' title='bbox 1433 1167 1571 1216; x_wconf 89' lang='lat' dir='ltr'><strong>solus</strong></span> 
     </span>
     <span class='ocr_line' id='line_1_11' title="bbox 504 1240 1574 1307; baseline 0.002 -18"><span class='ocrx_word' id='word_1_51' title='bbox 504 1240 674 1291; x_wconf 81' lang='lat' dir='ltr'><strong>codex</strong></span> <span class='ocrx_word' id='word_1_52' title='bbox 715 1242 1121 1307; x_wconf 68' lang='lat' dir='ltr'><strong>Salisbnrgensis</strong></span> <span class='ocrx_word' id='word_1_53' title='bbox 1172 1243 1331 1292; x_wconf 82' lang='lat' dir='ltr'><strong>habet</strong></span> <span class='ocrx_word' id='word_1_54' title='bbox 1374 1243 1574 1306; x_wconf 80' lang='lat' dir='ltr'><strong>compri-</strong></span> 
     </span>
     <span class='ocr_line' id='line_1_12' title="bbox 504 1318 1574 1383; baseline 0.001 -16"><span class='ocrx_word' id='word_1_55' title='bbox 504 1332 668 1376; x_wconf 74' lang='lat' dir='ltr'><strong>mere,·</strong></span> <span class='ocrx_word' id='word_1_56' title='bbox 717 1333 1028 1383; x_wconf 75' lang='lat' dir='ltr'><strong>quamquam</strong></span> <span class='ocrx_word' id='word_1_57' title='bbox 1085 1318 1137 1368; x_wconf 91' lang='lat' dir='ltr'><strong>iu</strong></span> <span class='ocrx_word' id='word_1_58' title='bbox 1195 1320 1431 1383; x_wconf 81' lang='lat' dir='ltr'><strong>margine</strong></span> <span class='ocrx_word' id='word_1_59' title='bbox 1486 1319 1574 1368; x_wconf 87' lang='lat' dir='ltr'><strong>ad·</strong></span> 
     </span>
     <span class='ocr_line' id='line_1_13' title="bbox 503 1395 1575 1458; baseline 0.001 -15"><span class='ocrx_word' id='word_1_60' title='bbox 503 1396 869 1457; x_wconf 77' lang='lat' dir='ltr'><strong>scriptum-sit,</strong></span> <span class='ocrx_word' id='word_1_61' title='bbox 892 1401 906 1424; x_wconf 76' lang='lat'>⁸</span> <span class='ocrx_word' id='word_1_62' title='bbox 929 1396 997 1445; x_wconf 87' lang='lat' dir='ltr'><strong>al.</strong></span> <span class='ocrx_word' id='word_1_63' title='bbox 1019 1395 1339 1458; x_wconf 59' lang='lat' dir='ltr'><strong>conspeseeress</strong></span> <span class='ocrx_word' id='word_1_64' title='bbox 1408 1396 1474 1444; x_wconf 91' lang='lat' dir='ltr'><strong>Et</strong></span> <span class='ocrx_word' id='word_1_65' title='bbox 1497 1395 1575 1445; x_wconf 88' lang='lat' dir='ltr'><strong>sie</strong></span> 
     </span>
     <span class='ocr_line' id='line_1_14' title="bbox 502 1462 1575 1534; baseline -0.002 -14"><span class='ocrx_word' id='word_1_66' title='bbox 502 1470 734 1534; x_wconf 88' lang='lat' dir='ltr'><strong>loquitur</strong></span> <span class='ocrx_word' id='word_1_67' title='bbox 771 1472 883 1521; x_wconf 86' lang='lat' dir='ltr'><strong>Cic.</strong></span> <span class='ocrx_word' id='word_1_68' title='bbox 918 1473 985 1523; x_wconf 82' lang='lat' dir='ltr'><strong>Q.</strong></span> <span class='ocrx_word' id='word_1_69' title='bbox 1018 1472 1104 1522; x_wconf 84' lang='lat' dir='ltr'><strong>Fr.</strong></span> <span class='ocrx_word' id='word_1_70' title='bbox 1143 1485 1185 1520; x_wconf 90' lang='lat'><strong>1.</strong></span> <span class='ocrx_word' id='word_1_71' title='bbox 1224 1476 1270 1520; x_wconf 89' lang='lat'><strong>1.</strong></span> <span class='ocrx_word' id='word_1_72' title='bbox 1309 1462 1358 1520; x_wconf 77' lang='lat'><strong>2&#39;.</strong></span> <span class='ocrx_word' id='word_1_73' title='bbox 1396 1472 1411 1499; x_wconf 92' lang='lat'>‘</span> <span class='ocrx_word' id='word_1_74' title='bbox 1440 1472 1575 1528; x_wconf 86' lang='lat' dir='ltr'><strong>Erit,</strong></span> 
     </span>
     <span class='ocr_line' id='line_1_15' title="bbox 504 1548 1575 1613; baseline 0 -15"><span class='ocrx_word' id='word_1_75' title='bbox 504 1548 684 1606; x_wconf 85' lang='lat' dir='ltr'><strong>credo,</strong></span> <span class='ocrx_word' id='word_1_76' title='bbox 716 1549 1021 1613; x_wconf 87' lang='lat' dir='ltr'><strong>periculum,</strong></span> <span class='ocrx_word' id='word_1_77' title='bbox 1055 1563 1123 1598; x_wconf 90' lang='lat' dir='ltr'><strong>ne</strong></span> <span class='ocrx_word' id='word_1_78' title='bbox 1159 1548 1448 1611; x_wconf 82' lang='lat' dir='ltr'><strong>improbum</strong></span> <span class='ocrx_word' id='word_1_79' title='bbox 1485 1563 1575 1598; x_wconf 89' lang='lat' dir='ltr'><strong>ne·</strong></span> 
     </span>
     <span class='ocr_line' id='line_1_16' title="bbox 505 1614 1576 1690; baseline 0.002 -17"><span class='ocrx_word' id='word_1_80' title='bbox 505 1627 843 1687; x_wconf 75' lang='lat' dir='ltr'><strong>gotiatorem,</strong></span> <span class='ocrx_word' id='word_1_81' title='bbox 880 1627 1051 1689; x_wconf 82' lang='lat' dir='ltr'><strong>paullo</strong></span> <span class='ocrx_word' id='word_1_82' title='bbox 1085 1626 1405 1690; x_wconf 80' lang='lat' dir='ltr'><strong>cupidiorem</strong></span> <span class='ocrx_word' id='word_1_83' title='bbox 1447 1614 1576 1686; x_wconf 83' lang='lat' dir='ltr'><strong>pub·-</strong></span> 
     </span>
     <span class='ocr_line' id='line_1_17' title="bbox 505 1700 1572 1765; baseline 0.003 -17"><span class='ocrx_word' id='word_1_84' title='bbox 505 1701 752 1760; x_wconf 86' lang='lat' dir='ltr'><strong>licanum,</strong></span> <span class='ocrx_word' id='word_1_85' title='bbox 796 1702 1140 1765; x_wconf 76' lang='lat' dir='ltr'><strong>comprimere</strong></span> <span class='ocrx_word' id='word_1_86' title='bbox 1195 1715 1297 1750; x_wconf 91' lang='lat' dir='ltr'><strong>non</strong></span> <span class='ocrx_word' id='word_1_87' title='bbox 1354 1700 1572 1764; x_wconf 85' lang='lat' dir='ltr'><strong>possis.&#39;</strong></span> 
     </span>
     <span class='ocr_line' id='line_1_18' title="bbox 503 1777 1575 1841; baseline 0.001 -14"><span class='ocrx_word' id='word_1_88' title='bbox 503 1777 607 1827; x_wconf 88' lang='lat' dir='ltr'><strong>Sed</strong></span> <span class='ocrx_word' id='word_1_89' title='bbox 644 1779 786 1827; x_wconf 83' lang='lat' dir='ltr'><strong>salvs</strong></span> <span class='ocrx_word' id='word_1_90' title='bbox 832 1793 929 1841; x_wconf 86' lang='lat' dir='ltr'><strong>per</strong></span> <span class='ocrx_word' id='word_1_91' title='bbox 973 1793 1066 1828; x_wconf 91' lang='lat' dir='ltr'><strong>nos</strong></span> <span class='ocrx_word' id='word_1_92' title='bbox 1112 1784 1323 1827; x_wconf 82' lang='lat' dir='ltr'><strong>maneat</strong></span> <span class='ocrx_word' id='word_1_93' title='bbox 1362 1780 1575 1839; x_wconf 80' lang='lat' dir='ltr'><strong>vulgata</strong></span> 
     </span>
     <span class='ocr_line' id='line_1_19' title="bbox 504 1852 1575 1907; baseline 0 -4"><span class='ocrx_word' id='word_1_94' title='bbox 504 1854 681 1903; x_wconf 85' lang='lat' dir='ltr'><strong>lectio.</strong></span> <span class='ocrx_word' id='word_1_95' title='bbox 746 1854 945 1904; x_wconf 86' lang='lat' dir='ltr'><strong>Noster</strong></span> <span class='ocrx_word' id='word_1_96' title='bbox 980 1852 1116 1903; x_wconf 77' lang='lat' dir='ltr'><strong>infra</strong></span> <span class='ocrx_word' id='word_1_97' title='bbox 1151 1866 1327 1907; x_wconf 61' lang='lat' dir='ltr'><strong>cxxx.</strong></span> <span class='ocrx_word' id='word_1_98' title='bbox 1351 1857 1400 1902; x_wconf 76' lang='lat'><strong>3.</strong></span> <span class='ocrx_word' id='word_1_99' title='bbox 1432 1862 1448 1886; x_wconf 76' lang='lat'>‘</span> <span class='ocrx_word' id='word_1_100' title='bbox 1471 1856 1575 1904; x_wconf 85' lang='lat' dir='ltr'><strong>Tu—</strong></span> 
     </span>
     <span class='ocr_line' id='line_1_20' title="bbox 505 1930 1575 1992; baseline 0.003 -16"><span class='ocrx_word' id='word_1_101' title='bbox 505 1938 812 1992; x_wconf 84' lang='lat' dir='ltr'><strong>mentesque</strong></span> <span class='ocrx_word' id='word_1_102' title='bbox 836 1930 1073 1992; x_wconf 84' lang='lat' dir='ltr'><strong>populos,</strong></span> <span class='ocrx_word' id='word_1_103' title='bbox 1093 1944 1193 1978; x_wconf 90' lang='lat' dir='ltr'><strong>non</strong></span> <span class='ocrx_word' id='word_1_104' title='bbox 1218 1930 1436 1991; x_wconf 85' lang='lat' dir='ltr'><strong>imperio</strong></span> <span class='ocrx_word' id='word_1_105' title='bbox 1466 1944 1575 1979; x_wconf 82' lang='lat' dir='ltr'><strong>ma·</strong></span> 
     </span>
     <span class='ocr_line' id='line_1_21' title="bbox 507 2005 1567 2069; baseline 0.001 -16"><span class='ocrx_word' id='word_1_106' title='bbox 507 2006 606 2068; x_wconf 76' lang='lat' dir='ltr'><strong>gis,</strong></span> <span class='ocrx_word' id='word_1_107' title='bbox 628 2020 779 2069; x_wconf 84' lang='lat' dir='ltr'><strong>quam</strong></span> <span class='ocrx_word' id='word_1_108' title='bbox 807 2007 1027 2068; x_wconf 79' lang='lat' dir='ltr'><strong>ratione,</strong></span> <span class='ocrx_word' id='word_1_109' title='bbox 1049 2005 1419 2068; x_wconf 82' lang='lat' dir='ltr'><strong>compescere.&#39;</strong></span> <span class='ocrx_word' id='word_1_110' title='bbox 1462 2007 1567 2056; x_wconf 81' lang='lat' dir='ltr'><strong>Id.-</strong></span> 
     </span>
    </p>

    <p class='ocr_par' dir='ltr' id='par_1_3' title="bbox 506 2080 1574 2219">
     <span class='ocr_line' id='line_1_22' title="bbox 574 2080 1573 2143; baseline 0.001 -15"><span class='ocrx_word' id='word_1_111' title='bbox 574 2080 836 2143; x_wconf 74' lang='lat' dir='ltr'><strong>Togarum]</strong></span> <span class='ocrx_word' id='word_1_112' title='bbox 873 2081 1015 2133; x_wconf 85' lang='lat' dir='ltr'><strong>Quas</strong></span> <span class='ocrx_word' id='word_1_113' title='bbox 1038 2082 1089 2128; x_wconf 91' lang='lat' dir='ltr'><strong>in</strong></span> <span class='ocrx_word' id='word_1_114' title='bbox 1104 2080 1465 2143; x_wconf 82' lang='lat' dir='ltr'><strong>jurisdictione</strong></span> <span class='ocrx_word' id='word_1_115' title='bbox 1487 2096 1573 2130; x_wconf 87' lang='lat' dir='ltr'><strong>sn·</strong></span> 
     </span>
     <span class='ocr_line' id='line_1_23' title="bbox 506 2154 1574 2219; baseline 0 -15"><span class='ocrx_word' id='word_1_116' title='bbox 506 2155 741 2219; x_wconf 82' lang='lat' dir='ltr'><strong>mebant,</strong></span> <span class='ocrx_word' id='word_1_117' title='bbox 768 2156 951 2204; x_wconf 83' lang='lat' dir='ltr'><strong>saltem</strong></span> <span class='ocrx_word' id='word_1_118' title='bbox 987 2154 1246 2211; x_wconf 85' lang='lat' dir='ltr'><strong>advocati,</strong></span> <span class='ocrx_word' id='word_1_119' title='bbox 1282 2156 1574 2214; x_wconf 84' lang='lat' dir='ltr'><strong>caussidici,</strong></span> 
     </span>
    </p>
   </div>
   <div class='ocr_carea' id='block_1_3' title="bbox 419 2231 1575 2297">
    <p class='ocr_par' dir='ltr' id='par_1_4' title="bbox 419 2231 1575 2297">
     <span class='ocr_line' id='line_1_24' title="bbox 419 2231 1575 2297; baseline 0.001 -17"><span class='ocrx_word' id='word_1_120' title='bbox 419 2284 422 2285; x_wconf 13' lang='lat'><em>⁷</em></span> <span class='ocrx_word' id='word_1_121' title='bbox 509 2238 567 2280; x_wconf 84' lang='lat' dir='ltr'><strong>et</strong></span> <span class='ocrx_word' id='word_1_122' title='bbox 607 2231 656 2280; x_wconf 88' lang='lat' dir='ltr'><strong>id</strong></span> <span class='ocrx_word' id='word_1_123' title='bbox 694 2246 875 2294; x_wconf 81' lang='lat' dir='ltr'><strong>genus.</strong></span> <span class='ocrx_word' id='word_1_124' title='bbox 941 2231 1125 2281; x_wconf 87' lang='lat' dir='ltr'><strong>Florus</strong></span> <span class='ocrx_word' id='word_1_125' title='bbox 1160 2232 1228 2280; x_wconf 87' lang='lat' dir='ltr'><strong>de</strong></span> <span class='ocrx_word' id='word_1_126' title='bbox 1272 2231 1575 2297; x_wconf 84' lang='lat' dir='ltr'><strong>Germanis,</strong></span> 
     </span>
    </p>
   </div>
   <div class='ocr_carea' id='block_1_4' title="bbox 506 2307 1584 3365">
    <p class='ocr_par' dir='ltr' id='par_1_5' title="bbox 508 2307 1580 2597">
     <span class='ocr_line' id='line_1_25' title="bbox 508 2307 1576 2371; baseline 0.006 -18"><span class='ocrx_word' id='word_1_127' title='bbox 508 2307 691 2371; x_wconf 87' lang='lat' dir='ltr'><strong>quibus</strong></span> <span class='ocrx_word' id='word_1_128' title='bbox 731 2307 1045 2359; x_wconf 72' lang='lat' dir='ltr'><strong>Quinctilius</strong></span> <span class='ocrx_word' id='word_1_129' title='bbox 1074 2308 1241 2357; x_wconf 85' lang='lat' dir='ltr'><strong>Varus</strong></span> <span class='ocrx_word' id='word_1_130' title='bbox 1268 2308 1360 2371; x_wconf 84' lang='lat' dir='ltr'><strong>jus</strong></span> <span class='ocrx_word' id='word_1_131' title='bbox 1399 2308 1576 2359; x_wconf 79' lang='lat' dir='ltr'><strong>dicere</strong></span> 
     </span>
     <span class='ocr_line' id='line_1_26' title="bbox 508 2383 1578 2448; baseline 0 -14"><span class='ocrx_word' id='word_1_132' title='bbox 508 2384 783 2434; x_wconf 80' lang='lat' dir='ltr'><strong>tentabat:</strong></span> <span class='ocrx_word' id='word_1_133' title='bbox 819 2384 834 2412; x_wconf 93' lang='lat'>‘</span> <span class='ocrx_word' id='word_1_134' title='bbox 854 2384 929 2434; x_wconf 88' lang='lat' dir='ltr'><strong>At</strong></span> <span class='ocrx_word' id='word_1_135' title='bbox 951 2384 1047 2447; x_wconf 92' lang='lat' dir='ltr'><strong>illi,</strong></span> <span class='ocrx_word' id='word_1_136' title='bbox 1068 2390 1128 2433; x_wconf 91' lang='lat' dir='ltr'><strong>ut</strong></span> <span class='ocrx_word' id='word_1_137' title='bbox 1162 2383 1382 2447; x_wconf 88' lang='lat' dir='ltr'><strong>primum</strong></span> <span class='ocrx_word' id='word_1_138' title='bbox 1405 2391 1578 2448; x_wconf 74' lang='lat' dir='ltr'><strong>togas,</strong></span> 
     </span>
     <span class='ocr_line' id='line_1_27' title="bbox 510 2461 1580 2526; baseline -0.001 -13"><span class='ocrx_word' id='word_1_139' title='bbox 510 2469 565 2513; x_wconf 71' lang='lat' dir='ltr'><strong>et</strong></span> <span class='ocrx_word' id='word_1_140' title='bbox 584 2462 802 2511; x_wconf 68' lang='lat' dir='ltr'><strong>saeviora</strong></span> <span class='ocrx_word' id='word_1_141' title='bbox 824 2461 994 2512; x_wconf 85' lang='lat' dir='ltr'><strong>armis·</strong></span> <span class='ocrx_word' id='word_1_142' title='bbox 997 2462 1119 2526; x_wconf 87' lang='lat' dir='ltr'><strong>jura</strong></span> <span class='ocrx_word' id='word_1_143' title='bbox 1143 2461 1420 2512; x_wconf 85' lang='lat' dir='ltr'><strong>viderunt.&#39;</strong></span> <span class='ocrx_word' id='word_1_144' title='bbox 1457 2463 1580 2526; x_wconf 78' lang='lat' dir='ltr'><strong>Lip-</strong></span> 
     </span>
     <span class='ocr_line' id='line_1_28' title="bbox 508 2551 628 2597; baseline 0.008 -13"><span class='ocrx_word' id='word_1_145' title='bbox 508 2551 628 2597; x_wconf 58' lang='lat' dir='ltr'><strong>spus.</strong></span> 
     </span>
    </p>

    <p class='ocr_par' dir='ltr' id='par_1_6' title="bbox 506 2612 1584 3365">
     <span class='ocr_line' id='line_1_29' title="bbox 575 2612 1581 2678; baseline 0.001 -16"><span class='ocrx_word' id='word_1_146' title='bbox 575 2612 843 2677; x_wconf 78' lang='lat' dir='ltr'><strong>Imagines]</strong></span> <span class='ocrx_word' id='word_1_147' title='bbox 897 2613 1028 2664; x_wconf 72' lang='lat' dir='ltr'><strong>Nem</strong></span> <span class='ocrx_word' id='word_1_148' title='bbox 1069 2613 1363 2678; x_wconf 77' lang='lat' dir='ltr'><strong>principum</strong></span> <span class='ocrx_word' id='word_1_149' title='bbox 1400 2613 1581 2677; x_wconf 81' lang='lat' dir='ltr'><strong>imagi-</strong></span> 
     </span>
     <span class='ocr_line' id='line_1_30' title="bbox 510 2688 1579 2755; baseline 0.001 -18"><span class='ocrx_word' id='word_1_150' title='bbox 510 2689 658 2753; x_wconf 78' lang='lat' dir='ltr'><strong>gines</strong></span> <span class='ocrx_word' id='word_1_151' title='bbox 697 2690 749 2738; x_wconf 91' lang='lat' dir='ltr'><strong>iu</strong></span> <span class='ocrx_word' id='word_1_152' title='bbox 786 2691 968 2754; x_wconf 81' lang='lat' dir='ltr'><strong>signis,</strong></span> <span class='ocrx_word' id='word_1_153' title='bbox 1004 2696 1058 2741; x_wconf 87' lang='lat' dir='ltr'><strong>et</strong></span> <span class='ocrx_word' id='word_1_154' title='bbox 1091 2688 1291 2755; x_wconf 68' lang='lat' dir='ltr'><strong>effigies</strong></span> <span class='ocrx_word' id='word_1_155' title='bbox 1329 2689 1490 2740; x_wconf 87' lang='lat' dir='ltr'><strong>etiam</strong></span> <span class='ocrx_word' id='word_1_156' title='bbox 1528 2691 1579 2739; x_wconf 90' lang='lat' dir='ltr'><strong>in</strong></span> 
     </span>
     <span class='ocr_line' id='line_1_31' title="bbox 509 2762 1581 2833; baseline 0.003 -18"><span class='ocrx_word' id='word_1_157' title='bbox 509 2762 716 2816; x_wconf 77' lang='lat' dir='ltr'><strong>castris.</strong></span> <span class='ocrx_word' id='word_1_158' title='bbox 781 2765 959 2833; x_wconf 84' lang='lat' dir='ltr'><strong>Atque</strong></span> <span class='ocrx_word' id='word_1_159' title='bbox 999 2768 1065 2817; x_wconf 86' lang='lat' dir='ltr'><strong>ad</strong></span> <span class='ocrx_word' id='word_1_160' title='bbox 1101 2780 1191 2817; x_wconf 86' lang='lat' dir='ltr'><strong>eas</strong></span> <span class='ocrx_word' id='word_1_161' title='bbox 1224 2768 1392 2817; x_wconf 82' lang='lat' dir='ltr'><strong>exteri</strong></span> <span class='ocrx_word' id='word_1_162' title='bbox 1424 2767 1581 2818; x_wconf 78' lang='lat' dir='ltr'><strong>duce·</strong></span> 
     </span>
     <span class='ocr_line' id='line_1_32' title="bbox 506 2841 1582 2908; baseline 0.003 -18"><span class='ocrx_word' id='word_1_163' title='bbox 506 2841 722 2905; x_wconf 78' lang='lat' dir='ltr'><strong>bantur,</strong></span> <span class='ocrx_word' id='word_1_164' title='bbox 752 2851 810 2893; x_wconf 87' lang='lat' dir='ltr'><strong>et</strong></span> <span class='ocrx_word' id='word_1_165' title='bbox 847 2842 1081 2908; x_wconf 89' lang='lat' dir='ltr'><strong>obsequii</strong></span> <span class='ocrx_word' id='word_1_166' title='bbox 1125 2843 1329 2907; x_wconf 81' lang='lat' dir='ltr'><strong>signum</strong></span> <span class='ocrx_word' id='word_1_167' title='bbox 1368 2858 1582 2893; x_wconf 69' lang='lat' dir='ltr'><strong>venera·</strong></span> 
     </span>
     <span class='ocr_line' id='line_1_33' title="bbox 508 2917 1578 2971; baseline 0.001 -4"><span class='ocrx_word' id='word_1_168' title='bbox 508 2917 703 2971; x_wconf 78' lang='lat' dir='ltr'><strong>bantur</strong></span> <span class='ocrx_word' id='word_1_169' title='bbox 738 2919 819 2967; x_wconf 83' lang='lat' dir='ltr'><strong>vel</strong></span> <span class='ocrx_word' id='word_1_170' title='bbox 856 2918 1165 2969; x_wconf 75' lang='lat' dir='ltr'><strong>adorabant.</strong></span> <span class='ocrx_word' id='word_1_171' title='bbox 1230 2919 1442 2969; x_wconf 74' lang='lat' dir='ltr'><strong>Tacitus</strong></span> <span class='ocrx_word' id='word_1_172' title='bbox 1475 2918 1578 2968; x_wconf 86' lang='lat' dir='ltr'><strong>An·</strong></span> 
     </span>
     <span class='ocr_line' id='line_1_34' title="bbox 508 2993 1581 3050; baseline 0.004 -10"><span class='ocrx_word' id='word_1_173' title='bbox 508 2993 616 3042; x_wconf 81' lang='lat' dir='ltr'><strong>nal.</strong></span> <span class='ocrx_word' id='word_1_174' title='bbox 640 3006 736 3042; x_wconf 84' lang='lat' dir='ltr'><strong>xv.</strong></span> <span class='ocrx_word' id='word_1_175' title='bbox 759 2995 775 3023; x_wconf 78' lang='lat'><em>⁶</em></span> <span class='ocrx_word' id='word_1_176' title='bbox 790 2995 972 3046; x_wconf 84' lang='lat' dir='ltr'><strong>Medio</strong></span> <span class='ocrx_word' id='word_1_177' title='bbox 1007 2994 1251 3050; x_wconf 77' lang='lat' dir='ltr'><strong>tribunal.</strong></span> <span class='ocrx_word' id='word_1_178' title='bbox 1274 3004 1329 3046; x_wconf 86' lang='lat' dir='ltr'><strong>et</strong></span> <span class='ocrx_word' id='word_1_179' title='bbox 1354 2995 1581 3046; x_wconf 88' lang='lat' dir='ltr'><strong>tribunal</strong></span> 
     </span>
     <span class='ocr_line' id='line_1_35' title="bbox 513 3067 1581 3136; baseline 0.006 -20"><span class='ocrx_word' id='word_1_180' title='bbox 513 3067 739 3131; x_wconf 79' lang='lat' dir='ltr'><strong>effigiem</strong></span> <span class='ocrx_word' id='word_1_181' title='bbox 759 3071 983 3121; x_wconf 86' lang='lat' dir='ltr'><strong>Neronis</strong></span> <span class='ocrx_word' id='word_1_182' title='bbox 999 3072 1324 3135; x_wconf 80' lang='lat' dir='ltr'><strong>sustinebat3</strong></span> <span class='ocrx_word' id='word_1_183' title='bbox 1348 3072 1414 3121; x_wconf 82' lang='lat' dir='ltr'><strong>ad</strong></span> <span class='ocrx_word' id='word_1_184' title='bbox 1428 3087 1581 3136; x_wconf 84' lang='lat' dir='ltr'><strong>quarn</strong></span> 
     </span>
     <span class='ocr_line' id='line_1_36' title="bbox 512 3146 1581 3208; baseline 0.004 -15"><span class='ocrx_word' id='word_1_185' title='bbox 512 3159 822 3208; x_wconf 81' lang='lat' dir='ltr'><strong>progressus</strong></span> <span class='ocrx_word' id='word_1_186' title='bbox 842 3146 1135 3203; x_wconf 79' lang='lat' dir='ltr'><strong>&#39;l&#39;eridstes‚</strong></span> <span class='ocrx_word' id='word_1_187' title='bbox 1156 3149 1307 3199; x_wconf 78' lang='lat' dir='ltr'><strong>caesis</strong></span> <span class='ocrx_word' id='word_1_188' title='bbox 1337 3148 1403 3198; x_wconf 92' lang='lat' dir='ltr'><strong>de</strong></span> <span class='ocrx_word' id='word_1_189' title='bbox 1436 3163 1581 3198; x_wconf 82' lang='lat' dir='ltr'><strong>more</strong></span> 
     </span>
     <span class='ocr_line' id='line_1_37' title="bbox 514 3219 1582 3286; baseline 0.006 -19"><span class='ocrx_word' id='word_1_190' title='bbox 514 3219 760 3276; x_wconf 75' lang='lat' dir='ltr'><strong>victimis,</strong></span> <span class='ocrx_word' id='word_1_191' title='bbox 802 3221 1061 3272; x_wconf 85' lang='lat' dir='ltr'><strong>sublatum</strong></span> <span class='ocrx_word' id='word_1_192' title='bbox 1115 3224 1291 3286; x_wconf 82' lang='lat' dir='ltr'><strong>capite</strong></span> <span class='ocrx_word' id='word_1_193' title='bbox 1341 3222 1582 3273; x_wconf 82' lang='lat' dir='ltr'><strong>diadema</strong></span> 
     </span>
     <span class='ocr_line' id='line_1_38' title="bbox 512 3297 1584 3365; baseline 0.003 -19"><span class='ocrx_word' id='word_1_194' title='bbox 512 3297 738 3359; x_wconf 71' lang='lat' dir='ltr'><strong>imagini,</strong></span> <span class='ocrx_word' id='word_1_195' title='bbox 763 3298 1026 3361; x_wconf 88' lang='lat' dir='ltr'><strong>subjecit.&#39;</strong></span> <span class='ocrx_word' id='word_1_196' title='bbox 1090 3299 1284 3365; x_wconf 85' lang='lat' dir='ltr'><strong>Itaque</strong></span> <span class='ocrx_word' id='word_1_197' title='bbox 1305 3308 1451 3365; x_wconf 84' lang='lat' dir='ltr'><strong>nola,</strong></span> <span class='ocrx_word' id='word_1_198' title='bbox 1474 3302 1584 3349; x_wconf 83' lang='lat' dir='ltr'><strong>vel-</strong></span> 
     </span>
    </p>
   </div>
   <div class='ocr_carea' id='block_1_5' title="bbox 513 3377 1600 3440">
    <p class='ocr_par' dir='ltr' id='par_1_7' title="bbox 513 3377 1600 3440">
     <span class='ocr_line' id='line_1_39' title="bbox 513 3377 1600 3440; baseline 0.006 -20"><span class='ocrx_word' id='word_1_199' title='bbox 513 3378 576 3421; x_wconf 85' lang='lat' dir='ltr'><strong>ut</strong></span> <span class='ocrx_word' id='word_1_200' title='bbox 622 3381 932 3434; x_wconf 77' lang='lat' dir='ltr'><strong>praesentem</strong></span> <span class='ocrx_word' id='word_1_201' title='bbox 978 3377 1365 3440; x_wconf 78' lang='lat' dir='ltr'><strong>imperatorem,</strong></span> <span class='ocrx_word' id='word_1_202' title='bbox 1397 3379 1449 3427; x_wconf 91' lang='lat' dir='ltr'><strong>in</strong></span> <span class='ocrx_word' id='word_1_203' title='bbox 1490 3379 1600 3427; x_wconf 66' lang='lat' dir='ltr'><strong>tri-⁴</strong></span> 
     </span>
    </p>
   </div>
   <div class='ocr_carea' id='block_1_6' title="bbox 515 3449 1586 4277">
    <p class='ocr_par' dir='ltr' id='par_1_8' title="bbox 515 3449 1584 3576">
     <span class='ocr_line' id='line_1_40' title="bbox 515 3449 1584 3517; baseline 0.004 -19"><span class='ocrx_word' id='word_1_204' title='bbox 515 3449 692 3498; x_wconf 85' lang='lat' dir='ltr'><strong>bunali</strong></span> <span class='ocrx_word' id='word_1_205' title='bbox 728 3451 924 3505; x_wconf 88' lang='lat' dir='ltr'><strong>cultum</strong></span> <span class='ocrx_word' id='word_1_206' title='bbox 960 3467 1053 3517; x_wconf 88' lang='lat' dir='ltr'><strong>per</strong></span> <span class='ocrx_word' id='word_1_207' title='bbox 1090 3453 1365 3517; x_wconf 79' lang='lat' dir='ltr'><strong>imaginem</strong></span> <span class='ocrx_word' id='word_1_208' title='bbox 1393 3454 1584 3506; x_wconf 67' lang='lat' dir='ltr'><strong>fuisse.</strong></span> 
     </span>
     <span class='ocr_line' id='line_1_41' title="bbox 518 3524 679 3576; baseline 0.012 -3"><span class='ocrx_word' id='word_1_209' title='bbox 518 3524 679 3576; x_wconf 83' lang='lat' dir='ltr'><strong>Idem.-</strong></span> 
     </span>
    </p>

    <p class='ocr_par' dir='ltr' id='par_1_9' title="bbox 515 3602 1585 3973">
     <span class='ocr_line' id='line_1_42' title="bbox 580 3602 1581 3672; baseline 0.006 -21"><span class='ocrx_word' id='word_1_210' title='bbox 580 3602 847 3669; x_wconf 75' lang='lat' dir='ltr'><strong>Imugines]</strong></span> <span class='ocrx_word' id='word_1_211' title='bbox 884 3605 1265 3671; x_wconf 83' lang='lat' dir='ltr'><strong>Imperatorum</strong></span> <span class='ocrx_word' id='word_1_212' title='bbox 1301 3607 1469 3672; x_wconf 78' lang='lat' dir='ltr'><strong>imago</strong></span> <span class='ocrx_word' id='word_1_213' title='bbox 1492 3606 1581 3657; x_wconf 86' lang='lat' dir='ltr'><strong>de·</strong></span> 
     </span>
     <span class='ocr_line' id='line_1_43' title="bbox 515 3675 1584 3747; baseline 0.007 -21"><span class='ocrx_word' id='word_1_214' title='bbox 515 3675 646 3729; x_wconf 82' lang='lat' dir='ltr'><strong>ferri</strong></span> <span class='ocrx_word' id='word_1_215' title='bbox 684 3687 841 3744; x_wconf 85' lang='lat' dir='ltr'><strong>atque</strong></span> <span class='ocrx_word' id='word_1_216' title='bbox 874 3684 1065 3747; x_wconf 86' lang='lat' dir='ltr'><strong>exponi</strong></span> <span class='ocrx_word' id='word_1_217' title='bbox 1102 3697 1198 3746; x_wconf 88' lang='lat' dir='ltr'><strong>per</strong></span> <span class='ocrx_word' id='word_1_218' title='bbox 1233 3690 1406 3734; x_wconf 81' lang='lat' dir='ltr'><strong>castra</strong></span> <span class='ocrx_word' id='word_1_219' title='bbox 1450 3685 1584 3733; x_wconf 83' lang='lat' dir='ltr'><strong>sole-</strong></span> 
     </span>
     <span class='ocr_line' id='line_1_44' title="bbox 518 3753 1584 3819; baseline 0.005 -17"><span class='ocrx_word' id='word_1_220' title='bbox 518 3753 630 3810; x_wconf 87' lang='lat' dir='ltr'><strong>bat,</strong></span> <span class='ocrx_word' id='word_1_221' title='bbox 674 3755 801 3819; x_wconf 89' lang='lat' dir='ltr'><strong>ipsis</strong></span> <span class='ocrx_word' id='word_1_222' title='bbox 846 3756 967 3807; x_wconf 89' lang='lat' dir='ltr'><strong>inde</strong></span> <span class='ocrx_word' id='word_1_223' title='bbox 1022 3758 1346 3809; x_wconf 72' lang='lat' dir='ltr'><strong>absentibus.</strong></span> <span class='ocrx_word' id='word_1_224' title='bbox 1409 3759 1584 3808; x_wconf 80' lang='lat' dir='ltr'><strong>Tacit.</strong></span> 
     </span>
     <span class='ocr_line' id='line_1_45' title="bbox 518 3829 1585 3898; baseline 0.006 -21"><span class='ocrx_word' id='word_1_225' title='bbox 518 3829 710 3885; x_wconf 81' lang='lat' dir='ltr'><strong>Annal.</strong></span> <span class='ocrx_word' id='word_1_226' title='bbox 733 3845 831 3881; x_wconf 87' lang='lat' dir='ltr'><strong>xv.</strong></span> <span class='ocrx_word' id='word_1_227' title='bbox 853 3834 867 3860; x_wconf 90' lang='lat'>‘</span> <span class='ocrx_word' id='word_1_228' title='bbox 885 3834 1133 3883; x_wconf 84' lang='lat' dir='ltr'><strong>Tribunal</strong></span> <span class='ocrx_word' id='word_1_229' title='bbox 1166 3833 1390 3898; x_wconf 77' lang='lat' dir='ltr'><strong>effigiem</strong></span> <span class='ocrx_word' id='word_1_230' title='bbox 1416 3836 1585 3884; x_wconf 87' lang='lat' dir='ltr'><strong>Nero-</strong></span> 
     </span>
     <span class='ocr_line' id='line_1_46' title="bbox 518 3906 1323 3973; baseline 0.002 -16"><span class='ocrx_word' id='word_1_231' title='bbox 518 3906 601 3961; x_wconf 76' lang='lat' dir='ltr'><strong>nis</strong></span> <span class='ocrx_word' id='word_1_232' title='bbox 625 3908 952 3973; x_wconf 86' lang='lat' dir='ltr'><strong>sustinebat,&#39;</strong></span> <span class='ocrx_word' id='word_1_233' title='bbox 974 3913 1075 3960; x_wconf 70' lang='grc' dir='ltr'><strong>διο.</strong></span> <span class='ocrx_word' id='word_1_234' title='bbox 1107 3912 1323 3960; x_wconf 75' lang='lat' dir='ltr'><strong>Patami.</strong></span> 
     </span>
    </p>

    <p class='ocr_par' dir='ltr' id='par_1_10' title="bbox 522 3982 1586 4277">
     <span class='ocr_line' id='line_1_47' title="bbox 591 3982 1585 4049; baseline 0.005 -19"><span class='ocrx_word' id='word_1_235' title='bbox 591 3982 962 4035; x_wconf 59' lang='lat' dir='ltr'><strong>concinabant</strong></span> <span class='ocrx_word' id='word_1_236' title='bbox 988 3985 1343 4049; x_wconf 75' lang='lat' dir='ltr'><strong>imperatorem]</strong></span> <span class='ocrx_word' id='word_1_237' title='bbox 1378 3986 1441 4036; x_wconf 93' lang='lat' dir='ltr'><strong>In</strong></span> <span class='ocrx_word' id='word_1_238' title='bbox 1468 4000 1585 4035; x_wconf 86' lang='lat' dir='ltr'><strong>meo</strong></span> 
     </span>
     <span class='ocr_line' id='line_1_48' title="bbox 522 4056 1585 4123; baseline 0.003 -16"><span class='ocrx_word' id='word_1_239' title='bbox 522 4056 726 4112; x_wconf 86' lang='lat' dir='ltr'><strong>codice,</strong></span> <span class='ocrx_word' id='word_1_240' title='bbox 749 4059 874 4108; x_wconf 83' lang='lat' dir='ltr'><strong>item</strong></span> <span class='ocrx_word' id='word_1_241' title='bbox 906 4061 957 4108; x_wconf 91' lang='lat' dir='ltr'><strong>in</strong></span> <span class='ocrx_word' id='word_1_242' title='bbox 993 4060 1127 4109; x_wconf 86' lang='lat' dir='ltr'><strong>libro</strong></span> <span class='ocrx_word' id='word_1_243' title='bbox 1156 4062 1426 4123; x_wconf 81' lang='lat' dir='ltr'><strong>vossiano,</strong></span> <span class='ocrx_word' id='word_1_244' title='bbox 1449 4063 1585 4112; x_wconf 79' lang='lat' dir='ltr'><strong>simi-</strong></span> 
     </span>
     <span class='ocr_line' id='line_1_49' title="bbox 522 4133 1585 4198; baseline 0.007 -18"><span class='ocrx_word' id='word_1_245' title='bbox 522 4133 746 4196; x_wconf 80' lang='lat' dir='ltr'><strong>literque</strong></span> <span class='ocrx_word' id='word_1_246' title='bbox 793 4134 842 4182; x_wconf 90' lang='lat' dir='ltr'><strong>in</strong></span> <span class='ocrx_word' id='word_1_247' title='bbox 887 4136 1185 4197; x_wconf 77' lang='lat' dir='ltr'><strong>Puteolani,</strong></span> <span class='ocrx_word' id='word_1_248' title='bbox 1231 4138 1484 4198; x_wconf 68' lang='lat' dir='ltr'><strong>Rhenani,</strong></span> <span class='ocrx_word' id='word_1_249' title='bbox 1530 4145 1585 4187; x_wconf 90' lang='lat' dir='ltr'><strong>et</strong></span> 
     </span>
     <span class='ocr_line' id='line_1_50' title="bbox 524 4208 1586 4277; baseline 0.005 -20"><span class='ocrx_word' id='word_1_250' title='bbox 524 4208 760 4265; x_wconf 83' lang='lat' dir='ltr'><strong>Plautini</strong></span> <span class='ocrx_word' id='word_1_251' title='bbox 780 4210 929 4260; x_wconf 82' lang='lat' dir='ltr'><strong>editt.</strong></span> <span class='ocrx_word' id='word_1_252' title='bbox 954 4226 1046 4275; x_wconf 86' lang='lat' dir='ltr'><strong>pro</strong></span> <span class='ocrx_word' id='word_1_253' title='bbox 1067 4209 1439 4269; x_wconf 68' lang='lat' dir='ltr'><strong>consolidabant,</strong></span> <span class='ocrx_word' id='word_1_254' title='bbox 1457 4215 1586 4277; x_wconf 75' lang='lat' dir='ltr'><strong>legi·</strong></span> 
     </span>
    </p>
   </div>
   <div class='ocr_carea' id='block_1_7' title="bbox 1204 408 2018 460">
    <p class='ocr_par' dir='ltr' id='par_1_11' title="bbox 1204 408 2018 460">
     <span class='ocr_line' id='line_1_51' title="bbox 1204 408 2018 460; baseline 0.001 -1"><span class='ocrx_word' id='word_1_255' title='bbox 1204 409 1426 459; x_wconf 79' lang='lat' dir='ltr'>NOTAE</span> <span class='ocrx_word' id='word_1_256' title='bbox 1474 408 1887 460; x_wconf 72' lang='lat' dir='ltr'>VARIORUM</span> <span class='ocrx_word' id='word_1_257' title='bbox 1937 408 2018 460; x_wconf 78' lang='lat' dir='ltr'><strong>IN</strong></span> 
     </span>
    </p>
   </div>
   <div class='ocr_carea' id='block_1_8' title="bbox 1644 552 2729 2529">
    <p class='ocr_par' dir='ltr' id='par_1_12' title="bbox 1644 552 2729 2529">
     <span class='ocr_line' id='line_1_52' title="bbox 1647 552 2719 617; baseline 0.001 -15"><span class='ocrx_word' id='word_1_258' title='bbox 1647 558 1735 603; x_wconf 83' lang='lat' dir='ltr'><strong>tur</strong></span> <span class='ocrx_word' id='word_1_259' title='bbox 1778 553 2125 604; x_wconf 76' lang='lat' dir='ltr'><strong>consultabant.</strong></span> <span class='ocrx_word' id='word_1_260' title='bbox 2193 553 2298 604; x_wconf 85' lang='lat' dir='ltr'><strong>Sed</strong></span> <span class='ocrx_word' id='word_1_261' title='bbox 2343 558 2568 617; x_wconf 82' lang='lat' dir='ltr'><strong>praestat</strong></span> <span class='ocrx_word' id='word_1_262' title='bbox 2608 552 2719 603; x_wconf 79' lang='lat' dir='ltr'><strong>vul-</strong></span> 
     </span>
     <span class='ocr_line' id='line_1_53' title="bbox 1644 630 2719 692; baseline 0 -13"><span class='ocrx_word' id='word_1_263' title='bbox 1644 636 1766 692; x_wconf 73' lang='lat' dir='ltr'><strong>gnta</strong></span> <span class='ocrx_word' id='word_1_264' title='bbox 1789 631 1961 681; x_wconf 85' lang='lat' dir='ltr'><strong>lectio.</strong></span> <span class='ocrx_word' id='word_1_265' title='bbox 2031 630 2200 680; x_wconf 82' lang='lat' dir='ltr'><strong>Simili</strong></span> <span class='ocrx_word' id='word_1_266' title='bbox 2227 632 2423 686; x_wconf 76' lang='lat' dir='ltr'><strong>errore,</strong></span> <span class='ocrx_word' id='word_1_267' title='bbox 2447 630 2607 679; x_wconf 82' lang='lat' dir='ltr'><strong>etiam</strong></span> <span class='ocrx_word' id='word_1_268' title='bbox 2635 645 2719 679; x_wconf 85' lang='lat' dir='ltr'><strong>sn·</strong></span> 
     </span>
     <span class='ocr_line' id='line_1_54' title="bbox 1648 706 2716 771; baseline 0 -16"><span class='ocrx_word' id='word_1_269' title='bbox 1648 721 1765 771; x_wconf 84' lang='lat' dir='ltr'><strong>pra,</strong></span> <span class='ocrx_word' id='word_1_270' title='bbox 1788 721 1840 756; x_wconf 86' lang='lat' dir='ltr'><strong>v.</strong></span> <span class='ocrx_word' id='word_1_271' title='bbox 1859 711 1909 757; x_wconf 83' lang='grc'><strong>4.</strong></span> <span class='ocrx_word' id='word_1_272' title='bbox 1929 709 1978 756; x_wconf 91' lang='lat' dir='ltr'><strong>in</strong></span> <span class='ocrx_word' id='word_1_273' title='bbox 2005 709 2262 758; x_wconf 81' lang='lat' dir='ltr'><strong>vossiano</strong></span> <span class='ocrx_word' id='word_1_274' title='bbox 2295 706 2429 756; x_wconf 90' lang='lat' dir='ltr'><strong>libro</strong></span> <span class='ocrx_word' id='word_1_275' title='bbox 2461 707 2716 770; x_wconf 84' lang='lat' dir='ltr'><strong>scriptum</strong></span> 
     </span>
     <span class='ocr_line' id='line_1_55' title="bbox 1648 782 2720 846; baseline -0.003 -14"><span class='ocrx_word' id='word_1_276' title='bbox 1648 790 1751 846; x_wconf 82' lang='lat' dir='ltr'><strong>est,</strong></span> <span class='ocrx_word' id='word_1_277' title='bbox 1777 783 1995 834; x_wconf 84' lang='lat' dir='ltr'><strong>‘Omnis</strong></span> <span class='ocrx_word' id='word_1_278' title='bbox 2030 784 2200 844; x_wconf 81' lang='lat' dir='ltr'><strong>turba,</strong></span> <span class='ocrx_word' id='word_1_279' title='bbox 2234 791 2294 833; x_wconf 85' lang='lat' dir='ltr'><strong>nt</strong></span> <span class='ocrx_word' id='word_1_280' title='bbox 2330 790 2458 832; x_wconf 89' lang='lat' dir='ltr'><strong>tunc</strong></span> <span class='ocrx_word' id='word_1_281' title='bbox 2496 782 2720 832; x_wconf 85' lang='lat' dir='ltr'><strong>arbitra·</strong></span> 
     </span>
     <span class='ocr_line' id='line_1_56' title="bbox 1647 856 2721 923; baseline -0.001 -16"><span class='ocrx_word' id='word_1_282' title='bbox 1647 859 1822 923; x_wconf 80' lang='lat' dir='ltr'><strong>batur,</strong></span> <span class='ocrx_word' id='word_1_283' title='bbox 1864 861 2060 923; x_wconf 79' lang='lat' dir='ltr'><strong>Den&#39;m3</strong></span> <span class='ocrx_word' id='word_1_284' title='bbox 2119 866 2377 920; x_wconf 87' lang='lat' dir='ltr'><strong>ceterum,</strong></span> <span class='ocrx_word' id='word_1_285' title='bbox 2422 866 2482 907; x_wconf 88' lang='lat' dir='ltr'><strong>ut</strong></span> <span class='ocrx_word' id='word_1_286' title='bbox 2537 856 2721 906; x_wconf 88' lang='lat' dir='ltr'><strong>docuit</strong></span> 
     </span>
     <span class='ocr_line' id='line_1_57' title="bbox 1647 934 2719 997; baseline -0.003 -13"><span class='ocrx_word' id='word_1_287' title='bbox 1647 943 1886 997; x_wconf 84' lang='lat' dir='ltr'><strong>eventus,</strong></span> <span class='ocrx_word' id='word_1_288' title='bbox 1942 943 1997 986; x_wconf 83' lang='lat' dir='ltr'><strong>te</strong></span> <span class='ocrx_word' id='word_1_289' title='bbox 2061 936 2375 986; x_wconf 72' lang='lat' dir='ltr'><strong>consultavit</strong></span> <span class='ocrx_word' id='word_1_290' title='bbox 2438 934 2719 997; x_wconf 82' lang='lat' dir='ltr'><strong>imperato-</strong></span> 
     </span>
     <span class='ocr_line' id='line_1_58' title="bbox 1648 1010 2720 1075; baseline -0.004 -12"><span class='ocrx_word' id='word_1_291' title='bbox 1648 1028 1757 1064; x_wconf 87' lang='lat' dir='ltr'><strong>rem</strong></span> <span class='ocrx_word' id='word_1_292' title='bbox 1778 1014 1813 1075; x_wconf 84' lang='lat'><strong>;’</strong></span> <span class='ocrx_word' id='word_1_293' title='bbox 1848 1015 1934 1064; x_wconf 90' lang='lat' dir='ltr'><strong>nbi</strong></span> <span class='ocrx_word' id='word_1_294' title='bbox 1956 1015 2120 1064; x_wconf 85' lang='lat' dir='ltr'><strong>ceteri</strong></span> <span class='ocrx_word' id='word_1_295' title='bbox 2155 1012 2275 1062; x_wconf 89' lang='lat' dir='ltr'><strong>libri</strong></span> <span class='ocrx_word' id='word_1_296' title='bbox 2311 1011 2501 1060; x_wconf 78' lang='lat' dir='ltr'><strong>rectius</strong></span> <span class='ocrx_word' id='word_1_297' title='bbox 2524 1010 2720 1059; x_wconf 84' lang='lat' dir='ltr'><strong>babent</strong></span> 
     </span>
     <span class='ocr_line' id='line_1_59' title="bbox 1647 1087 2719 1152; baseline -0.004 -14"><span class='ocrx_word' id='word_1_298' title='bbox 1647 1095 1697 1138; x_wconf 78' lang='lat' dir='ltr'><strong>te</strong></span> <span class='ocrx_word' id='word_1_299' title='bbox 1737 1090 2052 1140; x_wconf 68' lang='lat' dir='ltr'><strong>consalutauit</strong></span> <span class='ocrx_word' id='word_1_300' title='bbox 2094 1090 2445 1152; x_wconf 76' lang='lat' dir='ltr'><strong>imperatorem.</strong></span> <span class='ocrx_word' id='word_1_301' title='bbox 2513 1087 2719 1135; x_wconf 85' lang='lat' dir='ltr'><strong>Nomen</strong></span> 
     </span>
     <span class='ocr_line' id='line_1_60' title="bbox 1647 1163 2720 1231; baseline -0.004 -17"><span class='ocrx_word' id='word_1_302' title='bbox 1647 1165 2053 1231; x_wconf 84' lang='lat' dir='ltr'><strong>‘imperatoris‚’</strong></span> <span class='ocrx_word' id='word_1_303' title='bbox 2086 1168 2136 1216; x_wconf 93' lang='lat' dir='ltr'><strong>in</strong></span> <span class='ocrx_word' id='word_1_304' title='bbox 2170 1163 2420 1230; x_wconf 79' lang='lat' dir='ltr'><strong>praesenti</strong></span> <span class='ocrx_word' id='word_1_305' title='bbox 2455 1163 2614 1211; x_wconf 85' lang='lat' dir='ltr'><strong>Plinii</strong></span> <span class='ocrx_word' id='word_1_306' title='bbox 2651 1163 2720 1211; x_wconf 86' lang='lat' dir='ltr'><strong>lo·</strong></span> 
     </span>
     <span class='ocr_line' id='line_1_61' title="bbox 1648 1238 2720 1306; baseline -0.002 -17"><span class='ocrx_word' id='word_1_307' title='bbox 1648 1254 1730 1305; x_wconf 89' lang='lat' dir='ltr'><strong>co,</strong></span> <span class='ocrx_word' id='word_1_308' title='bbox 1768 1249 1825 1291; x_wconf 84' lang='lat' dir='ltr'><strong>ut</strong></span> <span class='ocrx_word' id='word_1_309' title='bbox 1870 1256 1935 1291; x_wconf 84' lang='lat' dir='ltr'><strong>ex</strong></span> <span class='ocrx_word' id='word_1_310' title='bbox 1973 1240 2409 1306; x_wconf 84' lang='lat' dir='ltr'><strong>subsequentibus</strong></span> <span class='ocrx_word' id='word_1_311' title='bbox 2448 1238 2625 1287; x_wconf 81' lang='lat' dir='ltr'><strong>verbis</strong></span> <span class='ocrx_word' id='word_1_312' title='bbox 2664 1238 2720 1287; x_wconf 78' lang='lat' dir='ltr'><strong>li·-</strong></span> 
     </span>
     <span class='ocr_line' id='line_1_62' title="bbox 1646 1313 2721 1385; baseline -0.005 -18"><span class='ocrx_word' id='word_1_313' title='bbox 1646 1325 1795 1385; x_wconf 82' lang='lat' dir='ltr'><strong>quet,</strong></span> <span class='ocrx_word' id='word_1_314' title='bbox 1819 1318 2038 1368; x_wconf 82' lang='lat' dir='ltr'><strong>sumitur</strong></span> <span class='ocrx_word' id='word_1_315' title='bbox 2072 1333 2166 1382; x_wconf 89' lang='lat' dir='ltr'><strong>pro</strong></span> <span class='ocrx_word' id='word_1_316' title='bbox 2191 1317 2419 1366; x_wconf 80' lang='lat' dir='ltr'><strong>‘victore</strong></span> <span class='ocrx_word' id='word_1_317' title='bbox 2459 1313 2721 1371; x_wconf 67' lang='lat' dir='ltr'><strong>hostium?</strong></span> 
     </span>
     <span class='ocr_line' id='line_1_63' title="bbox 1649 1390 2717 1461; baseline -0.006 -18"><span class='ocrx_word' id='word_1_318' title='bbox 1649 1396 1784 1461; x_wconf 87' lang='lat' dir='ltr'><strong>quod</strong></span> <span class='ocrx_word' id='word_1_319' title='bbox 1810 1395 2064 1459; x_wconf 87' lang='lat' dir='ltr'><strong>Trajanus</strong></span> <span class='ocrx_word' id='word_1_320' title='bbox 2091 1408 2190 1443; x_wconf 89' lang='lat' dir='ltr'><strong>non</strong></span> <span class='ocrx_word' id='word_1_321' title='bbox 2224 1399 2329 1442; x_wconf 81' lang='lat' dir='ltr'><strong>tam</strong></span> <span class='ocrx_word' id='word_1_322' title='bbox 2366 1390 2580 1440; x_wconf 81' lang='lat' dir='ltr'><strong>domitis</strong></span> <span class='ocrx_word' id='word_1_323' title='bbox 2602 1390 2717 1438; x_wconf 86' lang='lat' dir='ltr'><strong>hos·-</strong></span> 
     </span>
     <span class='ocr_line' id='line_1_64' title="bbox 1650 1465 2718 1537; baseline -0.008 -15"><span class='ocrx_word' id='word_1_324' title='bbox 1650 1471 1809 1536; x_wconf 88' lang='lat' dir='ltr'><strong>tibus‚</strong></span> <span class='ocrx_word' id='word_1_325' title='bbox 1841 1486 1991 1537; x_wconf 66' lang='lat' dir='ltr'><strong>quiam</strong></span> <span class='ocrx_word' id='word_1_326' title='bbox 2027 1471 2322 1525; x_wconf 84' lang='lat' dir='ltr'><strong>contemtis,</strong></span> <span class='ocrx_word' id='word_1_327' title='bbox 2359 1468 2608 1517; x_wconf 88' lang='lat' dir='ltr'><strong>meruisse</strong></span> <span class='ocrx_word' id='word_1_328' title='bbox 2642 1465 2718 1514; x_wconf 62' lang='lat' dir='ltr'><strong>di*-</strong></span> 
     </span>
     <span class='ocr_line' id='line_1_65' title="bbox 1650 1545 2720 1611; baseline -0.007 -12"><span class='ocrx_word' id='word_1_329' title='bbox 1650 1550 1825 1611; x_wconf 77' lang='lat' dir='ltr'><strong>citur3</strong></span> <span class='ocrx_word' id='word_1_330' title='bbox 1883 1563 1997 1599; x_wconf 82' lang='lat' dir='ltr'><strong>nam</strong></span> <span class='ocrx_word' id='word_1_331' title='bbox 2043 1547 2295 1610; x_wconf 79' lang='lat' dir='ltr'><strong>Trajanus</strong></span> <span class='ocrx_word' id='word_1_332' title='bbox 2341 1545 2454 1609; x_wconf 82' lang='lat' dir='ltr'><strong>jam</strong></span> <span class='ocrx_word' id='word_1_333' title='bbox 2512 1551 2638 1592; x_wconf 83' lang='lat' dir='ltr'><strong>ante</strong></span> <span class='ocrx_word' id='word_1_334' title='bbox 2688 1557 2720 1592; x_wconf 88' lang='lat' dir='ltr'><strong>a</strong></span> 
     </span>
     <span class='ocr_line' id='line_1_66' title="bbox 1652 1624 2719 1690; baseline -0.008 -14"><span class='ocrx_word' id='word_1_335' title='bbox 1652 1626 1845 1682; x_wconf 72' lang='lat' dir='ltr'><strong>Nerva,</strong></span> <span class='ocrx_word' id='word_1_336' title='bbox 1889 1631 2131 1690; x_wconf 82' lang='lat' dir='ltr'><strong>tanquam</strong></span> <span class='ocrx_word' id='word_1_337' title='bbox 2173 1624 2377 1685; x_wconf 85' lang='lat' dir='ltr'><strong>collega</strong></span> <span class='ocrx_word' id='word_1_338' title='bbox 2415 1629 2474 1671; x_wconf 90' lang='lat' dir='ltr'><strong>et</strong></span> <span class='ocrx_word' id='word_1_339' title='bbox 2509 1634 2719 1670; x_wconf 85' lang='lat' dir='ltr'><strong>consors</strong></span> 
     </span>
     <span class='ocr_line' id='line_1_67' title="bbox 1648 1698 2722 1763; baseline -0.006 -13"><span class='ocrx_word' id='word_1_340' title='bbox 1648 1701 1875 1763; x_wconf 86' lang='lat' dir='ltr'><strong>imperii,</strong></span> <span class='ocrx_word' id='word_1_341' title='bbox 1915 1700 2212 1749; x_wconf 87' lang='lat' dir='ltr'><strong>declaratus</strong></span> <span class='ocrx_word' id='word_1_342' title='bbox 2256 1703 2375 1748; x_wconf 85' lang='lat' dir='ltr'><strong>erat</strong></span> <span class='ocrx_word' id='word_1_343' title='bbox 2419 1698 2722 1759; x_wconf 86' lang='lat' dir='ltr'><strong>imperator.</strong></span> 
     </span>
     <span class='ocr_line' id='line_1_68' title="bbox 1648 1775 2722 1839; baseline -0.005 -14"><span class='ocrx_word' id='word_1_344' title='bbox 1648 1777 1786 1826; x_wconf 86' lang='lat' dir='ltr'><strong>Vide</strong></span> <span class='ocrx_word' id='word_1_345' title='bbox 1818 1790 1974 1839; x_wconf 82' lang='lat' dir='ltr'><strong>supra</strong></span> <span class='ocrx_word' id='word_1_346' title='bbox 1998 1775 2062 1826; x_wconf 79' lang='lat' dir='ltr'><strong>sd</strong></span> <span class='ocrx_word' id='word_1_347' title='bbox 2089 1789 2215 1825; x_wconf 79' lang='lat' dir='ltr'><strong>vni.</strong></span> <span class='ocrx_word' id='word_1_348' title='bbox 2237 1779 2287 1824; x_wconf 82' lang='lat'><strong>6.</strong></span> <span class='ocrx_word' id='word_1_349' title='bbox 2355 1775 2563 1824; x_wconf 85' lang='lat' dir='ltr'><strong>Nomen</strong></span> <span class='ocrx_word' id='word_1_350' title='bbox 2599 1786 2722 1820; x_wconf 84' lang='lat' dir='ltr'><strong>vero</strong></span> 
     </span>
     <span class='ocr_line' id='line_1_69' title="bbox 1651 1849 2720 1917; baseline -0.006 -15"><span class='ocrx_word' id='word_1_351' title='bbox 1651 1853 1962 1917; x_wconf 85' lang='lat' dir='ltr'><strong>titulumque</strong></span> <span class='ocrx_word' id='word_1_352' title='bbox 2007 1853 2025 1881; x_wconf 90' lang='lat'>‘</span> <span class='ocrx_word' id='word_1_353' title='bbox 2045 1849 2422 1915; x_wconf 78' lang='lat' dir='ltr'><strong>imperatoris,&#39;</strong></span> <span class='ocrx_word' id='word_1_354' title='bbox 2470 1856 2720 1913; x_wconf 83' lang='lat' dir='ltr'><strong>tanquam</strong></span> 
     </span>
     <span class='ocr_line' id='line_1_70' title="bbox 1646 1926 2724 1991; baseline -0.002 -15"><span class='ocrx_word' id='word_1_355' title='bbox 1646 1929 1664 1958; x_wconf 88' lang='lat'>‘</span> <span class='ocrx_word' id='word_1_356' title='bbox 1684 1929 1896 1978; x_wconf 84' lang='lat' dir='ltr'><strong>victoris</strong></span> <span class='ocrx_word' id='word_1_357' title='bbox 1932 1926 2195 1991; x_wconf 80' lang='lat' dir='ltr'><strong>hostium,’</strong></span> <span class='ocrx_word' id='word_1_358' title='bbox 2218 1929 2328 1991; x_wconf 84' lang='lat' dir='ltr'><strong>jam</strong></span> <span class='ocrx_word' id='word_1_359' title='bbox 2366 1927 2417 1974; x_wconf 91' lang='lat' dir='ltr'><strong>in</strong></span> <span class='ocrx_word' id='word_1_360' title='bbox 2449 1926 2724 1989; x_wconf 76' lang='lat' dir='ltr'><strong>republica</strong></span> 
     </span>
     <span class='ocr_line' id='line_1_71' title="bbox 1650 2000 2725 2067; baseline -0.004 -14"><span class='ocrx_word' id='word_1_361' title='bbox 1650 2004 1834 2067; x_wconf 84' lang='lat' dir='ltr'><strong>libers,</strong></span> <span class='ocrx_word' id='word_1_362' title='bbox 1866 2005 2028 2054; x_wconf 69' lang='lat' dir='ltr'><strong>uinces</strong></span> <span class='ocrx_word' id='word_1_363' title='bbox 2063 2004 2410 2059; x_wconf 81' lang='lat' dir='ltr'><strong>exercituum,</strong></span> <span class='ocrx_word' id='word_1_364' title='bbox 2443 2002 2600 2052; x_wconf 82' lang='lat' dir='ltr'><strong>victis</strong></span> <span class='ocrx_word' id='word_1_365' title='bbox 2633 2000 2725 2050; x_wconf 91' lang='lat' dir='ltr'><strong>do-</strong></span> 
     </span>
     <span class='ocr_line' id='line_1_72' title="bbox 1648 2078 2723 2147; baseline -0.005 -16"><span class='ocrx_word' id='word_1_366' title='bbox 1648 2082 1897 2147; x_wconf 78' lang='lat' dir='ltr'><strong>mitisquc·</strong></span> <span class='ocrx_word' id='word_1_367' title='bbox 1921 2082 2171 2138; x_wconf 72' lang='lat' dir='ltr'><strong>hostibus,</strong></span> <span class='ocrx_word' id='word_1_368' title='bbox 2196 2081 2552 2131; x_wconf 83' lang='lat' dir='ltr'><strong>merebantur.</strong></span> <span class='ocrx_word' id='word_1_369' title='bbox 2618 2078 2723 2130; x_wconf 83' lang='lat' dir='ltr'><strong>Qui</strong></span> 
     </span>
     <span class='ocr_line' id='line_1_73' title="bbox 1649 2155 2725 2223; baseline -0.005 -15"><span class='ocrx_word' id='word_1_370' title='bbox 1649 2159 1815 2209; x_wconf 84' lang='lat' dir='ltr'><strong>bonor</strong></span> <span class='ocrx_word' id='word_1_371' title='bbox 1839 2159 2100 2223; x_wconf 82' lang='lat' dir='ltr'><strong>deinceps,</strong></span> <span class='ocrx_word' id='word_1_372' title='bbox 2125 2164 2215 2208; x_wconf 73' lang='lat' dir='ltr'><strong>etit</strong></span> <span class='ocrx_word' id='word_1_373' title='bbox 2244 2159 2367 2208; x_wconf 88' lang='lat' dir='ltr'><strong>solis</strong></span> <span class='ocrx_word' id='word_1_374' title='bbox 2401 2155 2725 2221; x_wconf 84' lang='lat' dir='ltr'><strong>principibus</strong></span> 
     </span>
     <span class='ocr_line' id='line_1_74' title="bbox 1651 2231 2727 2297; baseline -0.006 -12"><span class='ocrx_word' id='word_1_375' title='bbox 1651 2234 1964 2291; x_wconf 77' lang='lat' dir='ltr'><strong>vindicatus,</strong></span> <span class='ocrx_word' id='word_1_376' title='bbox 2034 2235 2372 2297; x_wconf 85' lang='lat' dir='ltr'><strong>pluribusque</strong></span> <span class='ocrx_word' id='word_1_377' title='bbox 2442 2231 2727 2295; x_wconf 75' lang='lat' dir='ltr'><strong>reportatis</strong></span> 
     </span>
     <span class='ocr_line' id='line_1_75' title="bbox 1651 2308 2724 2376; baseline -0.005 -16"><span class='ocrx_word' id='word_1_378' title='bbox 1651 2311 1900 2367; x_wconf 77' lang='lat' dir='ltr'><strong>victoriis,</strong></span> <span class='ocrx_word' id='word_1_379' title='bbox 1925 2311 2117 2376; x_wconf 84' lang='lat' dir='ltr'><strong>pluries</strong></span> <span class='ocrx_word' id='word_1_380' title='bbox 2152 2310 2429 2375; x_wconf 84' lang='lat' dir='ltr'><strong>repetitus,</strong></span> <span class='ocrx_word' id='word_1_381' title='bbox 2453 2316 2511 2359; x_wconf 87' lang='lat' dir='ltr'><strong>et</strong></span> <span class='ocrx_word' id='word_1_382' title='bbox 2537 2308 2590 2357; x_wconf 89' lang='lat' dir='ltr'><strong>in</strong></span> <span class='ocrx_word' id='word_1_383' title='bbox 2619 2322 2724 2356; x_wconf 90' lang='lat' dir='ltr'><strong>mo·</strong></span> 
     </span>
     <span class='ocr_line' id='line_1_76' title="bbox 1651 2387 2725 2448; baseline -0.005 -11"><span class='ocrx_word' id='word_1_384' title='bbox 1651 2388 1895 2437; x_wconf 88' lang='lat' dir='ltr'><strong>nimentis</strong></span> <span class='ocrx_word' id='word_1_385' title='bbox 1915 2401 2132 2438; x_wconf 84' lang='lat' dir='ltr'><strong>numero</strong></span> <span class='ocrx_word' id='word_1_386' title='bbox 2156 2402 2248 2436; x_wconf 87' lang='lat' dir='ltr'><strong>suo</strong></span> <span class='ocrx_word' id='word_1_387' title='bbox 2282 2387 2589 2448; x_wconf 87' lang='lat' dir='ltr'><strong>designatus</strong></span> <span class='ocrx_word' id='word_1_388' title='bbox 2610 2391 2725 2444; x_wconf 79' lang='lat' dir='ltr'><strong>est3</strong></span> 
     </span>
     <span class='ocr_line' id='line_1_77' title="bbox 1654 2461 2729 2529; baseline -0.006 -14"><span class='ocrx_word' id='word_1_389' title='bbox 1654 2471 1744 2515; x_wconf 80' lang='lat' dir='ltr'><strong>aut</strong></span> <span class='ocrx_word' id='word_1_390' title='bbox 1768 2465 1865 2514; x_wconf 88' lang='lat' dir='ltr'><strong>sub</strong></span> <span class='ocrx_word' id='word_1_391' title='bbox 1889 2464 1966 2513; x_wconf 79' lang='lat' dir='ltr'><strong>his</strong></span> <span class='ocrx_word' id='word_1_392' title='bbox 1990 2477 2242 2529; x_wconf 84' lang='lat' dir='ltr'><strong>perquam</strong></span> <span class='ocrx_word' id='word_1_393' title='bbox 2269 2477 2407 2527; x_wconf 86' lang='lat' dir='ltr'><strong>raro,</strong></span> <span class='ocrx_word' id='word_1_394' title='bbox 2430 2476 2607 2526; x_wconf 88' lang='lat' dir='ltr'><strong>neque</strong></span> <span class='ocrx_word' id='word_1_395' title='bbox 2635 2461 2729 2509; x_wconf 82' lang='lat' dir='ltr'><strong>nisi</strong></span> 
     </span>
    </p>
   </div>
   <div class='ocr_carea' id='block_1_9' title="bbox 1559 2539 2729 2603">
    <p class='ocr_par' dir='ltr' id='par_1_13' title="bbox 1559 2539 2729 2603">
     <span class='ocr_line' id='line_1_78' title="bbox 1559 2539 2729 2603; baseline -0.007 -10"><span class='ocrx_word' id='word_1_396' title='bbox 1559 2564 1567 2583; x_wconf 65' lang='grc' dir='ltr'>ι</span> <span class='ocrx_word' id='word_1_397' title='bbox 1654 2542 1836 2592; x_wconf 79' lang='lat' dir='ltr'><strong>decem</strong></span> <span class='ocrx_word' id='word_1_398' title='bbox 1862 2542 2082 2592; x_wconf 85' lang='lat' dir='ltr'><strong>millibus</strong></span> <span class='ocrx_word' id='word_1_399' title='bbox 2115 2542 2334 2591; x_wconf 84' lang='lat' dir='ltr'><strong>hostium</strong></span> <span class='ocrx_word' id='word_1_400' title='bbox 2359 2541 2533 2600; x_wconf 56' lang='lat' dir='ltr'><strong>camis,</strong></span> <span class='ocrx_word' id='word_1_401' title='bbox 2555 2539 2729 2603; x_wconf 75' lang='lat' dir='ltr'><strong>priva-</strong></span> 
     </span>
    </p>
   </div>
   <div class='ocr_carea' id='block_1_10' title="bbox 1654 2615 2736 4277">
    <p class='ocr_par' dir='ltr' id='par_1_14' title="bbox 1654 2615 2736 3733">
     <span class='ocr_line' id='line_1_79' title="bbox 1655 2615 2728 2669; baseline -0.005 -1"><span class='ocrx_word' id='word_1_402' title='bbox 1655 2618 1725 2669; x_wconf 89' lang='lat' dir='ltr'><strong>tis</strong></span> <span class='ocrx_word' id='word_1_403' title='bbox 1761 2617 1981 2668; x_wconf 79' lang='lat' dir='ltr'><strong>ducibus</strong></span> <span class='ocrx_word' id='word_1_404' title='bbox 2020 2631 2297 2667; x_wconf 84' lang='lat' dir='ltr'><strong>concessus</strong></span> <span class='ocrx_word' id='word_1_405' title='bbox 2336 2624 2437 2665; x_wconf 86' lang='lat' dir='ltr'><strong>est.</strong></span> <span class='ocrx_word' id='word_1_406' title='bbox 2507 2616 2632 2668; x_wconf 81' lang='lat' dir='ltr'><strong>Quo</strong></span> <span class='ocrx_word' id='word_1_407' title='bbox 2663 2615 2728 2663; x_wconf 84' lang='lat' dir='ltr'><strong>de</strong></span> 
     </span>
     <span class='ocr_line' id='line_1_80' title="bbox 1656 2692 2728 2758; baseline -0.005 -14"><span class='ocrx_word' id='word_1_408' title='bbox 1656 2694 1812 2744; x_wconf 87' lang='lat' dir='ltr'><strong>titulo</strong></span> <span class='ocrx_word' id='word_1_409' title='bbox 1850 2694 2132 2758; x_wconf 73' lang='lat' dir='ltr'><strong>spanhem.</strong></span> <span class='ocrx_word' id='word_1_410' title='bbox 2172 2693 2237 2742; x_wconf 89' lang='lat' dir='ltr'><strong>de</strong></span> <span class='ocrx_word' id='word_1_411' title='bbox 2277 2693 2390 2742; x_wconf 88' lang='lat' dir='ltr'><strong>Usu</strong></span> <span class='ocrx_word' id='word_1_412' title='bbox 2435 2698 2491 2741; x_wconf 86' lang='lat' dir='ltr'><strong>et</strong></span> <span class='ocrx_word' id='word_1_413' title='bbox 2536 2692 2728 2741; x_wconf 74' lang='lat' dir='ltr'><strong>Praest.</strong></span> 
     </span>
     <span class='ocr_line' id='line_1_81' title="bbox 1657 2768 2727 2834; baseline -0.004 -14"><span class='ocrx_word' id='word_1_414' title='bbox 1657 2770 1916 2820; x_wconf 81' lang='lat' dir='ltr'><strong>Numisrn.</strong></span> <span class='ocrx_word' id='word_1_415' title='bbox 1940 2771 2161 2821; x_wconf 81' lang='lat' dir='ltr'><strong>Dissert.</strong></span> <span class='ocrx_word' id='word_1_416' title='bbox 2193 2774 2273 2820; x_wconf 78' lang='lat'><strong>12.</strong></span> <span class='ocrx_word' id='word_1_417' title='bbox 2303 2771 2455 2834; x_wconf 90' lang='lat' dir='ltr'><strong>plura</strong></span> <span class='ocrx_word' id='word_1_418' title='bbox 2491 2768 2727 2817; x_wconf 85' lang='lat' dir='ltr'><strong>tradidit.</strong></span> 
     </span>
     <span class='ocr_line' id='line_1_82' title="bbox 1654 2842 2730 2896; baseline -0.004 0"><span class='ocrx_word' id='word_1_419' title='bbox 1654 2848 1805 2896; x_wconf 82' lang='lat' dir='ltr'><strong>Tunc</strong></span> <span class='ocrx_word' id='word_1_420' title='bbox 1828 2860 1950 2896; x_wconf 83' lang='lat' dir='ltr'><strong>vero</strong></span> <span class='ocrx_word' id='word_1_421' title='bbox 1967 2847 2195 2896; x_wconf 79' lang='lat' dir='ltr'><strong>victores</strong></span> <span class='ocrx_word' id='word_1_422' title='bbox 2221 2846 2443 2894; x_wconf 84' lang='lat' dir='ltr'><strong>bostium</strong></span> <span class='ocrx_word' id='word_1_423' title='bbox 2472 2842 2730 2894; x_wconf 72' lang='lat' dir='ltr'><strong>acclama·</strong></span> 
     </span>
     <span class='ocr_line' id='line_1_83' title="bbox 1657 2920 2731 2983; baseline -0.005 -11"><span class='ocrx_word' id='word_1_424' title='bbox 1657 2923 1800 2972; x_wconf 85' lang='lat' dir='ltr'><strong>tione</strong></span> <span class='ocrx_word' id='word_1_425' title='bbox 1821 2922 2086 2972; x_wconf 80' lang='lat' dir='ltr'><strong>exercitus</strong></span> <span class='ocrx_word' id='word_1_426' title='bbox 2112 2920 2138 2961; x_wconf 87' lang='lat'><strong>-‘</strong></span> <span class='ocrx_word' id='word_1_427' title='bbox 2157 2921 2507 2983; x_wconf 81' lang='lat' dir='ltr'><strong>imperatores·</strong></span> <span class='ocrx_word' id='word_1_428' title='bbox 2533 2921 2731 2968; x_wconf 87' lang='lat' dir='ltr'><strong>saluta-</strong></span> 
     </span>
     <span class='ocr_line' id='line_1_84' title="bbox 1657 2996 2732 3062; baseline -0.003 -14"><span class='ocrx_word' id='word_1_429' title='bbox 1657 2999 1740 3062; x_wconf 70' lang='lat' dir='ltr'><strong>ti:</strong></span> <span class='ocrx_word' id='word_1_430' title='bbox 1792 3001 1901 3049; x_wconf 82' lang='lat' dir='ltr'><strong>sive</strong></span> <span class='ocrx_word' id='word_1_431' title='bbox 1946 3005 1964 3031; x_wconf 73' lang='lat'><strong>⁸</strong></span> <span class='ocrx_word' id='word_1_432' title='bbox 1987 2997 2358 3059; x_wconf 80' lang='lat' dir='ltr'><strong>consalutari,&#39;</strong></span> <span class='ocrx_word' id='word_1_433' title='bbox 2400 2996 2732 3045; x_wconf 76' lang='lat' dir='ltr'><strong>dicebantur.</strong></span> 
     </span>
     <span class='ocr_line' id='line_1_85' title="bbox 1657 3072 2730 3136; baseline -0.007 -10"><span class='ocrx_word' id='word_1_434' title='bbox 1657 3076 1792 3126; x_wconf 76' lang='lat' dir='ltr'><strong>Quae</strong></span> <span class='ocrx_word' id='word_1_435' title='bbox 1842 3074 2089 3123; x_wconf 82' lang='lat' dir='ltr'><strong>salutatio</strong></span> <span class='ocrx_word' id='word_1_436' title='bbox 2132 3072 2362 3122; x_wconf 78' lang='lat' dir='ltr'><strong>habebat</strong></span> <span class='ocrx_word' id='word_1_437' title='bbox 2409 3072 2608 3136; x_wconf 87' lang='lat' dir='ltr'><strong>aliquid</strong></span> <span class='ocrx_word' id='word_1_438' title='bbox 2666 3072 2730 3120; x_wconf 85' lang='lat' dir='ltr'><strong>si-</strong></span> 
     </span>
     <span class='ocr_line' id='line_1_86' title="bbox 1657 3147 2733 3211; baseline -0.001 -14"><span class='ocrx_word' id='word_1_439' title='bbox 1657 3149 1779 3197; x_wconf 87' lang='lat' dir='ltr'><strong>mile</strong></span> <span class='ocrx_word' id='word_1_440' title='bbox 1803 3148 2126 3198; x_wconf 83' lang='lat' dir='ltr'><strong>venerationi</strong></span> <span class='ocrx_word' id='word_1_441' title='bbox 2145 3148 2258 3197; x_wconf 84' lang='lat' dir='ltr'><strong>Diis</strong></span> <span class='ocrx_word' id='word_1_442' title='bbox 2277 3148 2521 3211; x_wconf 63' lang='lat' dir='ltr'><strong>praestari</strong></span> <span class='ocrx_word' id='word_1_443' title='bbox 2541 3147 2733 3207; x_wconf 62' lang='lat' dir='ltr'><strong>solita,</strong></span> 
     </span>
     <span class='ocr_line' id='line_1_87' title="bbox 1659 3225 2732 3291; baseline -0.002 -16"><span class='ocrx_word' id='word_1_444' title='bbox 1659 3227 1818 3291; x_wconf 89' lang='lat' dir='ltr'><strong>quod,</strong></span> <span class='ocrx_word' id='word_1_445' title='bbox 1862 3227 1938 3275; x_wconf 85' lang='lat' dir='ltr'><strong>uli</strong></span> <span class='ocrx_word' id='word_1_446' title='bbox 1971 3227 2083 3289; x_wconf 83' lang='lat' dir='ltr'><strong>jam</strong></span> <span class='ocrx_word' id='word_1_447' title='bbox 2124 3225 2336 3274; x_wconf 86' lang='lat' dir='ltr'><strong>aliunde</strong></span> <span class='ocrx_word' id='word_1_448' title='bbox 2379 3231 2614 3280; x_wconf 86' lang='lat' dir='ltr'><strong>constat,</strong></span> <span class='ocrx_word' id='word_1_449' title='bbox 2658 3225 2732 3273; x_wconf 83' lang='lat' dir='ltr'><strong>ita</strong></span> 
     </span>
     <span class='ocr_line' id='line_1_88' title="bbox 1658 3301 2730 3368; baseline -0.003 -15"><span class='ocrx_word' id='word_1_450' title='bbox 1658 3304 1924 3368; x_wconf 79' lang='lat' dir='ltr'><strong>colligitur</strong></span> <span class='ocrx_word' id='word_1_451' title='bbox 1959 3317 2024 3352; x_wconf 87' lang='lat' dir='ltr'><strong>ex</strong></span> <span class='ocrx_word' id='word_1_452' title='bbox 2064 3303 2226 3353; x_wconf 80' lang='lat' dir='ltr'><strong>citato</strong></span> <span class='ocrx_word' id='word_1_453' title='bbox 2266 3316 2388 3366; x_wconf 79' lang='lat' dir='ltr'><strong>esp.</strong></span> <span class='ocrx_word' id='word_1_454' title='bbox 2415 3315 2468 3351; x_wconf 86' lang='lat' dir='ltr'><strong>v.</strong></span> <span class='ocrx_word' id='word_1_455' title='bbox 2492 3305 2546 3352; x_wconf 80' lang='lat'><strong>4.</strong></span> <span class='ocrx_word' id='word_1_456' title='bbox 2584 3301 2730 3365; x_wconf 87' lang='lat' dir='ltr'><strong>hujus</strong></span> 
     </span>
     <span class='ocr_line' id='line_1_89' title="bbox 1659 3377 2732 3447; baseline 0 -19"><span class='ocrx_word' id='word_1_457' title='bbox 1659 3379 1994 3444; x_wconf 66' lang='lat' dir='ltr'><strong>Panegyrici.</strong></span> <span class='ocrx_word' id='word_1_458' title='bbox 2059 3379 2198 3428; x_wconf 84' lang='lat' dir='ltr'><strong>Nam</strong></span> <span class='ocrx_word' id='word_1_459' title='bbox 2239 3386 2296 3427; x_wconf 88' lang='lat' dir='ltr'><strong>et</strong></span> <span class='ocrx_word' id='word_1_460' title='bbox 2338 3377 2440 3433; x_wconf 89' lang='lat' dir='ltr'><strong>Dii,</strong></span> <span class='ocrx_word' id='word_1_461' title='bbox 2478 3390 2612 3441; x_wconf 89' lang='lat' dir='ltr'><strong>qnos</strong></span> <span class='ocrx_word' id='word_1_462' title='bbox 2647 3392 2732 3447; x_wconf 69' lang='lat' dir='ltr'><strong>ye-</strong></span> 
     </span>
     <span class='ocr_line' id='line_1_90' title="bbox 1658 3452 2736 3515; baseline 0.001 -12"><span class='ocrx_word' id='word_1_463' title='bbox 1658 3456 1976 3504; x_wconf 81' lang='lat' dir='ltr'><strong>nerabnntnr</strong></span> <span class='ocrx_word' id='word_1_464' title='bbox 2008 3456 2065 3503; x_wconf 85' lang='lat' dir='ltr'><strong>e&#39;t</strong></span> <span class='ocrx_word' id='word_1_465' title='bbox 2106 3454 2413 3515; x_wconf 82' lang='lat' dir='ltr'><strong>adorabant,</strong></span> <span class='ocrx_word' id='word_1_466' title='bbox 2449 3454 2703 3503; x_wconf 85' lang='lat' dir='ltr'><strong>‘salutari</strong></span> <span class='ocrx_word' id='word_1_467' title='bbox 2718 3452 2736 3505; x_wconf 87' lang='lat'><strong>.&#39;</strong></span> 
     </span>
     <span class='ocr_line' id='line_1_91' title="bbox 1659 3528 2734 3580; baseline -0.001 0"><span class='ocrx_word' id='word_1_468' title='bbox 1659 3530 1987 3580; x_wconf 68' lang='lat' dir='ltr'><strong>dicebantur.</strong></span> <span class='ocrx_word' id='word_1_469' title='bbox 2055 3528 2193 3578; x_wconf 84' lang='lat' dir='ltr'><strong>Vide</strong></span> <span class='ocrx_word' id='word_1_470' title='bbox 2218 3529 2462 3578; x_wconf 87' lang='lat' dir='ltr'><strong>Brouerii</strong></span> <span class='ocrx_word' id='word_1_471' title='bbox 2499 3529 2570 3579; x_wconf 85' lang='lat' dir='ltr'><strong>de</strong></span> <span class='ocrx_word' id='word_1_472' title='bbox 2608 3531 2734 3580; x_wconf 82' lang='lat' dir='ltr'><strong>Nie—</strong></span> 
     </span>
     <span class='ocr_line' id='line_1_92' title="bbox 1659 3604 2732 3669; baseline -0.003 -14"><span class='ocrx_word' id='word_1_473' title='bbox 1659 3606 1810 3655; x_wconf 74' lang='lat' dir='ltr'><strong>deek.</strong></span> <span class='ocrx_word' id='word_1_474' title='bbox 1833 3606 2046 3655; x_wconf 84' lang='lat' dir='ltr'><strong>dissert.</strong></span> <span class='ocrx_word' id='word_1_475' title='bbox 2066 3604 2133 3654; x_wconf 89' lang='lat' dir='ltr'><strong>de</strong></span> <span class='ocrx_word' id='word_1_476' title='bbox 2153 3604 2591 3669; x_wconf 84' lang='lat' dir='ltr'><strong>Adorationibus‚</strong></span> <span class='ocrx_word' id='word_1_477' title='bbox 2617 3620 2663 3656; x_wconf 90' lang='lat' dir='ltr'><strong>c.</strong></span> <span class='ocrx_word' id='word_1_478' title='bbox 2682 3609 2732 3655; x_wconf 80' lang='lat'><strong>6.</strong></span> 
     </span>
     <span class='ocr_line' id='line_1_93' title="bbox 1660 3683 1902 3733; baseline 0 0"><span class='ocrx_word' id='word_1_479' title='bbox 1660 3683 1902 3733; x_wconf 65' lang='lat' dir='ltr'><strong>Schmun-z.</strong></span> 
     </span>
    </p>

    <p class='ocr_par' dir='ltr' id='par_1_15' title="bbox 1725 3757 2655 3821">
     <span class='ocr_line' id='line_1_94' title="bbox 1725 3757 2655 3821; baseline 0.001 -14"><span class='ocrx_word' id='word_1_480' title='bbox 1725 3758 2024 3821; x_wconf 77' lang='lat' dir='ltr'><strong>Nomenque]</strong></span> <span class='ocrx_word' id='word_1_481' title='bbox 2061 3757 2481 3821; x_wconf 80' lang='lat' dir='ltr'><strong>Imperatorium.</strong></span> <span class='ocrx_word' id='word_1_482' title='bbox 2515 3757 2655 3821; x_wconf 76' lang='lat' dir='ltr'><strong>Lips.</strong></span> 
     </span>
    </p>

    <p class='ocr_par' dir='ltr' id='par_1_16' title="bbox 1660 3834 2734 3960">
     <span class='ocr_line' id='line_1_95' title="bbox 1728 3834 2734 3898; baseline -0.001 -15"><span class='ocrx_word' id='word_1_483' title='bbox 1728 3835 2014 3898; x_wconf 72' lang='lat' dir='ltr'><strong>Contemtis]</strong></span> <span class='ocrx_word' id='word_1_484' title='bbox 2052 3835 2295 3885; x_wconf 82' lang='lat' dir='ltr'><strong>Vincere·</strong></span> <span class='ocrx_word' id='word_1_485' title='bbox 2314 3834 2452 3883; x_wconf 88' lang='lat' dir='ltr'><strong>enim</strong></span> <span class='ocrx_word' id='word_1_486' title='bbox 2502 3844 2734 3898; x_wconf 75' lang='lat' dir='ltr'><strong>poteras,</strong></span> 
     </span>
     <span class='ocr_line' id='line_1_96' title="bbox 1660 3911 2077 3960; baseline 0 -1"><span class='ocrx_word' id='word_1_487' title='bbox 1660 3912 1888 3960; x_wconf 78' lang='lat' dir='ltr'><strong>noluisti.</strong></span> <span class='ocrx_word' id='word_1_488' title='bbox 1924 3911 2077 3960; x_wconf 81' lang='lat' dir='ltr'><strong>Idem.</strong></span> 
     </span>
    </p>

    <p class='ocr_par' dir='ltr' id='par_1_17' title="bbox 1726 3984 2672 4048">
     <span class='ocr_line' id='line_1_97' title="bbox 1726 3984 2672 4048; baseline 0 -13"><span class='ocrx_word' id='word_1_489' title='bbox 1726 3987 1864 4035; x_wconf 65' lang='lat' dir='ltr'><strong>Ciu».</strong></span> <span class='ocrx_word' id='word_1_490' title='bbox 1885 3999 2018 4035; x_wconf 68' lang='lat' dir='ltr'><strong>nvn.</strong></span> <span class='ocrx_word' id='word_1_491' title='bbox 2051 3984 2194 4048; x_wconf 70' lang='lat' dir='ltr'><strong>Acti]</strong></span> <span class='ocrx_word' id='word_1_492' title='bbox 2225 3986 2476 4036; x_wconf 84' lang='lat' dir='ltr'><strong>Secundi.</strong></span> <span class='ocrx_word' id='word_1_493' title='bbox 2517 3987 2672 4037; x_wconf 81' lang='lat' dir='ltr'><strong>Idem.</strong></span> 
     </span>
    </p>

    <p class='ocr_par' dir='ltr' id='par_1_18' title="bbox 1727 4062 2318 4125">
     <span class='ocr_line' id='line_1_98' title="bbox 1727 4062 2318 4125; baseline 0 -14"><span class='ocrx_word' id='word_1_494' title='bbox 1727 4063 1912 4125; x_wconf 68' lang='lat' dir='ltr'><strong>Diluti]</strong></span> <span class='ocrx_word' id='word_1_495' title='bbox 1944 4062 2129 4111; x_wconf 83' lang='lat' dir='ltr'><strong>Tertii.</strong></span> <span class='ocrx_word' id='word_1_496' title='bbox 2162 4062 2318 4112; x_wconf 86' lang='lat' dir='ltr'><strong>Idem.</strong></span> 
     </span>
    </p>

    <p class='ocr_par' dir='ltr' id='par_1_19' title="bbox 1662 4137 2736 4277">
     <span class='ocr_line' id='line_1_99' title="bbox 1725 4137 2736 4200; baseline -0.001 -14"><span class='ocrx_word' id='word_1_497' title='bbox 1725 4137 1899 4198; x_wconf 77' lang='lat' dir='ltr'><strong>Initio]</strong></span> <span class='ocrx_word' id='word_1_498' title='bbox 1938 4140 2074 4188; x_wconf 88' lang='lat' dir='ltr'><strong>Nam</strong></span> <span class='ocrx_word' id='word_1_499' title='bbox 2106 4139 2219 4187; x_wconf 79' lang='lat' dir='ltr'><strong>haec</strong></span> <span class='ocrx_word' id='word_1_500' title='bbox 2240 4137 2554 4200; x_wconf 76' lang='lat' dir='ltr'><strong>designatio,</strong></span> <span class='ocrx_word' id='word_1_501' title='bbox 2579 4144 2634 4187; x_wconf 83' lang='lat' dir='ltr'><strong>et</strong></span> <span class='ocrx_word' id='word_1_502' title='bbox 2659 4152 2736 4186; x_wconf 89' lang='lat' dir='ltr'><strong>re·</strong></span> 
     </span>
     <span class='ocr_line' id='line_1_100' title="bbox 1662 4211 2706 4277; baseline -0.003 -13"><span class='ocrx_word' id='word_1_503' title='bbox 1662 4214 1864 4264; x_wconf 71' lang='lat' dir='ltr'><strong>curatio</strong></span> <span class='ocrx_word' id='word_1_504' title='bbox 1889 4211 2031 4264; x_wconf 78' lang='lat' dir='ltr'><strong>facta</strong></span> <span class='ocrx_word' id='word_1_505' title='bbox 2057 4227 2194 4262; x_wconf 84' lang='lat' dir='ltr'><strong>anno</strong></span> <span class='ocrx_word' id='word_1_506' title='bbox 2217 4214 2512 4277; x_wconf 86' lang='lat' dir='ltr'><strong>superiore.</strong></span> <span class='ocrx_word' id='word_1_507' title='bbox 2554 4214 2706 4263; x_wconf 78' lang='lat' dir='ltr'><strong>Idem.</strong></span> 
     </span>
    </p>
   </div>
   <div class='ocr_carea' id='block_1_11' title="bbox 2977 1440 2985 2275">
    <p class='ocr_par' dir='ltr' id='par_1_20' title="bbox 2977 1440 2985 2275">
     <span class='ocr_line' id='line_1_101' title="bbox 2977 1440 2985 2275; baseline 0 0"><span class='ocrx_word' id='word_1_508' title='bbox 2977 1440 2985 2275; x_wconf 95' lang='lat' dir='ltr'><strong> </strong></span> 
     </span>
    </p>
   </div>
   <div class='ocr_carea' id='block_1_12' title="bbox 2979 2608 2986 3405">
    <p class='ocr_par' dir='ltr' id='par_1_21' title="bbox 2979 2608 2986 3405">
     <span class='ocr_line' id='line_1_102' title="bbox 2979 2608 2986 3405; baseline 0 0"><span class='ocrx_word' id='word_1_509' title='bbox 2979 2608 2986 3405; x_wconf 95' lang='lat' dir='ltr'><strong> </strong></span> 
     </span>
    </p>
   </div>
  </div>
 </body>
</html>
