3017 4942
483 364 617 432 812

482 524 835 590 pherbyta‘no,
857 531 912 575 et
936 539 1073 587 meo,
1094 525 1295 575 item.in
1321 526 1553 589 margine

484 602 615 650 edit.
653 602 720 650 H.
756 602 1028 663 Stephani,
1063 602 1283 665 legimns
1318 601 1382 650 iis
1396 618 1417 660 ;
1459 601 1552 651 sed

487 678 600 727 haec
629 675 741 727 fere
776 678 1004 741 vulgaris
1037 686 1116 727 est
1145 678 1325 727 horum
1362 692 1552 742 prono·

488 754 680 803 minum
704 754 901 802 mixtio.
935 755 1085 803 Idem.

489 860 500 868 ·
557 831 660 879 His
691 837 739 880 te
761 829 971 892 consero]
1005 831 1078 879 Iis
1103 836 1150 880 te
1169 829 1358 891 confero
1379 830 1552 881 Lirin.

488 909 544 958 in
570 915 701 958 text.
721 908 813 958 sed
845 910 895 957 in
920 923 1082 974 marg.
1112 911 1187 959 his
1205 916 1253 960 te
1274 911 1461 971 confero
1483 911 1552 960 V.

554 1064 655 1114 His
677 1064 750 1128 te]
786 1065 1044 1131 Antiquis.
1077 1066 1213 1130 Lips.

484 1174 496 1183 ·
558 1142 1016 1206 Consulessuerunt]
1049 1144 1268 1194 Codices
1288 1143 1553 1208 Vaticani,

488 1217 1016 1283 Guelpherbytanus,
1043 1227 1288 1277 et-meus‚
1323 1234 1418 1284 pro
1440 1220 1553 1281 sue·

481 1300 619 1350 runt,
644 1294 837 1344 habeut
850 1295 1072 1354 suerint.·
1128 1297 1193 1345 In
1226 1311 1341 1347 meo
1369 1297 1554 1347 codice

491 1376 744 1430 praeterea
760 1383 858 1418 vox
874 1371 1125 1432 proxima,
1139 1371 1338 1434 quoties,
1352 1373 1557 1435 omissa,

489 1444 702 1510 ejusque
738 1447 850 1496 loco
879 1448 1051 1497 brevis
1076 1449 1264 1498 lacuna
1288 1465 1317 1497 a
1341 1449 1556 1499 librario

482 1523 674 1572 ‘relicta
696 1531 808 1584 est;
842 1524 979 1573 unde
1002 1526 1235 1588 colligas,
1254 1540 1392 1589 enm,
1410 1527 1460 1574 in
1480 1528 1554 1575 lo-

490 1612 609 1647 cum
645 1600 900 1660 vocabuli,
924 1601 1059 1664 quod
1090 1602 1139 1649 in
1167 1602 1445 1651 vetustiore
1466 1616 1554 1652 co-

488 1672 610 1724 dice
634 1674 772 1726 forte
795 1685 1094 1732 evanuerat.
1114 1693 1212 1727 non
1236 1689 1414 1728 ausum
1431 1693 1555 1728 esse

490 1766 556 1801 ex
613 1767 708 1801 suo
760 1753 970 1817 iugenio
1023 1755 1163 1805 alind
1220 1755 1553 1808 substituere.

490 1828 735 1879 Sckwurz.

488 1924 512 1947 .>
553 1905 671 1953 Non
705 1905 800 1955 sibi
828 1906 1135 1971 prestitisse]
1178 1908 1226 1959 1.
1265 1923 1314 1958 e.
1349 1910 1554 1974 quoties

490 1982 813 2031 consulatum
837 1991 1194 2048 susceperunt,
1219 2000 1282 2036 eo
1307 1986 1418 2049 ipso
1448 2002 1554 2037 non

490 2070 583 2106 suo
603 2058 788 2107 honori
811 2061 1199 2126 commodoque,
1218 2064 1307 2112 sed
1333 2063 1557 2127 public‘ae

489 2132 726 2189 utilitati,
749 2135 1057 2185 inserviisse.
1121 2138 1186 2187 Id
1222 2141 1359 2189 enim
1384 2141 1558 2191 innuit

491 2205 734 2271 formula,
768 2211 784 2238 ‘
808 2211 907 2260 sibi
943 2213 1232 2276 praestare!
1300 2215 1556 2265 Confera-

492 2289 578 2332 tnr
609 2284 810 2334 Plinius
845 2297 1021 2338 noster
1050 2305 1210 2353 supra
1235 2304 1482 2343 xxxvm.
1504 2297 1555 2342 2.

489 2358 507 2386 ‘
532 2361 646 2410 Scis
678 2363 833 2426 enim,
859 2365 955 2414 sibi
992 2382 1246 2432 quemque
1282 2377 1554 2432 praestare‚

490 2438 627 2502 quod
660 2443 727 2488 *te
775 2441 984 2492 videat!
1063 2442 1212 2493 Infra
1255 2460 1459 2496 vam.
1483 2454 1554 2497 ῤὅ.

489 2513 507 2542 ‘
531 2515 699 2565 Nemo
722 2516 818 2566 hoc
842 2518 939 2567 sibi
963 2534 1063 2568 nou
1087 2521 1344 2584 praestat?
1386 2524 1556 2587 Epist.

489 2604 556 2641 ιι.
580 2596 659 2640 10.
692 2591 708 2618 ‘
735 2594 964 2658 Dispice,
989 2611 1053 2645 ne
1083 2598 1152 2646 sit
1176 2611 1355 2660 parum
1384 2600 1555 2662 provi·

490 2666 635 2729 dnm,
656 2683 866 2732 sperare
897 2686 961 2720 ex
994 2673 1127 2735 aliis,
1149 2675 1286 2738 qiiod
1314 2676 1407 2725 tibi
1442 2677 1555 2741 ipse

485 2757 592 2793 non
618 2745 869 2807 praestes.’
904 2750 1056 2798 Idem.
1514 2776 1519 2781 ·

488 2854 496 2863 .
557 2820 672 2870 Non
707 2822 823 2886 sibi]
867 2824 973 2873 Sed
1019 2825 1343 2889 reipublicae.
1422 2828 1554 2891 Ejus

488 2909 690 2958 caussa,
729 2911 831 2946 non
874 2899 1081 2950 lionoris
1129 2903 1205 2951 sui
1246 2904 1554 2967 suscepisse.

490 2969 629 3032 Lips.
1472 3000 1475 3004 ’

486 3080 498 3087 -
556 3047 684 3096 Erat
716 3049 768 3097 in
799 3056 967 3100 senatu
1004 3058 1080 3101 ter
1108 3054 1290 3117 consul]
1328 3055 1552 3106 Raianus

488 3121 547 3174 Τ.
564 3122 867 3186 Verginium
894 3127 1080 3177 Rufum
1101 3131 1349 3192 nominat,
1374 3146 1554 3194 parum

491 3197 905 3262 circumspecte3
948 3217 1065 3252 nam
1104 3205 1146 3253 is
1185 3206 1394 3255 tertium
1430 3221 1553 3256 con·

486 3273 592 3336 aul,
609 3274 906 3338 imperatori
926 3280 1121 3328 Nervae
1144 3283 1363 3345 collega,
1379 3284 1430 3332 in
1449 3297 1555 3332 ma·

490 3349 715 3413 gistratu
756 3353 1004 3417 decessit,
1040 3357 1262 3421 Trajano
1300 3375 1396 3411 uec
1431 3361 1552 3409 dum

491 3429 705 3476 consule
727 3432 1025 3480 secuudum.
1080 3433 1269 3498 Itaque
1290 3437 1463 3499 potius
1486 3437 1555 3487 sit

488 3503 720 3568 (opinor)
741 3512 800 3553 ut
826 3506 885 3554 C.
908 3506 1089 3557 Silium
1114 3508 1355 3560 Italicum
1380 3513 1554 3575 capia·

491 3593 623 3637 mus,
646 3584 731 3644 qni
768 3584 980 3633 tertium
1016 3586 1294 3636 consutex
1325 3589 1555 3641 Cat-Ju-

489 3654 572 3703 liis
607 3654 857 3707 suffectus
886 3672 1002 3708 cnm
1034 3661 1242 3711 Statilio
1276 3664 1554 3714 Laterano.

492 3729 596 3781 Adi
619 3732 821 3783 Fastos.
856 3735 1019 3785 Licin.

491 3836 498 3852 ,
560 3807 686 3856 Erat
706 3808 759 3856 in
778 3810 966 3872 amatu]
998 3812 1125 3862 Quis
1149 3818 1276 3862 tunc
1297 3815 1347 3863 in
1371 3822 1556 3868 senatu

491 3880 729 3933 Romano
759 3888 978 3948 ¹tertium
1014 3890 1196 3938 consul
1236 3888 1422 3947 fuerin·
1449 3892 1555 3941 dis·

491 3957 706 4020 ‚quirunt
730 3960 823 4008 viri
848 3961 1011 4011 docti.
1080 3963 1324 4027 Rayanus
1341 3967 1405 4017 Τ.
1421 3968 1554 4017 Ver-

493 4032 691 4093 ginium
712 4033 900 4084 Rufum
917 4037 1177 4099 nominat;
1206 4041 1557 4096 sed,docente

491 4106 752 4169 Livineio,
776 4124 954 4172 parum
986 4112 1380 4178 circumspecte.
1421 4118 1555 4168 ›Ru-

495 4178 577 4227 fus
603 4182 740 4233 enim
759 4184 862 4243 ille,
882 4184 1096 4235 testibus
1115 4189 1300 4252 Fastis,
1311 4192 1423 4255 jam
1435 4193 1558 4256 qui·

496 4254 616 4309 dem
638 4255 703 4319 A.
728 4257 797 4314 U.
819 4260 879 4311 C.
901 4263 1014 4310 850.
1037 4263 1144 4314 sive
1168 4264 1236 4314 A.
1260 4266 1321 4317 C.
1341 4272 1425 4334 97.
1452 4275 1557 4321 ter-

1179 379 1400 429 NoTAE
1452 378 1858 428 VARIORUM
1911 377 1993 427 m

1626 526 1755 576 tium
1793 527 1971 577 consul
2011 524 2185 575 fuerat
2216 534 2334 574 cum
2360 523 2552 573 ‘Nerva
2583 518 2692 572 An-

1626 611 1800 666 gusto,
1845 603 2044 667 pariter
2098 603 2306 651 consule
2351 615 2440 651 ιη.
2489 612 2692 656 verum,

1624 679 1761 744 qnod
1805 680 2096 728 luculenter
2134 676 2514 727 demonstravit
2550 676 2695 724 Mas·

1625 770 1717 806 son
1752 757 1803 805 in
1839 756 1963 805 Vita
1997 755 2174 811 Plinii,
2207 754 2271 802 ad
2308 754 2445 802 huuc
2482 766 2697 815 annum,

1625 848 1690 883 eo
1710 832 1891 882 *adhuc
1924 834 2039 896 ipso
2075 847 2209 882 anno
2244 830 2437 881 Christi
2457 832 2543 879 97.
2572 843 2695 879 mox

1628 919 1745 975 post
1770 912 2067 961 bimestrem
2102 912 2447 970 consulatum,
2468 909 2580 957 vita
2603 905 2700 957 de*-

1625 988 1835 1039 fnnctus
1872 997 1951 1039 est
1987 987 2172 1046 Rufus,
2205 989 2433 1052 Trajano
2467 986 2696 1036 necdum

1524 1103 1531 1106 ⁴
1626 1068 1841 1117 consule
1865 1067 2182 1127 secundum;
2219 1072 2420 1115 tantum
2449 1063 2700 1120 abest‚'ut

1624 1143 1711 1194 hic
1746 1144 1958 1205 tertium
1994 1144 2314 1193 consulatum
2340 1140 2454 1202 jam
2478 1146 2588 1189 tum
2608 1152 2698 1188 re-

1627 1235 1810 1270 cusare
1835 1220 2082 1284 potnerit.
2140 1218 2392 1267 Nominat
2412 1230 2537 1278 ergo
2559 1214 2699 1263 Livi·

1626 1297 1771 1346 neius
1791 1297 1966 1359 potin's
1987 1296 2045 1344 C.
2061 1293 2242 1343 Silium
2261 1292 2528 1352 Italicum,
2543 1302 2697 1353 quem

1627 1372 1790 1421 tradit
1812 1370 1974 1420 fnisse
1996 1371 2208 1419 tertium
2228 1367 2493 1417 consulem
2513 1381 2580 1413 ex
2602 1364 2701 1414 Ca-

1627 1447 1795 1498 lendis
1827 1446 1982 1499 Juliis
2015 1444 2291 1495 suffectum
2326 1458 2442 1493 cum
2485 1443 2699 1492 Statilio

1627 1525 1905 1574 laterano.
1961 1523 2144 1573 Sedet
2168 1522 2282 1585 ipse
2302 1519 2571 1569 Livineius
2594 1533 2700 1568 nou

1628 1615 1694 1650 ex
1735 1600 1972 1659 vetustis,
2009 1597 2100 1648 sed
2135 1595 2514 1646 recentioribus
2553 1594 2701 1643 Onu-

1627 1677 1762 1740 plurii
1788 1676 1976 1735 Fastis,
1999 1688 2178 1738 parum
2204 1673 2589 1735 circumspecte
2607 1682 2703 1721 no-

1629 1754 1791 1802 minat
1831 1753 2029 1802 Silium.
2109 1751 2304 1800 Verum
2352 1750 2560 1812 quidem
2599 1755 2697 1813 est,

1629 1830 1969 1893 onuphrium,
1991 1826 2320 1880 panvinium,
2346 1826 2496 1874 Fast.
2519 1824 2611 1874 lib.
2633 1836 2697 1874 ιι.

1626 1907 1691 1955 ad
1720 1907 1782 1957 A.
1800 1907 1869 1956 U.
1885 1905 1945 1954 C.
1962 1909 2075 1954 847.
2099 1903 2441 1964 adscripsisse
2461 1902 2697 1951 consules

1625 1980 1872 2032 suffectos
1907 1997 1973 2030 ex
2007 1981 2251 2031 Calendis
2280 1980 2458 2034 Juliis,
2486 1977 2698 2028 Sextili-

1628 2074 1714 2108 um
1740 2059 2069 2120 Lateranum,
2086 2063 2140 2105 et
2164 2056 2224 2105 C.
2242 2055 2424 2104 Silium
2449 2054 2699 2104 Italicum

1627 2150 1714 2186 111.
1733 2144 1805 2191 et,
1822 2137 1873 2183 in
1900 2133 2270 2184 commentario
2293 2131 2357 2180 ad
2382 2132 2475 2180 hos
2501 2133 2702 2192 Fastos,

1626 2213 1693 2261 ad
1728 2212 1888 2261 Plinii
1926 2210 2193 2273 Epistolas
2226 2214 2602 2271 provocantem
2624 2205 2701 2256 af·

1627 2290 2068 2351 firmasse,Silinm
2090 2288 2222 2335 nnuc
2240 2293 2320 2334 ter
2336 2286 2607 2334 consulem
2618 2282 2704 2332 fn·

1628 2367 1724 2416 isse
1745 2365 1993 2415 extremis
2019 2363 2297 2414 Domitiani
2322 2363 2487 2411 annis.
2546 2360 2700 2415 Qsod

1628 2443 1673 2493 sl
1695 2449 1865 2492 antem
1890 2442 2168 2505 epistolam
2192 2440 2468 2502 septimam
2493 2438 2588 2488 lib.
2614 2446 2703 2489 m.

1628 2522 1785 2571 Plinii
1823 2520 2049 2582 evolvas,
2077 2517 2441 2580 deprehendes
2474 2513 2708 2578 quidem,

1626 2600 1804 2648 Silium
1827 2599 2070 2648 Italicum
2091 2596 2421 2644 novissimum
2439 2608 2472 2642 a
2490 2593 2705 2642 Nerone

1627 2674 1823 2725 factum
1859 2689 1972 2722 esse
2008 2675 2274 2722 consulem
2293 2688 2337 2732 ;··
2351 2686 2472 2734 qno⁷
2492 2669 2707 2719 consule

1630 2751 1772 2801 Nero
1811 2751 1996 2814 periit3
2031 2763 2312 2812 cognosces
2353 2748 2539 2803 etiam,
2582 2759 2707 2794 eun-

1628 2829 1746 2877 dem
1769 2830 1951 2895 Silium
1976 2842 2031 2876 se
2056 2827 2284 2876 tenuisse
2314 2825 2365 2873 in
2390 2822 2707 2886 Campania,

1629 2919 1690 2954 ac
1715 2919 1778 2953 ne
1812 2905 2041 2953 adventu
2064 2902 2270 2967 quidem
2306 2900 2425 2950 novi
2452 2898 2709 2963 principis

1627 2979 1842 3045 (nempe
1881 2980 2113 3043 Trajani‚
2144 2993 2173 3026 e
2210 2977 2534 3028 Germanico
2569 2976 2708 3025 bello

1630 3065 1750 3118 post
1785 3064 2005 3104 mortem
2047 3055 2241 3103 Nervae
2269 3054 2320 3102 iu
2343 3052 2528 3102 urbem
2546 3052 2710 3101 sede·

1630 3128 1814 3194 untis,)
1853 3135 2168 3178 commotum
2212 3143 2351 3190 esse,
2396 3135 2453 3176 et
2496 3127 2710 3176 demum

1630 3220 1764 3254 auno
1802 3206 1971 3254 aetatis
1998 3207 2215 3267 quincto
2239 3212 2296 3253 et
2317 3204 2712 3266 septuagesimo

1631 3283 1864 3330 ultimum
1902 3296 1967 3329 ex
2003 3282 2317 3331 Neronianis
2349 3282 2712 3330 consularibus

1629 3358 1849 3419 obiisse;
1872 3358 2008 3422 qnod
2025 3357 2159 3406 haud
2175 3365 2305 3406 ante
2319 3372 2512 3406 annum
2531 3357 2714 3407 Chris-

1633 3435 1673 3484 ti
1695 3438 1778 3483 99.
1802 3434 2074 3496 accidisse,
2098 3433 2345 3497 probavit
2375 3435 2708 3486 Massoniusz

1628 3511 1756 3560 nillil
1791 3521 1962 3559 tamen
1999 3510 2068 3559 de
2094 3511 2251 3561 tertio
2274 3512 2503 3576 quodam
2527 3526 2714 3561 consu·

1630 3586 1738 3636 latu
1768 3586 1886 3636 Silii
1916 3587 1986 3635 ibi
2013 3587 2268 3636 invenies.
2333 3587 2578 3637 Videbar
2598 3589 2713 3652 qui-

1631 3663 1750 3712 dem
1795 3663 1917 3712 mihi
1961 3664 2243 3726 aliqnando
2288 3665 2515 3727 vestigia
2571 3666 2717 3715 tertii

1630 3741 1929 3789 consulatus
1966 3739 2080 3788 Silii
2120 3739 2535 3803 deprehendisse
2571 3742 2713 3804 apud

1629 3815 1864 3866 Martial.
1885 3829 2010 3865 vm.
2032 3819 2116 3866 66.
2150 3816 2236 3865 ubi
2274 3817 2451 3880 agitur
2483 3816 2555 3866 de
2591 3831 2713 3867 cou-

1629 3892 1802 3941 sulatu
1833 3892 1964 3951 Silii,
1988 3892 2208 3955 haecqne
2242 3892 2400 3941 verba
2429 3895 2578 3943 inter
2611 3893 2731 3943 alia.

1629 3967 1905 4029 leguntur:
1943 3973 1957 3995 ⁸
1975 3967 2241 4016 Gaudenti
2262 3966 2449 4032 (Silio)
2464 3976 2717 4032 superest

1632 4042 1818 4098 adhuc,
1857 4042 1995 4106 quod
2041 4051 2216 4107 optet,
2256 4045 2407 4093 Felix
2455 4059 2711 4110 purpura,

1632 4118 1922 4182 tertiusque
1957 4119 2178 4169 consul.'
2241 4121 2371 4182 Sed,
2397 4136 2456 4169 re
2489 4121 2714 4186 diligen·

1630 4194 1732 4242 tius
1750 4195 2101 4258 considerata,
2114 4196 2503 4257 animadverto,
2515 4200 2712 4250 ibinon

1632 4269 1697 4321 de
1723 4271 1907 4335 patris,
1926 4272 2018 4322 sed
2037 4272 2130 4323 filii
2147 4274 2281 4332 Silii,
2296 4278 2583 4328 consulatu
2603 4278 2712 4341 θεὶς
