3017 4942
739 425 806 474 c.
852 421 1100 473 ΡιιΝιι
1147 419 1484 472 suenum
1533 404 1812 470 nune.
1888 420 1936 468 1.
1981 402 2091 469 37.

314 567 392 618 ‘'si
414 565 570 617 modo
585 564 726 617 filius
754 566 808 616 in
826 572 1091 632 potestate
1113 566 1282 631 pattis
1300 565 1385 616 fu·

317 644 486 710 isset,'
519 643 799 705 συνωνύμως
843 645 1106 706 dicuntur,
1139 650 1196 694 et
1228 657 1383 694 unam

318 723 642 787 eandemque
687 737 794 771 rem
839 719 1162 786 significant3
1216 732 1385 785 ueque

316 811 531 849 necesse
553 806 640 849 est
662 807 719 849 ut
742 813 836 863 pro
854 813 981 849 voce
1002 800 1246 861 reductus,
1267 812 1384 847 cum

316 876 539 939 Cujacio
563 884 619 927 et
641 876 865 937 Baunio‚
888 865 1200 939 reponamus
1221 878 1385 926 redac-

316 958 415 1003 tus.
478 953 582 1003 Sed
624 954 691 1004 de
730 954 828 1003 hoc
866 954 979 1004 loco
1019 955 1191 1016 paullo
1233 953 1386 1019 plura

314 1029 427 1078 dixi
451 1030 502 1080 in
525 1032 745 1080 Excurs.
769 1043 931 1080 xntn.
964 1030 1113 1080 Idem.

383 1106 632 1158 Reductus
650 1106 801 1170 esset]
833 1107 1014 1172 Forte,
1034 1107 1227 1158 relictus
1248 1110 1384 1159 essee.

315 1183 489 1233 Lirin.

381 1262 632 1312 Reductus
673 1264 821 1329 esset]
876 1264 1095 1315 Exierat
1139 1262 1300 1327 enim,
1339 1262 1384 1313 si

313 1337 432 1402 ipse
453 1338 676 1388 donatus
704 1342 950 1402 civitate3
985 1342 1096 1390 sive
1131 1340 1310 1399 etiam,
1341 1340 1385 1390 si

314 1420 501 1479 pater3
538 1431 655 1466 nam
679 1417 1035 1468 deminutione
1057 1418 1154 1466 bac
1175 1418 1384 1481 capitis,

315 1491 370 1540 id
395 1499 497 1549 est,
520 1499 712 1552 status,
730 1495 897 1545 civilis
917 1495 1006 1544 illa
1027 1499 1262 1558 potestas
1283 1494 1384 1544 sol-

314 1568 561 1620 vebatur.
596 1570 806 1633 Festus,
825 1571 844 1599 ⁸
867 1571 1183 1621 Deminutus
1206 1570 1383 1635 capite

315 1647 638 1712 appellatur,
661 1648 750 1712 qui
775 1648 987 1699 civitate
1009 1654 1242 1699 mutatus
1265 1645 1384 1698 est.'

316 1722 470 1772 Idem.

316 1819 323 1828 ‘
383 1799 630 1851 Reductus
652 1801 798 1866 esset]
835 1802 1079 1853 Reducem
1108 1805 1251 1852 esset.
1283 1801 1382 1852 Fa·

312 1874 427 1925 ber.

316 1973 321 1978 ·
380 1954 631 2006 Reductus
645 1954 790 2020 esset]
813 1954 1020 2005 Monuit
1038 1968 1219 2023 manus
1240 1955 1381 2004 Bon-

315 2032 490 2093 garsii,
514 2032 779 2096 cujacium
802 2034 976 2097 legere
998 2034 1219 2082 recludas
1239 2036 1381 2087 esset,

314 2108 403 2171 qui
437 2108 657 2159 adeatur
688 2121 846 2175 super
879 2124 943 2159 ee
975 2122 1124 2166 voce,
1158 2108 1289 2159 Obs.
1325 2121 1381 2158 x.

312 2187 395 2234 28.
433 2185 583 2234 ΟΜ.
1056 2217 1061 2222 ·

316 2287 321 2294 ·
377 2260 441 2310 In
460 2255 620 2324 potr-is
633 2261 939 2327 potestatem]
960 2262 1136 2319 Forte,
1152 2262 1205 2311 ia
1222 2261 1380 2326 petris

310 2342 565 2401 potestate.
603 2338 773 2389 Lirin.

314 2433 323 2438 ·
377 2417 443 2466 In
470 2415 632 2479 patris
659 2414 964 2480 potestatem]
1005 2414 1236 2479 Legibus
1275 2415 1377 2464 Ro·

311 2491 477 2541 manis
509 2492 655 2542 circa
682 2493 1056 2555 successiones,
1079 2492 1237 2541 etiam
1259 2505 1379 2554 cog-

309 2568 448 2618 natis
473 2568 692 2625 delatas,
721 2583 787 2618 ea
819 2569 953 2618 ratio
985 2567 1295 2625 habebatur,
1321 2573 1379 2618 ut

309 2645 452 2708 patri
475 2651 570 2694 aut
591 2647 767 2708 matri,
788 2645 988 2695 civibus
1024 2645 1290 2703 Romanis,
1319 2645 1378 2694 fi-

309 2722 406 2772 lius
430 2722 759 2786 peregrinus,
778 2729 867 2773 aut
882 2721 1120 2784 Latinus,
1138 2736 1240 2772 nou
1260 2736 1380 2787 pos·

307 2806 391 2849 set
429 2812 500 2848 ex
543 2806 878 2861 testamento,
912 2800 1081 2860 veleb
1107 2800 1379 2862 intestato,

307 2869 553 2941 civilique
578 2882 669 2925 aut
691 2875 964 2926 honorario
977 2877 1103 2940 jure
1130 2877 1379 2928 succede·

306 2967 391 3016 re,
412 2954 514 3003 nisi
538 2953 824 3016 civitatem,
854 2958 946 3002 aut
965 2953 1054 3016 jus
1077 2953 1377 3019 Quiritium,

272 3043 275 3044 ⁷
307 3031 456 3095 prius
484 3032 752 3096 impetret.
817 3030 997 3083 Quare
1023 3030 1142 3081 olim
1165 3044 1281 3080 cum
1304 3031 1379 3082 ci·

305 3108 442 3159 vitas
463 3108 646 3159 liberis
669 3114 960 3172 peteretur,
981 3108 1083 3158 boc
1105 3108 1262 3158 etiam
1284 3108 1377 3158 ad·

304 3183 359 3234 di
396 3185 630 3241 solitum,
665 3191 726 3234 ut
757 3185 810 3234 in
844 3191 1117 3247 parentum
1145 3190 1376 3247 potesta·

304 3268 413 3311 tem
441 3261 766 3326 redigantur.
831 3261 970 3311 Plio.
1006 3260 1062 3326 in
1094 3262 1196 3325 Ep.
1227 3266 1279 3311 9.
1308 3275 1376 3311 ue

305 3337 540 3403 alioquin
563 3345 618 3387 et
641 3337 695 3386 in
721 3337 1056 3387 successione
1091 3344 1376 3388 testamen·

301 3417 441 3465 taria
467 3430 563 3479 pro
586 3415 912 3465 alienissimis
943 3415 1278 3478 haberentur,
1312 3430 1376 3466 ac

305 3492 527 3554 proinde
550 3506 614 3543 ac
626 3491 789 3543 ceteri
807 3493 1049 3542 extranei
1071 3493 1372 3556 vigesimam

303 3569 615 3620 hereditatis
638 3568 765 3619 fisco
798 3569 1108 3633 penderent.
1140 3583 1260 3632 cap.
1291 3573 1375 3621 87.

303 3646 439 3697 Vide
462 3647 613 3697 Petr.
635 3646 789 3697 Fabr.
814 3662 867 3711 p.
894 3650 1006 3696 161.
1029 3650 1142 3696 162.
1175 3647 1328 3698 Ber-n.

370 3721 535 3771 laseri
574 3720 897 3785 publicanum]
949 3721 1183 3772 Verbum
1223 3722 1376 3772 inseri

307 3799 520 3863 pulchre
543 3796 740 3847 dieitur
755 3796 823 3847 de
856 3799 920 3847 iis
952 3798 1059 3864 qui,
1082 3799 1226 3865 quasi
1248 3800 1373 3849 alie·

306 3876 377 3939 ni,
409 3876 524 3925 sive
547 3874 672 3938 jure
694 3874 805 3924 sive
833 3873 1041 3938 injuria,
1077 3876 1375 3926 inseruntur

306 3952 538 4004 familiae.
604 3952 822 4002 sueton.
844 3951 974 4003 Ner.
999 3966 1048 4002 c.
1069 3958 1122 4004 4.
1156 3960 1172 3984 ⁸
1196 3954 1373 4003 Inser-

304 4038 388 4080 tus
402 4036 556 4080 estet
579 4028 844 4078 Liviorum
865 4026 1099 4086 familie,
1121 4028 1372 4093 adoptato

304 4106 355 4156 iu
388 4120 505 4157 eam
545 4110 780 4155 materno
815 4103 948 4155 avo.’
1011 4104 1227 4155 Tacitus
1262 4106 1370 4155 Au·

304 4182 407 4232 nal.
431 4195 569 4233 xm.
593 4185 674 4231 14.
696 4195 820 4231 usus
841 4182 1183 4233 translatione
1202 4182 1269 4233 ab
1292 4181 1369 4232 in-

302 4261 488 4312 sitione
510 4259 857 4316 surculorum,
880 4258 1118 4320 ‘insitum
1136 4266 1192 4309 et
1210 4261 1369 4324 adop·

305 4338 467 4392 tivum
491 4336 508 4360 ’
539 4344 714 4392 vocat.
779 4334 930 4394 Idem
974 4334 1166 4389 Annei.
1205 4347 1283 4388 v1.
1316 4342 1372 4388 2.

2392 402 2524 471 661

1459 565 1476 596 ⁸
1500 566 1632 617 Cum
1656 569 1877 630 repente
1897 561 2160 628 Togonius
2184 562 2386 620 Gallus,
2403 562 2526 616 dum

1457 641 1840 705 ignobilitatem
1879 655 2028 691 suam
2073 640 2274 702 magnis
2314 639 2527 688 nomini·

1458 719 1555 769 bus
1579 720 1781 780 inserit,
1801 734 1897 783 per
1915 716 2260 769 deridiculum
2284 715 2530 768 auditur-²

1458 796 1578 845 Val.
1612 796 1757 846 Max.
1792 810 1871 846 vr.
1902 799 1954 845 ’1.
1986 802 2096 848 ext.
2124 799 2168 845 1.
2201 801 2216 823 ⁸
2241 794 2437 844 Inserit
2468 808 2528 844 se

1459 873 1623 923 tantis
1648 873 1773 922 viris
1794 873 1982 923 mulier
2000 872 2274 935 alienigeni
2291 870 2531 936 generis&

1459 949 1619 1000 Ovid.
1655 951 1793 1000 Met.
1827 963 1960 1000 χιιι.
2000 953 2083 1000 36.
2118 948 2134 975 ‘
2158 949 2438 1013 Furtisque
2474 954 2530 999 et

1457 1027 1646 1078 fraude
1664 1028 1955 1078 simillimus
1980 1027 2056 1076 illi
2083 1026 2280 1077 Inserit
2302 1023 2528 1076 AEacidis

1458 1106 1642 1154 alieuae
1666 1105 1875 1155 nomina
1900 1103 2101 1167 gentis.’
2153 1100 2362 1153 Deinde
2382 1109 2527 1152 vete-

1458 1196 1541 1231 res
1562 1183 1658 1231 hoc
1682 1183 1887 1232 nomine
1906 1180 2196 1245 generatim
2218 1186 2438 1230 utuntur
2461 1179 2529 1228 de

1458 1259 1521 1309 iis·
1550 1260 1637 1325 qui
1674 1274 1731 1310 se
1764 1259 2057 1324 cuicunque
2099 1257 2175 1308 rei
2220 1256 2530 1307 immiscent.

1456 1335 1594 1386 Vide
1616 1337 1966 1388 Burmauuum
2004 1333 2070 1385 ad
2095 1334 2347 1387 Quinctil.
2370 1333 2529 1386 Decl.

1460 1427 1545 1464 tx.
1569 1416 1651 1463 14.
1679 1422 1735 1463 et
1763 1412 1945 1463 Barth.
1968 1411 2034 1462 ad
2075 1412 2215 1462 Stat.
2248 1410 2411 1460 Theb.
2448 1424 2531 1461 ¹1.

1455 1496 1574 1542 2⁰8.
1638 1492 1725 1543 Sic
1759 1490 1900 1540 idem
1934 1490 2147 1540 verbum
2173 1503 2201 1537 a
2225 1489 2400 1539 Plinio
2423 1490 2529 1538 ele·

1457 1575 1644 1633 gauter
1665 1567 2093 1619 accommodatur
2120 1565 2185 1616 ad
2208 1565 2533 1630 publicanum,

1455 1647 1543 1710 qui
1569 1660 1687 1696 cum
1710 1645 1953 1710 exigeret
1991 1644 2287 1694 vicesimam
2319 1642 2528 1691 heredi·

1456 1726 1647 1783 tatum,
1667 1736 1725 1771 se
1748 1722 1929 1772 alienis
1960 1720 2172 1771 familiis
2195 1718 2347 1786 quasi
2373 1718 2527 1768 colie-

1454 1798 1634 1848 redem
1656 1798 1892 1849 inserere
1914 1797 2212 1848 videbatur.
2278 1794 2528 1845 Publica-

1452 1876 1507 1924 ni
1528 1877 1688 1938 enim,
1710 1875 1846 1928 sicut
1867 1881 2049 1925 cetera
2073 1873 2355 1936 vectigalia
2373 1870 2527 1921 rede·

1453 1959 1683 2014 ruerunt,
1718 1950 1858 2016 quod
1884 1951 2207 2013 potissimum
2230 1963 2261 1998 e
2293 1949 2404 1999 Cic.
2430 1961 2527 2011 pro

1452 2029 1596 2093 Lege
1619 2030 1806 2079 Manil.
1828 2034 2013 2096 patet3
2048 2031 2124 2078 ita
2146 2027 2306 2077 etiam
2341 2025 2525 2075 vicesi-

1451 2120 1558 2156 mas
1574 2104 1923 2156 hereditatum
1947 2103 2231 2155 redemisse
2247 2109 2304 2153 et
2322 2102 2527 2167 exegis-

1451 2198 1511 2232 se
1535 2182 1796 2232 videutur.
1847 2181 2002 2232 Unde
2027 2182 2165 2232 Plin.
2189 2182 2292 2243 Ep.
2316 2194 2420 2230 vn.
2443 2184 2525 2231 14.

1453 2267 1469 2291 ⁸
1492 2260 1693 2313 Quanti
1738 2274 1770 2308 a
1805 2258 2098 2324 publicanis
2143 2267 2345 2322 partem
2383 2257 2527 2308 vice·

1452 2335 1629 2385 simam
1670 2334 1879 2385 emisti?
1954 2334 2121 2399 Atqui
2170 2334 2220 2383 lii
2259 2333 2525 2399 publicani

1451 2428 1522 2464 ex
1543 2411 1713 2464 officio
1730 2414 2092 2475 vicesimarum
2110 2412 2523 2477 colligendarum

1451 2491 1734 2558 aliquando
1772 2491 2088 2557 simpliciter
2126 2491 2526 2555 appellabantur

1450 2573 1468 2602 ⁸
1493 2558 1862 2631 vicesimnrii?¹
1887 2577 1945 2620 ut
1989 2568 2129 2633 apud
2175 2569 2387 2618 Reiues.
2431 2566 2525 2617 In-

1452 2651 1638 2714 script.
1658 2662 1788 2699 xm.
1813 2652 1898 2699 43.
1965 2648 2068 2701 Qui
2087 2646 2216 2696 adeo
2238 2646 2318 2695 his
2343 2645 2527 2695 vicesi-

1450 2726 1549 2777 mis
1585 2724 1918 2788 exigentibus
1955 2729 2198 2787 proeerat,
2231 2729 2323 2773 ant
2343 2736 2525 2772 curam

1452 2801 1716 2851 vicesimae
1785 2800 1976 2865 agebat
2042 2801 2181 2862 apud
2262 2798 2524 2853 erarium,

1453 2885 1470 2908 ⁸
1492 2885 1807 2942 procurator
1834 2890 1935 2927 xx.
1960 2873 2362 2937 hereditatium,'
2395 2872 2523 2923 item

1453 2954 1470 2985 ⁸
1487 2956 1839 3021 promagister
1876 2968 1979 3004 xx.
2011 2951 2383 3003 hereditatium
2407 2951 2423 2974 '
2444 2949 2523 3000 di·

1453 3035 1689 3085 cebatur.
1726 3033 1892 3084 Vetus
1916 3032 2190 3096 inscriptio
2209 3028 2346 3094 apud
2365 3029 2523 3079 Grut.

1450 3125 1572 3176 pag.
1610 3124 1977 3176 ccccxxxvn.
2009 3113 2059 3159 ’1.
2091 3122 2254 3159 enoc.
2290 3120 2393 3157 xx.
2419 3120 2523 3156 nn·

1455 3202 1590 3239 nen.
1611 3201 1912 3240 ccccxxvi.
1931 3193 1981 3236 ὅ.
2005 3198 2276 3237 οσοοινιι.
2298 3188 2348 3234 8.
2383 3196 2524 3233 Pno-

1458 3277 1767 3316 users‘rno.
1792 3277 1894 3314 xx.
1914 3263 2377 3326 usnemu-Armis.
2430 3259 2526 3318 vi·

1451 3339 1519 3389 de
1554 3341 1839 3392 Ce'llarium
1863 3339 1929 3390 ad
1956 3340 2092 3390 Plin.
2116 3340 2289 3404 Epist.
2316 3350 2416 3387 vn.
2440 3340 2524 3387 1⁴.

1449 3424 1505 3468 et
1540 3418 1895 3467 Burmanuum
1935 3416 2003 3466 de
2034 3415 2296 3481 Vectigal.
2327 3412 2522 3478 Populi

1453 3493 1606 3542 Rom.
1628 3507 1677 3542 c.
1702 3497 1782 3544 11.
1815 3491 2061 3542 Schmrz.

1519 3569 1856 3635 Publicanum]
1913 3569 2062 3619 Nota
2097 3581 2193 3631 per
2231 3579 2320 3615 eos
2362 3565 2521 3629 igitur

1450 3653 1695 3699 exactum
1719 3648 2105 3711 collectumque
2139 3644 2239 3693 hoc
2270 3641 2520 3705 vectigal.

1448 3725 1589 3788 Lips.
1666 3740 1679 3748 ·
2340 3751 2344 3758 ·

1514 3798 1809 3862 Exti-aneos]
1872 3795 2172 3849 Secundum
2228 3792 2519 3845 Justinian.

1446 3876 1585 3928 lust.
1611 3876 1679 3926 de
1714 3872 1983 3925 Heredum
2008 3871 2164 3924 Qual.
2198 3878 2253 3918 et
2278 3866 2459 3919 Differ.
2483 3870 2515 3934 ς

1447 3959 1498 4007 8.
1539 3960 1555 3985 ⁸
1580 3954 1821 4004 extranei
1864 3948 2081 4000 heredes
2103 3947 2119 3971 ’
2163 3947 2519 4011 appellantur,

1445 4031 1537 4099 qui
1575 4029 1840 4081 testatoris
1855 4026 1966 4091 juri
1990 4024 2217 4088 subjecti
2256 4038 2358 4073 non
2392 4030 2518 4072 sunt

1442 4109 1578 4174 (sive
1643 4104 1868 4170 alioquin
1917 4100 2232 4152 naturaliter
2297 4113 2519 4149 consan-

1447 4182 1625 4250 guinei
1660 4187 1717 4232 et
1758 4180 1954 4244 agneti,
1989 4180 2099 4228 sive
2136 4176 2368 4240 cognati.
2402 4175 2517 4227 fue-

1445 4258 1601 4325 rint).
1671 4265 1687 4289 ⁸
1715 4258 1902 4322 ltaque
1925 4254 2079 4304 liberi
2104 4266 2310 4318 quoque
2331 4253 2513 4309 uestri,

1444 4337 1533 4403 qui
1555 4338 1610 4387 in
1631 4339 1899 4404 potestate
1923 4337 2101 4403 nostra
2116 4343 2227 4386 ‚non
2260 4335 2403 4393 sunt,
2424 4344 2515 4398 ex·
