3017 4942
762 412 831 459 c.
881 410 1129 460 utun
1174 409 1508 461 saeuum
1562 412 1839 461 mnne.
1918 416 1965 461 1.
2008 398 2117 465 38.

2413 400 2547 469 663

327 569 395 606 ex
426 569 532 620 qua
556 555 717 619 magio
736 556 953 620 justum,
973 564 1120 607 certe
1141 554 1396 619 votivum,
1535 554 1825 608 Liberata&
1836 556 2156 608 existimanda
2168 556 2265 623 est]
2280 558 2414 610 Cod.
2433 559 2545 614 Va-

326 633 486 683 filium
510 635 650 699 patri
676 634 982 698 succedere,
1014 649 1168 699 qnam
1188 641 1393 685 eontra.

1472 631 1629 683 tican.
1676 633 1901 697 Gnelpb.
1969 641 2025 684 et
2079 635 2210 686 liber
2253 637 2542 689 Vossianus

325 710 537 777 Itaque,
562 712 682 777 quia
703 711 804 762 boe
827 717 881 763 et
902 713 1084 773 rarius,
1106 725 1205 762 nee
1227 713 1305 763 ita
1326 726 1394 762 ex
1468 708 1662 759 babent
1679 709 1964 761 animanda
1990 716 2063 761 est
2078 728 2100 771 ,-
2133 717 2189 763 at
2223 710 2543 765 Arutzeuius

325 796 533 839 natura
557 790 760 852 ordine,
778 789 830 840 id
853 788 1126 853 neglexit!
1156 790 1311 840 Idem.

393 865 749 932 Quodsaisset]
782 866 1032 930 Trajanus
1054 873 1257 916 uaturoe
1285 866 1393 916 viu·

322 941 498 993 culum
543 944 783 1003 intuitus,
827 945 963 1011 quod
1008 944 1215 1010 putavit
1250 943 1392 995 civili

319 1019 707 1071 constitutione
743 1036 847 1072 uon
873 1021 1041 1074 solvis
1079 1022 1273 1086 Itaque
1294 1020 1392 1071 etsi

321 1096 553 1147 civiliter
585 1098 863 1149 desinebat
900 1105 1052 1160 pater
1080 1112 1217 1161 esse,
1254 1103 1389 1147 atta·

321 1187 443 1222 men
492 1174 617 1237 quia
660 1182 785 1224 ante
825 1174 1052 1225 civiliter
1093 1172 1290 1239 fuerat,
1334 1180 1390 1225 et

320 1262 460 1298 nune
485 1265 694 1314 quoque
717 1252 1027 1302 naturaliter
1048 1258 1184 1314 erat,
1207 1251 1391 1302 babuit

318 1323 623 1377 immunem.
656 1326 796 1391 Lips.

384 1400 654 1467 Locrymas
675 1402 948 1467 mmm]
982 1404 1207 1466 Plinius,
1237 1420 1388 1465 uer·-

316 1484 520 1542 νυμικὸς
540 1483 765 1540 loeutus,
795 1483 1071 1548 signifieat,
1101 1484 1386 1548 Trajanum

315 1572 422 1608 non
446 1574 651 1624 passum
671 1575 805 1622 esse,
826 1568 883 1611 ut
908 1562 1074 1612 luctus
1093 1567 1389 1625 parentum,

317 1645 384 1685 ex
411 1636 640 1686 orbitate
663 1636 760 1687 filii
783 1646 948 1694 ortus,
971 1638 1221 1689 obnoxius
1244 1644 1388 1689 esset

316 1713 589 1778 vectigali,
638 1714 674 1764 i.
724 1729 771 1765 e.
814 1716 1226 1780 conjungeretur
1266 1731 1384 1767 cum

315 1803 476 1839 onere
505 1792 779 1854 vectigalis
799 1793 1079 1853 vicuium,
1109 1807 1174 1841 ex
1200 1793 1388 1844 relicta

313 1861 408 1916 filii
431 1867 728 1918 hereditate
751 1869 1032 1921 solvendae.
1066 1869 1310 1921 Schwen-

388 1944 685 2009 Vectigoles]
719 1945 992 2010 Subjeetas
1012 1948 1275 2013 vectigali,
1294 1947 1385 1999 ob·

315 2021 499 2070 noxias
521 2022 805 2085 vigesima.
838 2023 976 2086 Lips-
1044 2047 1053 2058 ·

377 2096 577 2148 Socim
597 2098 902 2165 hereditatis]
935 2100 1166 2158 Scilicet,
1197 2100 1382 2153 fiscum

316 2178 425 2234 aut,
468 2175 678 2223 nomiue
720 2175 853 2238 fisci,
903 2176 1249 2242 publicanum,
1295 2177 1383 2243 qui

314 2249 490 2311 paullo
516 2248 757 2315 inferius,
778 2254 805 2318 ξ
830 2257 880 2303 5.
913 2266 1013 2316 per
1035 2267 1222 2303 nomen
1256 2253 1274 2283 ‘
1296 2267 1383 2304 eo·

312 2325 522 2376 heredis
539 2326 555 2347 '
575 2328 895 2391 designatur.
928 2330 1170 2381 Schwarz.

379 2402 484 2460 Qui
515 2418 611 2453 noa
644 2405 786 2455 habet
813 2406 992 2473 botas]
1026 2407 1262 2466 Scilicet.
1300 2424 1383 2460 so·

309 2479 472 2531 cium.
539 2482 748 2544 Lipsius
781 2485 986 2549 quaerit,
1011 2500 1076 2535 an
1105 2486 1381 2547 legendum

309 2571 451 2619 quen
474 2573 571 2608 non
592 2559 751 2610 habet.
817 2561 834 2589 ⁸
854 2561 988 2611 Nam
1024 2568 1200 2625 potest
1221 2562 1382 2621 saue,'

307 2633 496 2699 inquit,
510 2637 583 2685 ‘in
600 2635 694 2686 tilii
717 2645 886 2687 morte
900 2646 1170 2689 consortes
1187 2640 1380 2691 babere

308 2711 506 2769 luctus,
550 2714 652 2764 etsi
692 2727 794 2763 non
827 2713 1050 2765 fiscum!
1103 2716 1189 2766 Ita
1225 2732 1379 2780 quem,

308 2801 406 2850 pro
439 2790 544 2853 qui,
577 2790 752 2854 legere
781 2792 966 2841 maluit
1007 2792 1380 2844 Rittersbusius

306 2872 508 2927 noster,
547 2867 730 2917 maluit
769 2869 1103 2933 Bongarsius,
1146 2877 1203 2919 et
1242 2869 1379 2921 Gru·

310 2949 477 2993 terus.
548 2943 706 2995 Hane
727 2946 1081 3008 conjecturam
1098 2946 1210 3010 jam
1236 2960 1379 2997 rece·

309 3032 436 3083 pere
460 3021 705 3082 Bebrius,
730 3022 964 3085 Hearne,
983 3021 1258 3085 Cellarius,
1277 3024 1381 3073 Pa·

310 3097 466 3146 tarol.
533 3098 607 3147 Et
639 3096 833 3157 fateor,
869 3112 985 3149 eam
1021 3112 1269 3166 perquam
1295 3116 1380 3151 ae·

307 3174 690 3225 commodatam
737 3189 849 3226 esse
897 3178 1170 3227 sententiae
1213 3177 1381 3228 Plini-

310 3262 441 3300 anae.
530 3252 672 3303 Quia
714 3266 847 3304 vero
891 3254 1012 3303 huie
1059 3254 1379 3319 conjecturo

306 3329 478 3377 nullus
503 3328 672 3378 codex
708 3330 813 3381 Ms.
852 3331 1098 3395 nullaque
1120 3333 1382 3397 antiquior

307 3403 473 3455 editio
498 3409 795 3470 succurrit3
829 3422 928 3458 nee
951 3411 1248 3459 necessaria
1264 3424 1379 3460 esse

308 3481 554 3544 videtum
590 3497 731 3547 eum,
753 3482 1045 3535 Arntzenio
1071 3494 1220 3536 reete
1234 3486 1380 3550 judi-

307 3565 486 3625 cante,
528 3561 728 3611 Plinius
751 3576 852 3611 non
884 3563 1175 3626 generatim
1197 3564 1379 3628 loqua-

307 3626 400 3684 tur'
428 3637 501 3686 de
541 3638 654 3687 aliis
689 3639 858 3689 luctus
892 3639 1066 3696 sociis,
1109 3640 1203 3689 sed
1239 3641 1379 3704 sigil-

303 3712 451 3762 latim
478 3713 545 3762 de
578 3712 724 3771 fiseo,
754 3712 1015 3780 facileque
1037 3716 1148 3764 ime
1168 3724 1377 3767 senten·

305 3790 382 3839 tia
416 3791 498 3839 sic
533 3791 764 3855 suppleri
806 3792 985 3855 possit,
1023 3808 1109 3843 nee
1145 3793 1379 3859 [fiscum]

301 3868 485 3917 socium
517 3867 802 3918 hereditatis
835 3870 1057 3934 accipiat,
1087 3872 1170 3934 qui
1205 3871 1376 3937 [eum]

301 3957 397 3991 non
418 3942 560 3993 habet
585 3943 831 4011 [socium]
855 3947 1044 4006 luctum
1067 3948 1228 4012 igitur
1252 3961 1377 3998 uon·

304 4019 424 4088 ‹lu-m
446 4021 574 4070 duxi
594 4021 942 4073 recedendum
962 4038 1078 4074 esse
1097 4040 1128 4074 a
1148 4026 1375 4075 lectione

303 4097 539 4161 vulgata.
566 4098 722 4148 Idem-
940 4157 943 4160 ‚

367 4175 647 4226 Attonitum
681 4176 957 4243 orbitatem]
993 4179 1040 4229 Ι.
1076 4194 1126 4231 e.
1169 4188 1373 4246 patrem

305 4248 547 4302 orbatum
606 4251 737 4320 filio,
792 4253 1018 4322 ideoque
1075 4259 1375 4312 attonitum.

305 4327 527 4381 Potor-ol.

1458 784 1571 848 jam
1618 786 1683 835 ad
1723 785 1856 837 Aur.
1906 788 2048 838 Vict.
2090 789 2227 839 Caes.
2276 802 2541 848 xxxvm.

1467 865 1519 910 ⁵.
1551 869 1606 911 et
1644 862 1710 912 ad
1755 863 1809 913 h.
1849 863 1886 913 Ι.
1922 864 2245 927 observavit,
2288 867 2395 917 ista
2436 867 2539 920 duo

1471 938 1626 988 verba
1650 954 1791 1005 saepe
1815 956 1846 990 a
1869 941 2092 992 librariis
2119 942 2171 991 in
2206 943 2429 1010 antiquis
2452 959 2541 997 eo-

1467 1015 1667 1065 dicibus
1711 1016 1852 1067 inter
1895 1032 1952 1067 se
1995 1018 2300 1068 commutari
2349 1020 2537 1071 solere.

1463 1092 1710 1146 Schwart-

1533 1169 1683 1219 Rotio
1702 1185 1795 1220 noa
1815 1172 2026 1237 munt]
2063 1171 2078 1199 ‘
2105 1171 2184 1221 Ea
2199 1170 2432 1222 conditio
2454 1178 2540 1223 est

1464 1244 1775 1309 imperandi,
1814 1254 1872 1297 ut
1905 1263 2007 1297 non
2048 1249 2206 1298 aliter
2236 1249 2371 1298 ratio
2405 1263 2531 1299 eon·

1463 1330 1590 1386 stet,
1629 1338 1783 1388 qnam
1820 1325 1864 1374 si
1905 1325 1992 1374 uni
2035 1323 2326 1389 reddatur,'
2358 1327 2534 1378 Tacit.

1462 1397 1605 1447 Ann.
1644 1413 1687 1449 ι.
1725 1403 1775 1449 6.
1841 1398 2036 1450 Uirum
2069 1406 2171 1463 est,
2203 1403 2394 1467 ‘quam
2431 1402 2536 1452 siu·

1464 1474 1598 1539 gulis
1637 1474 1819 1525 diebus
1856 1477 1907 1525 in
1946 1478 2073 1527 urbe
2113 1477 2245 1528 ratio
2280 1486 2372 1528 ant
2407 1492 2534 1529 eon·

1461 1558 1590 1606 stet,
1631 1560 1722 1602 ant
1754 1561 1995 1603 constare
2021 1554 2280 1616 rideatur,
2305 1555 2535 1606 eunctis·

1461 1641 1562 1691 que
1597 1643 1697 1678 non
1738 1630 1985 1689 constet‚'
2033 1630 2172 1681 Plin.
2195 1632 2296 1696 Ep.
2328 1646 2368 1682 r.
2401 1635 2453 1682 Ω.
2481 1636 2533 1683 4.

1458 1702 1617 1753 Adde
1639 1706 1903 1769 Spartian.
1926 1708 1978 1757 in
2004 1706 2216 1758 Valent.
2283 1709 2414 1759 Cum
2437 1721 2531 1759 an-

1459 1785 1569 1829 tem
1607 1796 1761 1844 pares
1804 1790 1926 1833 sunt
1970 1784 2218 1840 rationes,
2263 1791 2526 1836 constant.

1458 1845 1573 1908 Dis
1600 1849 1969 1928 mttbmmfltn
1994 1851 2182 1912 tttffeu
2210 1863 2310 1926 w·
2337 1866 2491 1916 Bm.

1530 1939 1626 1988 Cui
1645 1942 1774 1991 ratio
1791 1956 1884 1991 non
1913 1941 2123 2005 constat]
2159 1943 2230 1992 Η.
2254 1957 2300 1992 e.
2334 1942 2525 1992 libera-

1457 2012 1602 2076 litas,
1645 2030 1762 2081 quin
1808 2025 2010 2068 temere
2051 2017 2132 2075 fit,
2183 2018 2293 2069 sine
2338 2033 2524 2070 caussa

1447 2089 1597 2154 justa
1618 2100 1673 2143 et
1697 2093 1935 2159 honesta,
1955 2095 2066 2144 sine
2091 2094 2294 2157 judicio
2317 2104 2372 2146 et
2394 2096 2525 2145 deli·

1460 2166 1749 2219 beratione.
1814 2172 2046 2233 Etenim,
2063 2171 2201 2237 quod
2226 2174 2339 2223 Cic.
2366 2171 2526 2224 Offic.

1460 2256 1499 2291 ι.
1527 2247 1607 2294 u.
1631 2246 1727 2306 ait,
1758 2247 2128 2299 ‘beneficentia
2152 2262 2215 2299 ae
2234 2249 2522 2300 liberalitas

1456 2319 1616 2371 babet
1654 2324 1842 2373 multas
1870 2324 2176 2374 cautiones.'
2210 2326 2279 2375 Et
2300 2340 2417 2389 cap.
2442 2331 2524 2377 1⁶.

1455 2395 1471 2423 ‘
1507 2397 1671 2448 Multi
1716 2401 1854 2450 enim
1900 2400 2103 2452 faciunt
2144 2403 2314 2452 multa
2356 2409 2522 2454 teme·-

1454 2473 1872 2542 ritate‘quadam,
1894 2480 2005 2528 sine
2020 2478 2227 2543 judicio
2252 2481 2332 2530 vel
2350 2481 2525 2543 modo,

1454 2549 1509 2598 in
1528 2566 1723 2610 omnes,
1747 2555 1827 2604 vel
1848 2557 2123 2620 repentino
2139 2558 2362 2621 quodam
2376 2557 2528 2623 quasi

1455 2635 1636 2691 vento,
1676 2630 1877 2694 impetu
1923 2634 2080 2683 animi
2123 2634 2367 2684 incitati:
2403 2650 2524 2698 qun

1452 2702 1712 2756 beneficia
1747 2721 1899 2772 aeque
1928 2722 2118 2772 inagna
2150 2723 2254 2758 non
2290 2716 2409 2759 suut
2432 2710 2524 2759 ba-

1453 2780 1647 2838 benda‚
1681 2788 1842 2846 atque
1878 2797 1940 2833 ea
1975 2784 2324 2848 qnaejudieio,
2352 2787 2524 2835 eonsi-

1453 2856 1660 2921 derate,
1692 2866 2099 2927 constanterque
2138 2862 2316 2914 delata
2357 2863 2520 2914 sunt)

1453 2934 1572 2983 Val.
1617 2935 1763 2985 Max.
1809 2949 1887 2986 tv.
1928 2940 1979 2986 8.
2024 2942 2073 2988 1.
2107 2938 2123 2967 ‘
2162 2938 2520 2989 Liberalitatis

1454 3010 1561 3061 duo
1594 3018 1717 3062 suut
1750 3014 1973 3063 maxime
1996 3014 2291 3078 probabiles
2313 3013 2519 3079 fontan

1455 3101 1634 3138 verum
1648 3088 1928 3153 Judieium,
1962 3100 2019 3141 et
2052 3091 2274 3142 honesta
2295 3090 2520 3142 benevo-

1454 3164 1637 3215 lentia.
1702 3165 1836 3217 Nam
1857 3181 1973 3216 oum
1995 3168 2061 3218 ab
2095 3167 2173 3217 bis
2194 3168 2375 3230 oritur,
2397 3168 2548 3232 dnm,

1456 3240 1663 3293 demum
1681 3243 1732 3293 ei
1749 3244 2148 3302 ratio'constatss
2183 3246 2325 3296 Plin.
2348 3248 2525 3312 Epist.

1455 3330 1521 3368 ιι.
1540 3323 1591 3369 4.
1613 3322 1664 3369 4.
1698 3321 1716 3349 ⁸
1740 3319 2055 3371 Liberalitas
2078 3322 2154 3372 ita
2178 3322 2526 3388 temperanda

1456 3402 1554 3452 est,
1593 3410 1661 3447 ne
1702 3397 1861 3446 ninia
1896 3395 2192 3462 profusione
2232 3400 2526 3463 inarescat3

1455 3470 1548 3521 sed
1585 3474 1928 3536 temperanda
1962 3476 2016 3524 in
2055 3476 2204 3536 aliis3
2238 3476 2289 3525 in
2315 3482 2369 3525 te
2397 3489 2523 3527 vero

1454 3546 1608 3598 facile
1624 3551 1756 3600 ratio
1772 3550 2052 3611 constabit,
2076 3551 2232 3601 etiam
2252 3551 2294 3601 si
2313 3550 2520 3601 modum

1455 3626 1780 3677 excesserit-⁹
1858 3628 2068 3678 Usitata
2105 3628 2275 3678 Plinio
2312 3626 2520 3678 dicendi

1453 3698 1692 3765 formula,
1725 3717 1759 3752 a
1794 3704 2081 3753 rationibus
2116 3702 2366 3765 deducta,
2400 3719 2519 3770 qum

1455 3786 1565 3829 tum
1589 3781 1605 3809 ‘
1631 3788 1877 3832 constare
1897 3779 1913 3802 '
1943 3780 2206 3841 (licuntur,
2230 3782 2273 3830 si
2298 3790 2524 3846 accepta

1452 3864 1511 3908 et
1542 3871 1777 3923 expensa
1800 3857 1934 3907 bene
1956 3858 2291 3921 conveniunt,
2325 3867 2417 3908 aut
2448 3860 2522 3908 le·

1453 3935 1636 4001 gitima
1663 3949 1861 3984 summa
1890 3935 2267 3997 computationi
2304 3949 2521 4000 respon·

1450 4013 1564 4063 det.
1630 4012 1843 4063 Cortins
1864 4012 1930 4061 ad
1949 4012 2083 4074 hanc
2107 4013 2396 4076 epistolam·
2429 4013 2517 4068 ef.

1453 4090 1596 4140 Plin.
1619 4089 1794 4153 Epist.
1818 4101 1857 4138 ι.
1893 4094 1944 4140 6.
1980 4092 2061 4138 16.
2097 4102 2139 4138 1.
2173 4093 2225 4139 9.
2246 4095 2295 4140 1.
2318 4105 2408 4141 111.
2432 4094 2516 4143 18.

1452 4171 1537 4217 10.
1581 4179 1686 4216 vn.
1725 4169 1776 4214 θ.
1821 4170 1874 4216 4.
1917 4178 2004 4214 ix.
2045 4169 2095 4215 2.
2139 4173 2189 4218 ὅ.
2233 4180 2293 4218 x.
2332 4173 2418 4219 20.
2465 4173 2517 4218 3.

1449 4244 1701 4295 Solimon.
2469 4273 2474 4276 -

1522 4318 1764 4372 orbitatis
1783 4317 2012 4386 warine]
2034 4319 2081 4371 1.
2102 4334 2154 4374 e.
2176 4320 2384 4381 damna,
2402 4321 2516 4375 sive
