3017 4942
759 420 826 470 c.
870 417 1114 469 niun
1164 416 1504 470 saeuum
1554 418 1831 472 ranzo.
1908 421 1959 470 s.
2002 403 2114 472 37.

310 563 469 625 buta,
504 567 570 615 et
614 562 851 628 injuncta
894 562 1106 630 imperii
1153 576 1388 623 munera,

313 641 543 708 impigre
585 642 800 706 obeunt,
841 643 884 693 si
927 643 1131 708 injurie
1180 642 1389 705 absint;

311 721 409 770 has
453 735 592 784 aegre
635 718 916 771 tolerant.’
985 721 1055 770 Et
1094 719 1281 771 Cicero
1322 719 1385 768 ad

315 796 386 849 Q.
420 796 510 847 Fr.
547 810 588 848 1.
629 801 674 848 1.
739 804 758 829 ‘
781 796 884 846 Illa
925 810 1107 847 caussa
1149 796 1387 860 publica-

302 871 525 936 norum,
545 880 791 940 quantam
825 874 1167 925 acerbitatem
1201 871 1388 924 afferat

200 979 209 982 -
310 952 490 1013 euciis,
538 943 889 1003 intelleximus
935 965 1000 1002 ex
1045 951 1258 1007 civibus,
1298 952 1387 1018 qui

309 1042 500 1093 nuper,
540 1030 590 1078 iu
632 1029 879 1093 portoriis
915 1028 1087 1079 Italiae
1124 1029 1387 1093 tollendis,

310 1119 419 1155 non
452 1113 561 1155 tam
594 1104 661 1155 de
695 1105 947 1168 portorio,
971 1119 1124 1170 quam
1157 1105 1226 1155 de
1261 1120 1385 1155 non-

310 1181 472 1232 nullis
503 1182 706 1247 injuriis
739 1183 1074 1246 portitorum,
1097 1182 1386 1247 quereban-

310 1258 437 1311 tur?
502 1260 781 1311 Catanaeus
817 1259 977 1309 Plinii
1012 1260 1175 1311 verba
1202 1260 1279 1311 ita
1308 1260 1386 1310 iu·

314 1345 644 1403 terpretatus
697 1347 799 1400 est,
847 1345 908 1387 ut
957 1338 1386 1402 praepositionem

304 1431 417 1481 pro,
452 1416 598 1481 quasi
634 1413 728 1464 ἀπὸ
758 1415 849 1464 τοῦ
882 1406 1055 1480 atomo,
1090 1429 1158 1465 ex
1194 1415 1384 1474 verbis,

303 1507 397 1557 pro
428 1493 645 1544 utilitate
677 1493 927 1554 communi,
949 1492 1189 1543 retulerit
1225 1492 1385 1543 etiam

313 1571 379 1621 ad
413 1585 638 1636 sequens
670 1568 844 1634 κόμμα,
865 1572 940 1620 ita
966 1585 1055 1640 pro
1087 1570 1387 1632 singulam„

311 1649 527 1712 injuriis.
609 1649 821 1705 Verum,
856 1648 946 1698 illa
991 1637 1293 1712 praepositio
1331 1648 1384 1697 in

312 1727 410 1777 boc
439 1727 611 1778 altero
644 1727 918 1777 sententiae
949 1724 1181 1776 membro
1216 1728 1387 1776 locum

313 1819 419 1854 non
441 1805 630 1867 habet;
661 1806 856 1871 quippe
881 1803 967 1853 ubi
994 1803 1164 1867 potius
1179 1803 1388 1855 deside·

310 1893 485 1933 rarem
527 1881 956 1945 praepositionem
994 1896 1119 1943 cum,
1156 1880 1294 1930 hunc
1332 1882 1386 1932 in

311 1960 520 2009 modum
557 1958 938 2009 collocandam:
974 1958 1048 2007 ito
1083 1973 1188 2007 cum
1219 1958 1385 2021 singu·

309 2037 463 2086 lorum
496 2034 706 2097 injuriis,
730 2035 767 2085 i.
790 2051 839 2086 e.
862 2035 1192 2085 detrimentis
1226 2042 1281 2085 et
1310 2036 1387 2085 in·

298 2111 621 2167 ¹commodis.
683 2116 770 2167 Sic
807 2117 1018 2165 Terent.
1059 2114 1224 2166 Andr.
1266 2129 1305 2163 1.
1340 2118 1386 2164 1.

314 2197 426 2245 104.
472 2202 489 2225 ⁸
514 2194 598 2246 Ad
633 2193 890 2245 flammam
931 2194 1156 2246 accessit
1193 2196 1386 2261 impru-

313 2272 542 2336 dentius,
586 2273 712 2323 satis
758 2287 874 2322 cum
922 2272 1191 2336 periculo.’
1272 2271 1385 2322 Cic.

310 2348 468 2407 Vei-r.
487 2363 580 2399 111.
595 2352 680 2399 24.
714 2351 730 2377 ‘
746 2348 860 2398 Iter
882 2349 981 2399 hoc
1004 2348 1103 2399 sibi
1126 2349 1384 2415 deposcit,

311 2432 370 2475 nt
402 2429 612 2477 veniret
649 2428 1007 2491 Lampsacum,
1045 2441 1163 2476 cum
1197 2423 1388 2491 magna

311 2504 618 2554 calamitate
648 2515 703 2553 et
735 2518 901 2568 prope
938 2503 1170 2568 pernicie
1202 2504 1386 2555 civita·

307 2579 416 2631 tis.’
481 2581 633 2631 Idem
666 2581 821 2630 Verr.
853 2595 904 2630 v.
933 2586 984 2630 8.
1017 2586 1032 2611 ⁸
1057 2582 1152 2637 Tu,
1187 2582 1384 2647 injussu

308 2657 491 2723 populi
530 2671 594 2707 ac
627 2664 861 2720 senatus,
883 2673 999 2708 cum
1034 2660 1260 2710 maximo
1292 2660 1383 2711 de·

294 2727 578 2797 nimenta,
603 2740 760 2799 atque
790 2735 923 2784 adeo
959 2735 1122 2785 exitio
1154 2733 1381 2799 vectiga-

306 2810 455 2867 lium,
491 2815 653 2860 totam
695 2810 1031 2860 Hieronicam
1069 2812 1237 2877 legem
1275 2827 1382 2862 sus·

308 2884 517 2937 tulisti!
580 2886 746 2937 Sicuti
782 2902 907 2937 vero
935 2887 1122 2938 lubens
1157 2891 1384 2955 amplec-

307 2970 454 3013 terer
485 2963 622 3013 hanc
645 2965 956 3028 particulam
984 2980 1111 3031 cum,
1135 2966 1176 3016 si
1202 2967 1383 3036 quoin

305 3039 446 3089 libro
477 3040 700 3103 vestigia
733 3039 849 3104 ejus
872 3040 1385 3104 animadvertissem‘3

307 3117 385 3166 ita
408 3130 654 3181 agnosco,
676 3130 791 3165 eam
817 3116 1028 3181 quidem
1059 3118 1384 3169 commodam

306 3193 442 3257 fore,
486 3207 591 3244 non
638 3201 821 3245 tamen
856 3208 970 3244 esse
1014 3196 1384 3260 neeessariam,

307 3285 426 3322 cum
460 3286 615 3321 nemo
657 3270 878 3329 nesciat,
915 3271 1042 3321 talia
1075 3272 1232 3323 etism
1271 3273 1384 3323 sine

308 3349 684 3413 praepositione
729 3363 854 3412 oum,
896 3348 1035 3411 dici3
1089 3363 1136 3400 ν.
1176 3365 1229 3412 g.
1272 3351 1385 3403 Cic.

309 3425 545 3489 Philipp.
578 3440 619 3475 1.
647 3430 699 3475 4.
732 3428 749 3455 ‘
772 3426 997 3474 Brutum
1031 3425 1157 3489 vidi,
1190 3433 1385 3490 quanto

312 3497 425 3552 ineo
441 3502 642 3563 dolore,
659 3516 758 3552 non
780 3500 937 3551 dico.’
986 3502 1057 3552 Et
1075 3507 1187 3552 c-6.
1221 3502 1386 3554 ‘Quis

312 3593 411 3644 unq
418 3594 536 3629 uam
553 3575 700 3629 tanto
714 3578 902 3628 damno
915 3584 1152 3630 senatum
1166 3577 1340 3643 coegit
1350 3577 1387 3630 Ρ

315 3657 464 3707 Idem.
970 3669 979 3673 ⁴

374 3732 692 3796 Singulorum
712 3729 930 3796 isv’uriis]
962 3731 1028 3782 Id
1050 3737 1155 3795 est,
1170 3730 1222 3782 in
1245 3745 1385 3782 corn-

312 3822 464 3860 mune
492 3810 706 3863 bonnm,
727 3807 822 3858 sed
844 3822 964 3859 cum
986 3822 1118 3857 noxa
1143 3813 1199 3858 et
1221 3805 1386 3858 detri-

312 3894 490 3937 mento
530 3887 872 3950 privatorum.
952 3883 1210 3936 Aufertur
1247 3886 1386 3936 enim

312 3963 373 4013 iis
409 3962 610 4028 aliquid
644 3968 700 4012 et
729 3961 1018 4018 abraditur,
1048 3975 1166 4026 quse
1199 3961 1388 4025 injuria

313 4048 400 4090 sut
423 4041 537 4103 ejus
561 4039 785 4104 species,
807 4039 1040 4089 utilitate
1063 4037 1385 4102 rependitur.

313 4120 329 4149 ‘
357 4118 641 4169 Dissolutio
698 4116 836 4165 enim
892 4115 1097 4180 imperii
1147 4116 1390 4180 sequitur

313 4194 502 4258 (verbe
551 4193 723 4244 Taciti
770 4191 964 4242 Annal.
1010 4204 1140 4241 xm.
1183 4190 1298 4256 6⁰.)
1341 4191 1387 4241 si

190 4311 207 4317 ,
314 4270 534 4332 fructus,
580 4271 770 4337 quibus
825 4268 1115 4334 respublica
1160 4270 1386 4322 sustine·

2395 405 2531 478 653

1460 568 1567 626 tur,
1589 561 1994 616 diminuantur:⁹
2024 562 2150 629 quid
2179 562 2227 614 si
2248 562 2532 616 tollantur?

1525 715 1752 781 Injstriis]
1786 717 2031 769 Damnis:
2078 718 2357 783 vectigalia
2388 721 2530 772 enim

1460 794 1513 845 in
1546 809 1817 845 commuue
1853 796 2061 861 quidem
2096 803 2334 860 prosunt,
2357 799 2527 861 priva-

1461 872 1529 922 tis
1567 879 1760 929 autem,
1788 887 1817 921 a
1857 873 2039 938 quibus
2074 873 2425 933 exsolvuntur,
2452 877 2532 926 in-

1459 946 1730 1000 commodo
1766 956 1904 1020 sunt,
1941 963 2003 1000 ac
2036 949 2368 1002 detrimento.
2424 953 2532 1003 Pa·

1458 1030 1599 1078 torol.
1673 1073 1677 1078 .
1928 1021 1939 1037 ⁸

1531 1103 1826 1168 Co'e‘geruut]
1862 1104 2057 1155 Mirum
2075 1111 2178 1171 est,
2200 1112 2394 1171 quanta
2412 1107 2534 1158 obs·

1460 1182 1715 1235 tinatione
1742 1183 1946 1234 rudium
1972 1184 2320 1248 librariorum,
2345 1200 2441 1250 pro
2455 1200 2531 1235 co·

1455 1261 1678 1323 tegerent,
1701 1260 1754 1310 in
1777 1260 2033 1322 omnibus,
2054 1275 2182 1326 quos
2203 1261 2425 1325 inspexi,
2442 1276 2530 1311 co-

1457 1336 1661 1386 dicibus
1694 1336 1825 1387 Mss.
1857 1337 2139 1401 repositum
2167 1336 2238 1387 sit
2265 1344 2536 1401 cogeretur,

1457 1415 1605 1480 quasi
1627 1414 1711 1466 hic
1735 1415 1925 1465 modus
1948 1415 2311 1479 subjunctivus
2333 1415 2535 1480 deperi«

1457 1491 1613 1543 deret
1633 1507 1668 1543 a
1689 1492 1945 1557 particula
1965 1496 2021 1541 ut
2033 1507 2056 1551 ,⁸
2094 1507 2210 1557 quae
2236 1499 2407 1543 tamen
2430 1493 2531 1543 boc

1457 1570 1575 1621 loco
1606 1584 1710 1621 non
1745 1575 1828 1621 est
1861 1569 2124 1627 causalis,
2146 1569 2237 1619 sed
2261 1585 2536 1635 compara-o

1458 1647 1586 1698 tiva.
1651 1647 1817 1713 Cujus
1840 1647 2043 1711 generis
2065 1648 2242 1698 vitium
2276 1663 2343 1697 ex
2375 1647 2533 1699 simili

1457 1723 1785 1774 librariorum
1809 1724 2106 1788 ignorantia
2129 1723 2419 1791 inquinavit
2433 1727 2534 1777 eti-

1458 1813 1542 1851 am
1564 1817 1611 1852 c.
1636 1815 1676 1851 ι.
1696 1806 1742 1852 l.
1763 1802 1913 1868 hujus
1938 1803 2273 1868 panegyrici,
2295 1817 2411 1853 cum
2436 1803 2534 1866 ibi,

1459 1893 1527 1929 ex
1551 1878 1733 1929 eadem
1757 1894 1957 1938 caussa,
1973 1881 2096 1932 olim
2118 1882 2171 1930 in
2195 1882 2369 1931 multis
2387 1880 2534 1932 libris

1456 1957 1725 2021 legeretur
1745 1963 2010 2023 caperetur,
2032 1973 2129 2022 pro
2150 1974 2332 2023 capere.
2387 1958 2536 2009 Reti.

1459 2042 1686 2085 nuerunt
1711 2041 1886 2085 tamen
1908 2036 2007 2085 hoc
2027 2035 2270 2087 mendum
2293 2036 2452 2086 etiam
2478 2037 2532 2086 in

1459 2112 1606 2163 libris
1641 2113 1925 2178 impressis,
1947 2114 2287 2173 Puteolanus,
2314 2113 2534 2165 Beroal-

1459 2190 1575 2246 dus,
1598 2190 2049 2255 et‘Cuspinianus.
2112 2192 2322 2242 Primus
2354 2206 2531 2242 veram

1460 2266 1739 2317 lectionem
1763 2267 1916 2332 hujus
1939 2267 2039 2317 loci
2063 2268 2352 2332 publicavit
2375 2265 2534 2318 Cata·

1460 2357 1606 2393 naeus
1640 2358 1724 2393 au.
1748 2346 1894 2394 1506.
1924 2343 1976 2393 in
2010 2343 2244 2394 editione
2278 2342 2536 2394 Mediola-

1460 2421 1641 2483 nensi3
1677 2436 1830 2486 quem
1861 2421 2112 2486 deinceps
2143 2421 2328 2479 Aldus,
2349 2419 2536 2479 Junta,

1460 2507 1517 2550 et
1550 2502 1737 2567 ceteri,
1762 2507 1910 2552 recte
1938 2508 2058 2551 sunt
2085 2501 2274 2551 secuti.
2310 2500 2537 2551 Schwar-

1457 2591 1581 2627 zius.

1527 2652 1629 2703 His
1645 2653 1893 2718 vicesimo]
1927 2653 2045 2710 His,
2062 2653 2265 2704 scilicet
2289 2652 2535 2705 oneribus

1459 2731 1802 2798 sustinendis,
1825 2740 2036 2797 reperta
2064 2740 2147 2783 est
2178 2732 2422 2781 vicesima
2446 2733 2536 2780 he·

1459 2809 1775 2873 reditatum3
1810 2811 1875 2860 de
1895 2824 1995 2875 quo
2015 2824 2207 2873 genere
2226 2807 2411 2859 tributi
2428 2822 2536 2858 nou

1459 2886 1586 2935 nibil
1611 2886 1825 2951 exposui
1850 2887 1903 2935 in
1929 2887 2149 2936 Excurs.
2174 2898 2288 2936 xm.
2322 2886 2480 2935 Idem.

1527 2963 1631 3013 His
1670 2964 1920 3028 vicesimo]
1974 2964 2199 3028 Augusti
2242 2964 2534 3016 inventum.

1460 3036 1568 3089 Adi
1625 3038 1849 3091 Diouem
1900 3039 1993 3091 lib.
2038 3053 2128 3090 ιν.
2170 3044 2226 3089 et
2276 3039 2537 3104 proximo.

1459 3116 1625 3166 Livio.

1535 3193 1792 3260 Vicesimo]
1834 3195 2008 3258 Vulgo
2059 3201 2117 3245 et
2165 3195 2322 3259 ple'ne
2373 3192 2535 3255 dicta,

1464 3278 1480 3302 ⁴
1508 3271 1776 3335 vigesima
1818 3270 2186 3321 hereditatium
2204 3269 2242 3332 ς’
2297 3271 2380 3320 cui
2426 3269 2535 3320 Au-

1461 3354 1640 3413 gustus
1662 3347 1992 3398 inventor-ad
2018 3348 2257 3397 serarium
2286 3346 2536 3398 militare.

1462 3426 1548 3476 De
1593 3440 1695 3489 qua
1740 3438 1835 3486 ego
1878 3424 1931 3474 in
1974 3422 2310 3473 Admirandis
2347 3433 2538 3487 nuper,

1463 3505 1640 3552 x11.4.
1674 3507 1730 3551 et
1761 3501 1884 3551 olim
1922 3500 1986 3549 ad
2018 3500 2200 3550 Taciti
2222 3497 2412 3551 Annal.
2436 3512 2536 3549 xv.

1459 3580 1596 3645 Lips.
2527 3598 2534 3604 ·

1536 3656 1800 3720 vicesima]
1845 3655 1957 3707 Cic.
1994 3654 2111 3706 Art.
2145 3666 2211 3704 ss.
2251 3658 2332 3704 16.
2401 3653 2532 3703 Por-

1458 3736 1609 3786 toriis
1643 3736 1860 3787 sublatis
1896 3734 2161 3799 vigesima,
2192 3732 2413 3796 vectigal
2448 3746 2533 3780 su·

1460 3818 1677 3878 peterat
1708 3812 2068 3866 domesticum,
2102 3810 2216 3861 scil.
2254 3809 2531 3862 manumis-

1460 3905 1633 3941 sorum
1669 3890 1687 3918 ‘
1711 3889 1961 3953 vigesima
1992 3885 2210 3953 quinta.’
2242 3888 2285 3936 si
2317 3887 2533 3938 Tacitus

1464 3965 1654 4016 Annal.
1675 3978 1781 4015 ιιι.
1802 3968 1884 4014 31.
1909 3971 2105 4026 certus,
2125 3969 2215 4013 aut
2246 3962 2288 4012 si
2325 3963 2428 4012 Dio
2449 3968 2533 4012 5⁵.

1461 4047 1478 4071 ‘
1503 4040 1927 4107 quinquagesima
1965 4038 2336 4103 mancipiorum
2381 4053 2535 4087 vens-

1461 4118 1608 4181 lium‚
1643 4118 1970 4168 utialiarum
2008 4129 2181 4165 rerum
2216 4115 2536 4166 centesima.’

1461 4195 1735 4258 vigesima
1757 4206 1901 4249 vero,
1920 4206 2023 4257 qua
2045 4191 2112 4242 de
2135 4191 2217 4241 bic
2234 4205 2421 4249 sermo,
2438 4192 2534 4239 ue-

1462 4273 1745 4340 reditatum
1779 4276 1913 4335 erat,
1936 4282 2088 4334 quam
2124 4269 2408 4334 peregrini,
2437 4266 2536 4318 sed
