3017 4942
766 375 833 428 c.
878 377 1127 430 ηιιιιι
1172 376 1506 431 saeuum
1558 379 1836 432 unae.
1911 382 1966 431 1.
2007 363 2144 451 20.{

321 526 421 577 boc
439 520 631 590 reliqui
647 520 805 576 verbo
824 524 1090 576 inciderent
1101 539 1124 585 ,-
1153 524 1387 592 quamvis

326 608 451 654 tunc
484 603 664 652 malim
696 601 971 653 inciderint.
1032 603 1122 653 Sic
1152 616 1280 652 vero
1311 603 1389 653 lo-

322 679 501 744 quitur
521 679 681 728 etiam
702 679 920 728 Terent.
945 678 1142 728 Heaut.
1158 692 1224 730 ιι.
1238 682 1290 729 4.
1310 681 1391 729 15.

318 764 335 786 ‘
351 758 428 808 Ut
448 768 716 821 uunquam
738 756 846 805 ulla
881 755 1043 805 amori
1066 763 1239 805 vestro
1261 754 1388 805 inci-

321 833 452 885 dere
477 834 646 897 possit
664 831 972 882 calamitas-2
1000 830 1242 882 Solam.
1311 882 1315 893 ,

390 910 694 974 Domitiani]
736 910 775 960 i.
815 923 863 961 e.
895 908 1179 960 Domitiani
1217 908 1389 972 cnjus·

319 988 463 1051 dam,
481 988 652 1052 ducis,
686 995 742 1038 et
775 987 993 1039 hominis
1027 985 1251 1052 privati3
1285 1000 1390 1035 non

319 1068 483 1131 ipsius
516 1066 790 1131 principis,
808 1071 991 1130 utpote
1016 1079 1047 1114 a
1068 1062 1220 1127 cujus
1241 1077 1389 1112 sanc-

320 1145 484 1194 titate
524 1143 693 1193 aliena
745 1157 859 1192 esse
905 1141 1097 1211 debeat
1138 1139 1391 1204 ejusmodi

316 1220 702 1271 immoderatio.
768 1220 1016 1270 Similiter
1037 1218 1151 1269 fere
1175 1219 1390 1284 Batavi,

315 1299 371 1349 in
406 1298 626 1349 Chinam
665 1296 1022 1353 advenientes,
1056 1296 1285 1361 quasin,
1321 1310 1387 1346 an

317 1377 607 1429 Christiani
643 1384 843 1438 essent,
861 1374 1158 1440 aliquando,
1183 1375 1248 1424 ad
1282 1375 1388 1424 evi·

316 1452 542 1504 tandum
599 1453 818 1503 nominis
862 1452 1139 1503 Christiani
1191 1450 1390 1515 odium,

318 1530 655 1597 respondisse
688 1530 947 1593 dicuntur,
986 1544 1044 1581 se
1075 1543 1191 1579 esse
1227 1528 1388 1580 Bata·

319 1623 415 1660 vos
470 1609 583 1660 sive
642 1607 948 1659 Hollandos.
1033 1607 1280 1657 Fortasse
1330 1613 1389 1657 et

320 1685 529 1736 Plinius
566 1701 658 1751 per
692 1685 1088 1738 alliterationem
1113 1684 1286 1733 allusit
1319 1683 1389 1734 ad

320 1776 514 1813 nomen
558 1762 866 1825 Domitiani,
908 1763 1053 1831 quasi
1107 1761 1388 1811 denotetur

321 1840 535 1905 quidam
567 1854 733 1890 saevus
766 1840 1078 1902 dominator,
1110 1853 1212 1888 non
1252 1840 1389 1902 prin·

321 1930 445 1981 cepa
470 1917 739 1966 modestus
761 1923 818 1965 et
839 1915 1112 1978 benignus.
1146 1914 1298 1965 Idem.

385 1991 692 2056 Domitiani]
723 1990 841 2042 Hoc
879 2000 979 2054 est,
1010 1992 1294 2042 truculenti
1332 1997 1389 2044 et

316 2069 532 2134 pessimi
564 2069 807 2131 hominis,
829 2062 933 2119 uon'
964 2069 1183 2119 Romani
1212 2067 1390 2134 Impe-

325 2146 536 2197 ratoris.
569 2144 793 2195 Patarol.

384 2222 566 2272 Edicto
580 2220 843 2286 subiecisti]
879 2220 1033 2273 Quod
1051 2219 1284 2272 edictum
1308 2236 1390 2273 re·

323 2312 501 2349 versus
531 2297 810 2362 proposuit
842 2298 892 2346 in
928 2297 1150 2365 publico,
1172 2297 1239 2348 de
1275 2299 1388 2348 hos-

321 2378 459 2431 tibus
483 2377 707 2443 pacatis,
732 2376 896 2427 limite
932 2375 1182 2438 defensog
1217 2384 1271 2426 et
1297 2377 1388 2427 de·⁸

321 2458 476 2522 nique
517 2455 572 2504 in
606 2456 709 2504 imo
740 2452 863 2519 (lnoc
895 2462 998 2518 est,
1024 2453 1290 2520 sub-iecisti)
1323 2455 1388 2506 de

320 2531 604 2596 impendiis
626 2531 747 2580 viae.
781 2530 916 2594 Lips-

387 2609 514 2660 C'um
555 2607 755 2670 imperio
798 2608 1026 2656 calculum
1069 2606 1265 2671 ponere]
1320 2607 1387 2658 ld

320 2693 421 2752 eat,
437 2684 565 2747 μετὰ
584 2689 679 2735 τῶν
698 2683 986 2749 ἀρχομένων,
1008 2692 1068 2735 ut
1090 2687 1107 2714 ⁴
1127 2684 1355 2734 dominia
1371 2682 1387 2708 '

320 2773 375 2814 et
391 2769 407 2792 ‘
425 2763 679 2815 servitia'
702 2763 894 2826 passim
917 2777 1013 2825 pro
1047 2761 1301 2812 ‘domini’
1330 2767 1389 2812 et

312 2842 332 2869 ⁴
351 2841 511 2891 servi.
515 2838 532 2861 ’
565 2840 728 2889 Livia.

385 2918 514 2971 Gens
533 2918 731 2981 imperio
760 2917 991 2966 calculum
1019 2915 1216 2979 ponere]
1252 2915 1388 2966 Boii-

318 2996 423 3046 tius
460 2995 528 3046 de
554 2994 769 3045 Consol.
802 2993 995 3043 Philos.
1018 2993 1170 3043 Pros.
1190 2996 1238 3042 3.
1265 3006 1387 3058 pag.

318 3076 434 3124 ⁹⁷⁸.
456 3072 652 3122 ‘Visne
675 3084 803 3133 ergo
826 3083 943 3120 cum
971 3068 1181 3122 fortuna
1213 3072 1386 3121 calcu-

317 3152 426 3205 lum
464 3148 700 3216 ponere?
738 3149 880 3198 Ante
911 3155 1219 3212 occupatam
1256 3161 1389 3197 rem·

318 3227 465 3292 publ.
497 3226 567 3276 ab
600 3225 1003 3290 imperatoribus
1035 3224 1273 3274 solebant
1295 3223 1390 3274 du·

316 3318 407 3356 cea
431 3303 686 3354 rationem
712 3301 960 3366 impendii
983 3300 1188 3350 ἥσει-οἶ
1223 3300 1389 3350 Tran-

321 3381 470 3447 quillae
491 3380 652 3429 ‘Boni
674 3378 935 3443 principes
958 3376 1154 3427 debent
1171 3376 1390 3441 expensi

327 3470 503 3508 curam
529 3464 729 3513 tenere,
756 3463 998 3519 tauquam
1021 3454 1064 3502 si
1090 3455 1282 3517 populo
1305 3468 1390 3504 es·

222 3558 231 3567 -
323 3541 443 3583 seut
458 3532 717 3583 reddituri
736 3527 1030 3582 rationem.’
1061 3530 1198 3580 Vide
1215 3538 1387 3582 tamen

326 3615 446 3679 quot.
467 3611 702 3674 Berneg.
723 3609 776 3658 in
789 3607 931 3659 Just.
948 3621 1016 3657 ιι.
1038 3612 1091 3657 9.
1112 3611 1193 3657 14.
1216 3607 1370 3658 Bera-

389 3688 515 3738 Cum
535 3685 733 3751 &aperio
751 3685 982 3734 calculum
1007 3684 1205 3749 ponere]
1246 3685 1316 3739 H.
1339 3697 1389 3734 e.

323 3780 440 3818 cum
496 3764 720 3827 imperio
775 3762 1007 3814 rationes
1060 3767 1388 3826 computare,

323 3848 434 3894 sive
472 3841 734 3891 redituum
776 3845 833 3889 et
866 3844 1128 3890 sumtuum
1182 3838 1388 3902 imperii

324 3921 575 3971 rationem
592 3917 731 3967 inire
748 3929 809 3966 ac
826 3913 1137 3967 subducere.
1185 3914 1386 3966 Calculi

320 4000 458 4050 enim
495 4012 594 4062 pro
628 3993 915 4046 rationibus
951 3993 1230 4056 dicuntur;
1266 3994 1389 4060 quia'

321 4083 373 4126 et
417 4081 645 4134 veteres,
682 4071 804 4120 dum
859 4075 1250 4135 computarunt,
1305 4071 1387 4121 usi

320 4157 443 4202 aunt
498 4147 732 4209 calculis,
787 4147 897 4196 sive
950 4145 1160 4208 lapillis.
1242 4145 1388 4198 Hine

321 4224 465 4281 Plin.
504 4226 681 4290 Epist.
721 4235 789 4273 u:
835 4225 916 4271 19.
950 4221 966 4249 ‘
993 4221 1212 4284 Omnes,
1254 4237 1387 4287 quos

319 4319 417 4372 ego
453 4305 612 4370 movi,
634 4304 688 4354 in
716 4308 938 4365 utraque
970 4306 1126 4364 parte
1155 4299 1385 4353 calculos

2399 366 2532 434 519

1465 524 1653 591 pone.'
1716 525 1867 577 Idem
1912 526 2079 591 Epist.
2121 540 2173 579 v.
2202 529 2255 580 2·
2292 527 2530 594 ‘Accepi

1463 603 1841 668 pulcherrimos
1866 605 2061 661 turdos,
2082 618 2199 655 cum
2224 605 2408 671 quibus
2438 620 2531 670 pa·

1462 694 1576 731 rem
1614 682 1870 732 calculum
1909 696 2110 747 ponere
2142 696 2246 732 non
2288 683 2531 747 possum?

1464 760 1577 813 Cic.
1605 761 1659 811 in
1695 762 1857 813 Laelio
1878 776 1926 812 c.
1953 766 2032 813 16.
2054 760 2209 823 dixit,
2231 763 2248 789 ‘
2270 759 2389 810 Hoc
2416 760 2530 825 qui-

1463 837 1584 889 dem
1607 844 1691 888 est
1713 838 1866 888 nimis
1901 839 2093 902 exigue
2128 842 2185 887 et
2218 837 2426 885 exiliter
2460 836 2530 886 ad

1464 916 1691 968 calculos
1713 930 1901 967 vocare
1925 915 2224 972 amicitiam,
2247 919 2304 964 nt
2337 927 2432 979 par
2459 906 2536 965 sii*

1465 994 1600 1043 ratio
1637 1001 1972 1057 acceptorum
2009 999 2064 1042 et
2100 988 2388 1041 datorum.’,
2443 990 2530 1040 Sic

1465 1070 1643 1121 dicere
1675 1073 1945 1135 possimus,
1979 1068 2079 1118 ‘ad
2117 1069 2348 1119 calculos
2382 1080 2529 1116 revo-

1464 1162 1583 1198 care
1606 1147 1919 1212 imperium‚'
1936 1161 2000 1197 an
2025 1160 2122 1210 par
2142 1147 2211 1196 sit
2235 1145 2369 1194 ratio
2391 1141 2530 1193 redi·

1465 1230 1610 1274 tuum
1649 1231 1705 1276 et
1749 1235 2128 1287 expensorum5
2170 1235 2237 1270 ne
2279 1221 2395 1284 plus
2434 1219 2528 1268 im-

1466 1300 1743 1365 pendatur,
1767 1316 1918 1366 quam
1944 1300 2244 1360 recipiatur.
2293 1297 2414 1347 Fuit
2439 1310 2532 1345 au·

1463 1385 1573 1428 tem
1616 1379 1827 1443 proprie
1864 1375 2299 1432 ‘ratiocinatoris,
2333 1388 2530 1439 ponere

1465 1453 1767 1518 calculum,’
1801 1454 2085 1504 secundum
2121 1452 2325 1503 Colum.
2357 1452 2424 1501 de
2460 1452 2526 1502 R.

1465 1531 1533 1580 R.
1555 1545 1645 1581 ιιι.
1670 1535 1721 1581 8.
1758 1531 2008 1581 Schmun-2.

1530 1609 1619 1659 Sic
1647 1606 1836 1668 redeat]
1881 1609 1968 1659 Sic
2002 1611 2143 1657 exeat
2179 1604 2243 1656 V.
2266 1605 2329 1656 C.
2355 1604 2428 1657 G.
2462 1605 2530 1655 R.

1464 1685 1647 1750 probe.
1683 1684 1923 1735 Rittersk.

1511 1761 1740 1825 ‚EdicatJ
1802 1760 2087 1812 Scriverius
2141 1758 2530 1810 rescribendum

1464 1839 1670 1889 censuit
1705 1840 1774 1888 Et
1806 1840 1973 1896 dicat,·
2006 1834 2231 1887 fortasse
2266 1836 2531 1900 opinatus,

1462 1915 1837 1980 magistratum,
1852 1921 1943 1963 aut
1965 1913 2272 1977 principem,
2287 1927 2389 1962 non
2410 1928 2532 1977 pos·

1463 1994 1523 2043 ee
1574 1993 1681 2042 dici
1723 1989 2013 2048 ‘edicere,’
2068 1992 2165 2040 nisi
2211 1991 2405 2056 aliquid
2446 1991 2529 2040 rel

1450 2058 1667 2136 jubeat,
1702 2070 1786 2120 vel
1815 2075 1977 2119 vetet.
2042 2067 2147 2119 Sed
2178 2068 2319 2117 nulla
2358 2080 2534 2117 emen-

1461 2146 1675 2196 datione
1713 2160 1843 2211 opus
1877 2153 1995 2206 est3
2029 2144 2165 2193 haud
2207 2144 2344 2194 enim
2378 2143 2530 2193 unius
2571 2199 2579 2205 ³

1462 2225 1669 2289 generis
1713 2231 1769 2274 et
1814 2221 2107 2288 argumenti
2127 2220 2293 2271 =fuere
2336 2219 2532 2271 edictas

1461 2303 1649 2364 Erant,
1690 2301 1916 2351 maxime
1961 2299 2059 2350 sub
2110 2298 2533 2363 imperatoribus.¹

1461 2391 1565 2427 non
1591 2377 1753 2427 solum
1773 2375 2020 2442 jubentia
2044 2382 2100 2424 et
2135 2374 2366 2425 vetantia
2383 2390 2400 2434 3
2434 2372 2530 2424 sed

1463 2455 1622 2505 etiam
1658 2454 1931 2512 monitoria,
1968 2451 2298 2513 consolatorio,
2338 2452 2532 2502 nuatio-

1462 2533 1608 2593 toria,
1640 2541 1699 2583 et
1733 2533 1856 2594 alia,
1880 2546 1995 2596 quas
2032 2530 2261 2593 explicat
2294 2529 2530 2578 Brisson.

1463 2609 1532 2659 de
1573 2609 1801 2660 Formul.
1840 2609 1932 2659 lib.
1974 2620 2068 2658 ιιι.
2105 2621 2224 2672 pag.
2263 2610 2379 2657 2¹77.
2442 2606 2533 2656 Sic

1464 2688 1819 2748 Domitianus,
1839 2685 1927 2735 ubi
1963 2683 2176 2748 publico
2209 2683 2407 2747 scripto
2441 2682 2533 2733 de·

1462 2764 1773 2824 claruerat,
1786 2775 1842 2810 se
1861 2759 2123 2825 recepisse
2142 2773 2354 2808 uxorem
2379 2763 2534 2807 antea

1463 2841 1813 2904 repudiatam,
1835 2836 2095 2887 referente
2121 2836 2386 2900 Suetonio,
2410 2849 2530 2901 cap.

1461 2921 1546 2968 1³.
1589 2917 1606 2946 ‘
1632 2930 1733 2966 non
1779 2913 2080 2977 dubitabat,
2118 2914 2170 2963 in
2228 2913 2533 2964 reducenda

1461 3001 1585 3061 post
1615 2994 1894 3046 divortium
1931 3007 2111 3055 uxore,
2133 2991 2359 3054 edicere,
2383 3006 2531 3043 revo-

1461 3080 1634 3122 catam
1658 3086 1771 3122 eam
1793 3072 1843 3120 in
1869 3071 2107 3135 pulvinar
2130 3067 2313 3118 suum.’
2360 3068 2452 3119 Sic
2475 3075 2535 3119 et

1460 3150 1710 3212 Trajsnus
1746 3155 1892 3199 recte
1913 3147 2018 3196 dici
2052 3147 2224 3212 potuit
2241 3147 2257 3175 ⁸
2276 3145 2485 3199 edicere
2501 3144 2537 3208 ς’

1462 3236 1581 3276 eum
1605 3225 1816 3290 publico
1849 3225 2048 3288 scripto
2082 3225 2268 3273 saltem
2291 3222 2530 3273 declara-¹·

1462 3308 1565 3365 ret,
1595 3310 1884 3367 uotumque
1916 3300 2137 3358 faceret,
2169 3315 2296 3366 quos
2332 3307 2531 3350 sumtus

1461 3379 1775 3444 impenderit
1808 3380 1860 3429 in
1900 3380 2025 3429 iter.
2094 3378 2233 3429 Quin
2262 3383 2319 3426 et
2343 3375 2536 3440 privati

1459 3457 1713 3521 homines,
1745 3471 1849 3507 non
1884 3455 2213 3518 magistratus
2248 3454 2422 3516 modo,
2454 3453 2535 3502 di-

1459 3534 1715 3585 cebantur
1750 3532 2027 3599 aliquando
2062 3531 2348 3593 ἐμφατικῶς,
2379 3529 2396 3558 ‘
2420 3528 2530 3578 edi·

1460 3609 1622 3669 eere,'
1644 3613 1687 3662 si
1709 3611 1833 3677 quid
1855 3610 1988 3660 serio
2010 3610 2125 3658 aliis
2153 3606 2528 3670 significarent.

1461 3687 1968 3751 denuntiarentque;
2005 3698 2055 3733 v.
2078 3698 2130 3748 g.
2154 3684 2417 3734 Parmeno
2433 3681 2533 3731 Te-

1460 3764 1751 3826 rentianus,
1782 3763 1835 3812 in
1869 3762 2004 3812 Eun.
2027 3774 2084 3810 v.
2106 3764 2157 3809 5.
2185 3762 2265 3807 19.
2299 3758 2317 3787 ⁴
2337 3756 2429 3816 At,
2461 3770 2529 3808 ue

1459 3841 1559 3893 hoc
1607 3840 1877 3903 nesciatis,
1914 3837 2156 3905 Pythias,
2197 3834 2334 3900 dico,
2378 3834 2531 3885 edico

1461 3916 1627 3982 vobis,
1665 3925 1903 3967 nostrum
1950 3926 2062 3963 esse
2116 3912 2262 3962 illum
2313 3911 2530 3962 herilem

1459 3993 1669 4045 filium.’
1735 3993 1913 4042 Plant.
1949 3988 2199 4040 Pseudol.
2232 3998 2317 4040 ιιι.
2339 3993 2391 4040 2.
2414 3992 2530 4040 11⁸.

1456 4073 1474 4100 ‘
1497 4070 1548 4120 N
1553 4084 1655 4120 unc
1676 4069 1765 4123 ibo
1788 4068 1951 4130 intro,
1975 4072 2133 4130 atque
2156 4065 2359 4115 edicam
2384 4063 2531 4115 fami·

1460 4148 1693 4211 naribus,
1717 4143 1973 4196 Profecto
2004 4158 2072 4194 ue
2105 4144 2220 4208 quis
2252 4142 2529 4209 quicquam

1459 4223 1646 4276 credat
1671 4219 1969 4274 Pseudolo.’
2002 4219 2245 4271 Schem-
2507 4237 2524 4247 ⁶

1529 4300 1676 4353 Tanti
1729 4299 1943 4365 constat]
2004 4296 2232 4350 Quidam
2280 4293 2398 4347 libri
2434 4291 2523 4342 ha·
