3017 4942
536 364 664 428 313ss
1219 377 1437 427 Now
1484 377 1895 429 vamoavu
1943 380 2020 430 lu

532 540 612 572 res
638 524 760 572 satis
792 520 1093 586 frequenter
1113 522 1436 587 usurparint3
1470 537 1591 572 nus·

532 616 684 664 quarn
712 612 898 656 rumen,
913 608 1157 662 quantum
1174 600 1451 663 uobisjarn
1470 614 1592 649 con·

532 688 656 740 stat,
700 680 849 728 uliam
895 678 945 726 ei
988 678 1246 727 notionem
1300 678 1594 742 subjecere,

536 772 684 820 quum
724 764 784 804 ut
818 754 951 805 idem
989 754 1205 810 valeret,
1228 754 1363 819 quod
1388 758 1403 783 ‘
1422 753 1591 818 scite,’

528 836 544 860 ¹
568 836 768 896 perite:
804 838 858 884 et
896 835 996 882 ‘ex
1040 831 1186 881 arte.'
1253 832 1341 881 Sic
1377 832 1488 882 Cic.
1524 832 1590 881 de

536 912 684 960 Orat.
735 924 796 960 ιι.
832 914 878 960 2.
918 909 933 936 ‘
955 909 1099 957 Bene
1143 906 1371 964 ὤσει-οἶ,
1399 908 1591 972 iuquit,

528 988 696 1052 *quud
720 996 820 1048 est,
853 986 1095 1047 scienter,
1118 995 1173 1035 et
1197 987 1385 1049 perite,
1421 993 1477 1034 et
1513 1000 1591 1035 or·

532 1072 668 1120 unte,
708 1062 915 1112 {licere-³
994 1063 1063 1113 Et
1105 1063 1282 1126 Nepos
1325 1063 1378 1113 in
1425 1062 1587 1115 Praef.

532 1148 544 1168 “
568 1140 832 1204 Saliasse‚'
868 1140 1058 1205 iuquit,
1096 1140 1112 1169 ‘
1141 1154 1257 1189 eum
1302 1140 1591 1204 commode,

532 1220 862 1284 scienterque
885 1216 1028 1267 tibiis
1048 1216 1323 1267 cantasse!
1369 1218 1440 1267 Et
1460 1218 1589 1267 Sue·

532 1304 640 1344 tun.
668 1296 828 1360 ''ae'esp-
848 1308 963 1360 cap.
1002 1298 1051 1344 8.
1091 1297 1106 1323 ‘
1129 1295 1232 1347 Qui
1266 1301 1503 1346 cantaret
1533 1302 1590 1346 et

536 1372 784 1434 psalleret
800 1366 1033 1436 jucunde
1070 1371 1438 1436 scienterque.’
1492 1372 1589 1421 Cui

532 1464 656 1508 ergo
680 1448 788 1496 haec
824 1440 1305 1511 nou'suspiciouem
1344 1445 1587 1509 afferant,

532 1524 748 1572 fortnas-:z
776 1522 1076 1575 adverbium
1113 1526 1333 1588 scienter,
1354 1538 1448 1587 pro
1471 1538 1587 1587 par·

532 1600 712 1664 'ti-sipic-
735 1600 900 1658 sciens,
923 1601 987 1651 ab
1019 1600 1262 1664 imperito
1300 1602 1586 1666 glossatore

530 1680 640 1724 sive
668 1680 950 1740 interprete
986 1676 1281 1742 profectum
1308 1679 1457 1728 esse?
1491 1679 1588 1728 Ut·

532 1772 732 1816 cunque
760 1771 880 1805 vero
919 1765 1018 1817 est,
1059 1770 1175 1805 cum
1209 1771 1277 1805 ne
1300 1756 1457 1806 ullum
1479 1756 1587 1821 qui·

528 1832 648 1880 dem
676 1836 828 1880 varim
847 1832 1081 1882 lectionis
1103 1832 1380 1896 vestigium
1416 1833 1468 1881 in
1490 1833 1589 1882 bac

536 1924 660 1956 vnce
688 1912 947 1974 hueusque
988 1907 1266 1959 ostendant
1287 1909 1466 1971 scripti
1496 1908 1587 1957 im·

524 1988 791 2048 pressique
816 1984 930 2036 libri
951 2001 967 2044 3
1003 1985 1219 2049 agedum
1237 1984 1588 2048 relinquamus

532 2064 700 2112 adime
740 2063 911 2112 Plinio
944 2062 1041 2112 boc
1081 2061 1249 2124 ipsum
1287 2061 1587 2111 adverbium

532 2140 748 2200 scienter,
772 2140 820 2188 in
846 2139 1149 2203 primigenio
1173 2146 1228 2187 et
1252 2138 1463 2202 proprio
1484 2138 1588 2202 sig·

532 2216 740 2264 nificat-„1
768 2228 780 2244 ⁶
800 2216 995 2268 sciendi
1011 2214 1025 2236 ’
1049 2215 1482 2280 positum‚neque
1506 2230 1588 2266 so-

532 2296 584 2340 lu
608 2296 832 2356 exempli
859 2293 1089 2353 raritate,
1110 2299 1221 2356 aut,
1244 2298 1305 2343 ut
1326 2307 1444 2342 cum
1460 2293 1590 2342 Ter-

532 2372 752 2420 tulliano
776 2372 968 2434 loquar,
993 2368 1361 2431 singularitate,
1384 2383 1588 2432 permo-

528 2464 752 2508 tus-amur,
776 2456 828 2496 ut
854 2447 906 2495 iu
932 2446 1043 2509 ejus
1059 2446 1227 2494 locum
1252 2444 1588 2509 participium

528 2524 768 2572 usitatius
804 2521 1011 2572 aliunde
1048 2523 1376 2585 cooptemus!
1414 2521 1498 2570 Am
1534 2537 1588 2570 e·

528 2600 632 2648 nim
660 2600 941 2649 irffluditum
977 2608 1077 2655 est,
1113 2598 1320 2665 aliquod
1348 2599 1589 2648 adverbi-

528 2692 612 2724 um
640 2676 760 2724 duaa
788 2677 1040 2726 sustinere
1062 2676 1502 2739 significationes?
1533 2676 1590 2727 Si

528 2756 859 2816 participium
870 2753 1021 2803 sciens
1038 2752 1298 2817 duplicem
1321 2752 1479 2803 habet
1498 2769 1591 2816 po·

528 2836 792 2892 testatem,
816 2827 937 2892 quid
974 2830 1104 2879 niet
1128 2829 1425 2879 adverbium
1468 2830 1590 2880 inde

530 2908 820 2952 derivatum
840 2907 859 2954 θ
893 2905 1061 2956 Sciens
1078 2913 1251 2956 autern
1269 2908 1478 2971 proprie
1502 2921 1591 2956 no·

532 2992 608 3032 tat
636 3000 772 3040 eum,
792 2983 879 3048 qui
903 2984 1025 3043 scit,
1049 2991 1140 3033 aut
1164 2984 1589 3047 cognoscit,item

532 3068 584 3104 et
608 3060 692 3120 qui
712 3060 776 3108 {ie
796 3058 1045 3108 industria
1060 3064 1115 3109 et
1132 3061 1371 3109 consulto
1394 3059 1589 3124 aliquid

532 3136 640 3192 ait3
676 3152 724 3180 v.
756 3152 804 3196 g.
840 3135 1052 3184 Terent.
1077 3134 1274 3185 Heaut.
1307 3149 1387 3185 lv.
1426 3140 1475 3185 8.
1511 3139 1591 3185 33.

528 3212 544 3236 ῑ
564 3212 632 3256 Te
672 3212 868 3260 sciente
902 3208 1111 3274 faciam,
1132 3212 1378 3276 quidquid
1401 3210 1591 3276 egero!

532 3288 644 3336 Cin.
672 3300 760 3348 pru
788 3288 990 3336 Cluent.
1010 3301 1058 3336 c.
1091 3291 1175 3337 46.
1211 3290 1228 3317 ‘
1248 3288 1503 3351 Habebit,
1537 3295 1593 3338 te

532 3364 728 3412 sciente
756 3371 808 3412 et
844 3361 1075 3427 vidente,
1114 3364 1257 3414 curia
1296 3373 1592 3414 senatorem

532 3443 640 3488 sine
660 3438 1302 3504 ignominiaquemquam,'
1318 3445 1418 3491 ὅτε.
1442 3440 1592 3491 Idem

532 3532 628 3580 pru
652 3520 800 3568 Hunc.
836 3514 1009 3565 Amet.
1026 3530 1075 3567 c.
1099 3520 1180 3566 20.
1203 3520 1218 3546 ‘
1234 3517 1436 3582 Aperte
1458 3519 1594 3568 ludi-

532 3596 672 3640 ficari
700 3604 752 3640 et
792 3593 1087 3643 calumniari
1111 3595 1278 3644 sciens
1316 3610 1415 3645 uon
1450 3596 1593 3645 vide·

536 3672 652 3720 tui-..⁵
708 3668 912 3719 Deinde
929 3670 1084 3720 sciens
1106 3672 1263 3721 etiam
1286 3672 1483 3722 dicitnr
1503 3687 1594 3736 pe·

532 3748 680 3808 ritus,
708 3756 760 3792 et
796 3753 906 3794 arte
943 3761 1035 3796 sua
1073 3747 1379 3811 instructus,
1415 3749 1593 3798 habet·

532 3840 632 3884 qne
660 3840 772 3872 suus
800 3821 988 3884 gradus
1006 3825 1023 3852 ‘
1047 3826 1328 3889 scientior‚'
1368 3835 1423 3878 et
1457 3829 1473 3855 ‘
1494 3828 1595 3877 sci·

532 3899 861 3948 tutissimus!
928 3899 1142 3950 Sallust.
1166 3901 1292 3965 Jug.
1306 3917 1353 3951 c.
1367 3907 1447 3952 85.
1469 3910 1485 3933 ‘
1504 3914 1597 3953 ex-

532 3976 724 4024 ereitus
748 3980 978 4026 lucorum
1009 3978 1219 4041 sciens,’
1254 3979 1288 4029 i.
1308 3993 1356 4028 e.
1379 3980 1598 4043 peritus.

540 4052 652 4100 [lie.
676 4068 768 4112 pm
792 4056 933 4117 Lege
956 4055 1142 4121 Manil.
1173 4070 1292 4119 cap.
1317 4060 1394 4107 10.
1429 4057 1445 4085 ‘
1466 4057 1601 4108 Quis

536 4128 792 4192 Pumpeiu
820 4130 1062 4180 scientior
1084 4146 1307 4196 uuquam
1331 4131 1483 4183 fuit?
1517 4134 1596 4183 Si-

536 4204 728 4252 militer
768 4208 820 4252 iu
861 4206 1110 4259 adverbio
1141 4210 1432 4274 composito
1485 4209 1597 4259 ‘in-

415 4647 808 4922 *L

1669 523 1931 582 scientes-‚⁹
1953 523 2090 590 quod
2128 529 2368 591 tanquam
2390 526 2637 579 ἀντίθετον
2652 531 2721 593 τᾷ

1663 602 1869 651 menter
1891 602 2188 666 opponitur,
2211 602 2406 667 duplex
2441 605 2608 656 haeret
2630 620 2720 655 no·

1664 678 1760 728 tio.
1837 677 2133 743 Aliquando
2176 681 2390 730 denotat
2434 683 2719 746 simplicem

1665 754 1948 804 absentiam
1983 755 2239 819 scientiae,
2256 757 2290 807 i.
2314 771 2365 808 e.
2390 773 2455 808 ex
2484 761 2722 822 ignoran-

1665 832 1758 894 tia,
1781 846 1847 880 ex
1865 832 2164 894 inscientia3
2199 849 2249 882 v.
2275 849 2324 897 g.
2349 835 2486 898 apud
2506 836 2620 885 Liv.
2633 836 2721 886 lib.

1663 920 1796 957 xxv.
1818 922 1866 958 c.
1885 911 1966 957 10.
1989 910 2004 936 ‘
2024 909 2295 959 Terrorem
2318 918 2373 960 et
2395 911 2523 961 tuba
2545 912 2724 961 audita

1663 998 1730 1033 ex
1754 983 1958 1035 theatro
1977 983 2200 1035 faciebat
2220 1003 2238 1048 ς
2272 1001 2388 1036 nam
2413 997 2468 1037 et
2490 989 2724 1039 Romana

1663 1067 1776 1110 erat
1799 1077 1829 1111 a
1843 1061 2193 1124 proditoribus
2212 1071 2412 1126 parata,
2427 1071 2482 1114 et
2502 1065 2724 1115 inscien-

1665 1143 1748 1186 ter
1767 1135 1858 1203 (ex
1885 1138 2194 1202 ignorantia)
2224 1154 2255 1188 a
2285 1139 2474 1191 Graeco
2510 1139 2723 1203 inflata,'

1662 1215 1762 1266 dcc.
1797 1212 1869 1264 At
1883 1221 2031 1265 notat
2046 1221 2061 1244 ⁸
2077 1214 2358 1266 inscienter
2372 1216 2388 1240 ’
2399 1217 2554 1266 etiam
2571 1219 2723 1267 insci·

1665 1297 1737 1352 te,
1757 1291 2018 1355 imperite,
2033 1300 2087 1342 et
2100 1307 2168 1342 ex
2191 1292 2412 1342 inscitia.
2457 1295 2596 1344 Vide
2613 1295 2722 1345 Cic.

1660 1368 1841 1431 Topic.
1865 1384 1982 1434 cap.
2006 1373 2055 1419 8.
2079 1377 2135 1418 et
2155 1367 2321 1420 Acad.
2341 1371 2542 1423 Quaest.
2568 1385 2648 1422 lv.
2668 1376 2721 1422 6.

1664 1444 1804 1496 Quid
1831 1446 1881 1494 ui
1907 1445 2018 1508 pari
2043 1446 2241 1496 ratione
2277 1447 2576 1498 adverbium
2600 1450 2722 1512 sim-

1664 1522 1786 1583 plex
1826 1522 2050 1582 scienter,
2085 1524 2222 1588 quod
2264 1523 2404 1588 apud
2448 1525 2573 1574 alios
2616 1524 2724 1575 fre·-

1664 1609 1884 1665 quenter
1927 1607 2074 1651 notat
2123 1605 2138 1630 ‘
2169 1601 2370 1666 perite,’
2418 1610 2434 1633 ⁸
2453 1603 2727 1668 sciteque,’

1665 1677 1800 1739 apud
1825 1677 2048 1727 Plinium
2082 1677 2238 1726 etiam
2275 1677 2564 1740 significare
2601 1695 2723 1744 pos-

1664 1752 1752 1816 sit,
1787 1755 1802 1781 ‘
1820 1766 1885 1802 ex
1910 1753 2147 1818 scientia,
2168 1761 2224 1803 et
2237 1755 2486 1814 consilio,'
2505 1757 2636 1807 adeo
2657 1764 2727 1807 ut

1664 1842 1872 1892 prorsus
1888 1830 2024 1879 idem
2041 1831 2109 1880 sit
2129 1833 2435 1894 sciensfallo,
2449 1840 2504 1882 et
2516 1835 2727 1884 scienter

1650 1908 1809 1970 sallo?
1865 1908 1979 1958 Etsi
1999 1909 2155 1973 igitur
2174 1908 2330 1960 facile
2345 1912 2555 1974 largior,
2581 1911 2724 1976 qnod

1652 1985 1763 2050 jam
1798 2000 1955 2050 supra
1997 1987 2063 2036 de
2097 1989 2261 2037 verbo
2296 1987 2541 2052 ‘praeivi’
2585 1989 2725 2048 dixi,

1663 2061 1715 2111 id
1760 2064 1916 2111 etiam
1964 2062 2063 2112 buc
2115 2064 2491 2113 accommodari
2535 2079 2686 2128 posse
2708 2082 2726 2126 3

1662 2139 2116 2201 nempe.uemiuem
2129 2137 2284 2188 facile
2299 2140 2548 2188 maculam
2563 2154 2733 2203 quan-

1661 2214 1778 2263 dam
1806 2214 2417 2278 adspersurumoratioui
2441 2215 2728 2279 Plinianae,

1662 2291 1708 2340 si
1740 2291 1854 2355 quis
1890 2306 1955 2341 ex
1991 2291 2226 2341 formulis
2262 2293 2550 2340 solennibus
2575 2307 2728 2340 assu-

1663 2377 1768 2418 mat
1807 2369 2136 2433 participium
2167 2368 2321 2418 scieas
2357 2382 2449 2431 pro
2481 2368 2726 2428 scienter,-

1662 2445 2064 2495 reclamautibus
2097 2453 2268 2496 tamen
2302 2445 2532 2495 omnibus
2554 2447 2725 2494 omni-

1663 2536 1731 2571 no
1767 2522 2164 2586 exemplaribus,
2198 2536 2316 2586 quae
2348 2522 2605 2585 hucusque
2640 2521 2726 2571 in-

1663 2605 1964 2656 notuerunt,
1988 2598 2146 2648 nolim
2170 2596 2470 2648 adverbium
2496 2598 2728 2660 scienter,

1665 2675 1747 2723 cui
1773 2683 2028 2739 praeterea
2051 2684 2155 2728 tarn
2181 2683 2364 2738 aperte
2385 2672 2524 2723 favet
2547 2676 2726 2724 analo·

1665 2751 1751 2815 gia
1784 2753 2134 2815 grammatica,
2172 2765 2240 2800 ex
2271 2752 2368 2801 hoc
2401 2752 2516 2802 loco
2551 2766 2725 2800 remo-

1661 2840 1806 2874 vere.
1868 2826 2108 2876 Removit
2145 2835 2333 2883 tamen,
2364 2835 2420 2878 et
2452 2842 2566 2876 cum
2591 2842 2725 2877 voce

1663 2902 1816 2951 scieas
1869 2904 2207 2953 commutavit
2258 2917 2386 2952 unus
2435 2903 2726 2966 Gesnerus,

1666 2978 1754 3043 qui
1780 2993 1899 3027 vero
1927 2978 2145 3041 fallitur,
2177 2979 2296 3028 dum
2334 2979 2504 3028 credit
2535 2979 2725 3028 saltem

1667 3055 1944 3120 plerosque
1968 3056 2124 3106 libros
2143 3056 2267 3105 illud
2291 3057 2495 3106 scienter·
2513 3055 2729 3118 babere,

1666 3147 1784 3182 cnm
1821 3148 1995 3182 omues
2033 3134 2237 3183 omniuo
2271 3133 2528 3194 habeant3
2573 3133 2725 3183 item-

1667 3223 1766 3273 que
1781 3210 1892 3272 jam
1916 3208 2234 3260 Gronovium
2260 3211 2396 3260 idem
2419 3209 2725 3259 adverbium

1669 3286 1936 3349 rejecisse,
1990 3300 2104 3336 cum
2149 3287 2191 3336 is
2236 3287 2333 3336 boc
2375 3301 2442 3336 ne
2491 3287 2727 3348 attigerit

1667 3364 1895 3429 quidem,
1933 3364 2164 3429 quamvis
2206 3378 2302 3428 pro
2336 3362 2497 3413 verbo
2534 3362 2724 3425 prebu-

1667 3440 1730 3502 it,
1772 3440 2163 3490 rescribendum
2208 3439 2472 3490 censuerit
2514 3438 2725 3502 preivit.

1668 3516 1928 3566 Schwarz.

1734 3593 1948 3643 Deorum
1968 3593 2057 3642 iroe
2081 3591 2397 3654 consecraret]
2425 3590 2474 3640 1.
2498 3605 2545 3641 e.
2571 3591 2725 3642 devo·

1670 3677 1837 3720 veret.
1904 3671 2114 3720 Scilicet
2145 3671 2254 3720 lraec
2291 3669 2457 3719 altera
2481 3683 2600 3732 pars
2621 3682 2724 3717 om·

1669 3747 1747 3795 nis
1758 3745 2096 3811 jurisjurandi
2128 3754 2228 3801 est,
2260 3752 2318 3795 ut
2339 3745 2468 3794 ultio
2492 3743 2722 3806 perfidiae

1671 3829 1728 3873 et
1742 3823 1954 3887 perjurii
1975 3831 2235 3885 poscatur.
2267 3821 2355 3871 Sic
2371 3821 2515 3870 Plut.
2528 3820 2723 3871 Quaest.

1672 3898 1823 3948 Rom.
1842 3903 1926 3948 44.
1966 3900 2068 3948 nas
2089 3896 2226 3960 ὅρκος
2246 3897 2310 3946 εἷς
2330 3894 2540 3959 κατάραν
2558 3904 2720 3944 τελευ-

1669 3977 1735 4040 τᾷ
1747 3976 1834 4034 τῆς
1855 3973 2106 4039 ἐπιορκίας,
2128 3977 2162 4024 i.
2178 3991 2226 4024 e.
2247 3989 2380 4023 omne
2390 3974 2722 4035 jusjurandum

1670 4053 1723 4102 ia
1739 4053 1872 4101 dirus
1886 4053 2081 4114 desinit,
2092 4051 2137 4101 si
2150 4051 2258 4115 quis
2269 4050 2569 4114 pejeraverit.
2603 4049 2718 4099 Huc

1670 4130 1901 4194 pertinet
1920 4130 2008 4179 illa
2027 4129 2244 4179 formula
2261 4127 2400 4192 apud
2417 4128 2590 4177 Plaut.
2606 4127 2720 4176 Am-

1672 4207 1829 4272 phitr.
1851 4221 1941 4259 ιιι.
1958 4211 2014 4258 2.
2032 4211 2114 4257 52.
2142 4208 2158 4236 ‘
2177 4206 2242 4256 Id
2265 4220 2366 4271 ego
2387 4206 2429 4256 si
2449 4203 2592 4260 fallo,
2614 4208 2714 4253 tum

2970 1110 2985 1332 ,α’-ιι*
2980 1086 2981 1095 ᾼ
