3017 4942
447 388 624 458 1082

446 547 667 599 lebritas
690 554 744 599 et
770 548 932 600 decus
957 549 1108 615 adjici
1137 558 1311 614 posset
1334 557 1515 603 nostro

448 626 759 677 consulatui.
826 628 964 680 Quia
996 642 1063 677 ex
1098 629 1353 678 Kalendis
1386 630 1515 694 Sep-

450 702 754 790 tembribus„
773 703 1034 769 designati
1070 704 1128 755 ἰιι1
1164 706 1514 757 Novembres.

450 779 645 904 Lnga-s
678 854 976 919 potissimam
1006 857 1232 921 menam]
1265 858 1370 907 Et
1357 872 1406 907 ιιι
1435 858 1517 908 bis

1141 408 1364 460 NoTAE
1413 406 1762 459 VAmoRU
1776 405 1838 457 Μ’
1883 408 1964 459 m

1591 565 1726 615 rum,
1767 560 1908 605 esset
1943 553 2226 619 bimestris,
2273 558 2331 605 et
2380 568 2552 620 usqne
2597 547 2689 605 a'd'

1589 629 1859 681 Kalendas
1884 631 2210 683 Novembres
2233 632 2380 682 istius
2399 635 2521 682 anui
2548 647 2670 697 pro·

1590 706 1919 757 tenderetur.
1996 709 2337 759 successores
2392 709 2556 759 Plinii
2609 716 2670 758 et

1589 781 1812 833 Cornuti
1862 783 1915 832 iu
1967 784 2236 837 consulatu
2289 782 2515 834 suffecto
2567 798 2668 848 per

1588 872 1819 908 mensem
1839 858 2188 909 Novembrem
2205 866 2262 910 et
2283 858 2675 922 Decembrem,

449 931 625 981 verbis
677 931 881 983 variant
933 932 1159 983 codices.
1215 935 1518 994 Vaticanus,
1579 933 1695 997 jam
1747 948 1924 999 supra,
1973 935 2038 985 ad
2083 949 2201 1000 pag·
2232 939 2349 985 837.
2411 932 2668 985 indicavi.

450 1006 798 1072 Guelpbicus,
843 1016 898 1059 et
933 1023 1076 1059 mens
1109 1010 1321 1069 liabent,
1355 1012 1403 1061 ei
1432 1006 1517 1076 p‘o·

449 1083 685 1133 ἐίεοὶιιιιιηι
707 1085 889 1134 mensi.-
922 1093 978 1135 at
1009 1085 1338 1151 Parmensis,
1372 1095 1519 1138 nter-

448 1172 550 1224 qne
575 1160 829 1218 Venetus,
850 1160 1278 1227 Salisburgensis,
1304 1164 1518 1215 Patavi·

450 1249 568 1298 niis,
592 1241 649 1285 et
669 1235 802 1286 liber
835 1237 1029 1295 vossii,
1066 1237 1304 1289 referunt
1326 1255 1407 1291 eos
1432 1257 1518 1304 po·

447 1311 686 1361 tissimum
702 1313 868 1362 masi.
904 1314 1074 1366 Quam
1090 1317 1405 1380 scripturam
1420 1318 1520 1368 eti·

444 1402 528 1438 am
552 1388 818 1439 Livineius
835 1390 886 1440 in
908 1399 1085 1442 vetere
1105 1393 1286 1444 codice
1308 1394 1521 1445 invene·

445 1470 553 1517 rat.
620 1467 795 1533 Unde,
844 1470 1091 1535 ‘Probe,'
1135 1472 1325 1537 inquit,
1377 1473 1395 1502 ⁴
1422 1488 1519 1530 eos,

446 1544 650 1594 scilicet
684 1546 917 1605 honores,
952 1548 1007 1598 id
1052 1557 1155 1607 est,
1193 1551 1520 1601 consulatum

383 1650 388 1653 -
449 1626 734 1685 nostrum;
789 1624 941 1674 mensi
984 1639 1211 1690 quoque,
1254 1640 1356 1676 non
1392 1641 1521 1675 men·

452 1712 568 1754 sens,
609 1699 981 1751 scribendum?
1048 1702 1245 1753 Contra
1266 1717 1392 1753 vero
1412 1718 1521 1753 om·

447 1787 540 1823 nes
564 1776 791 1839 omniuo,
815 1791 979 1842 usque
1003 1778 1069 1828 ad
1088 1777 1521 1841 Arntzenium,in

449 1852 697 1913 mpressis
747 1852 891 1903 libris
927 1853 1143 1904 edidere
1176 1870 1284 1906 eum
1318 1856 1522 1920 potissi-

449 1943 579 1979 ιιιιιιιι
612 1944 815 1980 mensem
850 1931 1156 1996 attribuisti,
1184 1933 1237 1983 h.
1273 1948 1321 1983 e.
1358 1934 1520 1998 assig-

450 2004 607 2062 nasti,
631 2006 744 2055 scil.
778 2007 948 2072 nobis,
977 2009 1083 2070 vel,
1119 2009 1258 2074 quod
1281 2016 1520 2059 anteces-

452 2086 610 2142 serat,
634 2081 822 2131 nostris
856 2082 1157 2147 honoribus,
1185 2086 1239 2134 b.
1262 2101 1311 2136 e.
1336 2101 1522 2136 consu-

445 2157 574 2207 latui
591 2164 787 2207 nostro.
819 2158 924 2208 Soli
940 2159 1245 2218 Arntaeuio,
1264 2163 1401 2210 inter
1414 2176 1521 2211 om-

446 2247 541 2283 nes
563 2233 807 2290 editores,
841 2236 1039 2298 placuit
1072 2238 1319 2300 evulgare
1355 2238 1522 2302 scrip·

448 2316 620 2369 turam
644 2309 839 2361 codicis
865 2312 1105 2362 Livineii.
1147 2314 1259 2377 Ego
1282 2310 1523 2377 suspica-

451 2392 535 2436 tus
560 2401 692 2450 sum,
728 2387 780 2436 in
807 2386 910 2438 ista
944 2389 1196 2448 lectione,
1229 2406 1310 2441 eos
1328 2390 1522 2456 potissi-

447 2477 575 2511 mum
597 2464 764 2521 mensi,
788 2465 973 2514 saltem
998 2466 1165 2516 latere
1192 2469 1414 2530 vestigia
1434 2482 1521 2518 ve—

448 2538 602 2588 rioris
624 2540 897 2604 lectionis3
933 2556 1050 2592 cum
1075 2543 1294 2594 fortasse
1318 2537 1520 2596 librarii

451 2615 793 2679 antiquiorem
833 2618 1124 2677 lectionem,
1162 2622 1209 2670 ei
1242 2636 1346 2684 nos,
1384 2622 1522 2671 inter

450 2691 779 2742 scribendum
834 2693 1187 2760 confuderint,
1243 2705 1521 2748 contraxe-

448 2766 655 2832 rintque
685 2770 737 2819 in
771 2785 867 2833 eos,
904 2772 1025 2821 dum
1060 2775 1288 2825 scribere
1319 2776 1520 2826 debuis-

450 2850 584 2900 sent,
606 2847 729 2909 quod
749 2847 795 2896 ei
829 2863 915 2896 nos
942 2850 1241 2911 potissimum
1265 2853 1413 2901 mensi
1442 2857 1520 2902 nt·

448 2920 684 2971 tribuisti.
728 2922 899 2974 Quam
922 2925 1278 2988 conjecturam
1301 2927 1522 2978 aliorum

439 2984 641 3050 judicio
661 2997 917 3062 relinquo.
953 3000 1171 3050 Interim
1198 3002 1390 3052 retinui
1411 3003 1522 3053 vnl-

444 3080 621 3136 gatam
642 3074 942 3140 lectionem,
981 3090 1134 3140 quam
1171 3079 1299 3127 satis
1324 3080 1519 3130 claram

448 3162 584 3206 esse,
604 3163 721 3199 cum
744 3150 925 3214 Lipsio
948 3152 1186 3203 arbltror.
1217 3155 1370 3205 Sicut
1393 3171 1520 3220 ergo

447 3223 573 3276 boni
596 3232 840 3276 auctores
873 3227 1136 3279 ordinarie
1166 3231 1368 3294 dicunt,
1389 3234 1406 3260 ‘
1426 3233 1519 3282 ali·

447 3301 533 3351 cni
577 3302 767 3360 locum,
804 3311 897 3352 aut
936 3304 1137 3369 sedem,
1172 3309 1465 3358 attribuere
1485 3308 1522 3371 ;’

445 3393 546 3431 nec
568 3378 742 3437 facile,
774 3381 791 3409 ‘
815 3379 1104 3432 attribuere
1131 3384 1356 3448 aliquem
1382 3386 1518 3443 loco,

446 3461 538 3506 aut
561 3456 673 3506 sedi
690 3453 726 3518 ς’
764 3455 841 3506 ita
864 3457 1265 3508 convenientius
1294 3460 1521 3527 videtur,

444 3546 672 3583 mensem
689 3541 888 3584 certum
908 3532 1065 3584 alicui
1082 3535 1391 3587 attribuere.
1416 3539 1520 3588 Ea·

446 3607 565 3658 dem
588 3608 800 3660 notione
824 3609 1088 3674 Vopiscus
1104 3611 1157 3660 in
1177 3613 1364 3663 'l'acito
1384 3613 1522 3678 Imp.

446 3697 564 3748 cap.
603 3688 652 3733 1.
685 3699 809 3735 usus
853 3691 936 3735 est
978 3685 1136 3737 verbo
1174 3688 1465 3752 ‘deputare
1484 3689 1524 3740 ι’

443 3757 462 3786 ‘
485 3760 648 3810 Totus
672 3760 759 3809 ille
783 3774 966 3824 annus,
987 3776 1082 3825 per
1104 3764 1290 3828 quinos
1313 3772 1368 3813 et
1394 3779 1520 3829 qua-

448 3841 624 3885 ternos
648 3835 781 3892 dies,
817 3836 931 3885 sive
966 3842 1171 3905 ternos„
1200 3848 1415 3891 centnm
1438 3855 1520 3891 se·

445 3912 710 3963 natoribus
745 3912 1031 3977 deputatus
1063 3923 1143 3966 est
1164 3916 1197 3978 ς’
1232 3919 1320 3968 ubi
1355 3918 1520 3969 etiam

450 3988 626 4037 dicere
670 3988 952 4052 potuisset,
996 3993 1259 4043 attributus
1292 3998 1383 4045 est.
1448 3995 1519 4044 E-

451 4069 538 4113 rat
570 4076 694 4112 vero
730 4062 900 4125 Plinii,
923 4071 978 4114 et
1016 4067 1235 4118 Cornuti
1284 4069 1520 4119 cousula-

447 4138 525 4188 tui
546 4138 827 4187 attributus
854 4140 1044 4189 mensis
1074 4142 1424 4205 Septembris,
1458 4152 1520 4195 nt

446 4226 515 4261 ex
568 4213 904 4277 sequentibus
949 4215 1278 4280 intelligitur,
1325 4220 1399 4269 ita
1443 4226 1520 4270 ta-

446 4301 584 4344 men,
645 4294 721 4352 ut,
767 4301 862 4351 pro
900 4304 1045 4342 more
1084 4291 1287 4345 illorum
1320 4301 1521 4361 tempo-

1591 1009 1840 1061 Selium.

1656 1088 1898 1153 Mensem]
1951 1087 2315 1152 Septembrem
2354 1087 2666 1151 conjectare

1590 1161 1719 1212 licet
1753 1178 1784 1213 e
1820 1164 2036 1216 Sueten.
2078 1163 2277 1213 Domit.
2308 1178 2427 1227 cap.
2467 1168 2551 1214 17.
2604 1162 2666 1213 Si

1593 1238 1733 1288 enim
1757 1240 2006 1303 Trajanus
2041 1246 2195 1289 natus
2230 1247 2333 1301 est,
2354 1255 2458 1304 quo
2486 1252 2667 1289 meuse

1595 1316 1924 1366 Domitianus
1947 1317 2173 1382 occisus,
2198 1324 2352 1367 natus
2382 1323 2466 1367 est
2485 1318 2670 1382 utique

1592 1405 1770 1441 mense
1807 1392 2137 1456 Septembri3
2179 1408 2299 1443 nam
2337 1393 2427 1443 ille
2461 1395 2673 1444 occisus

1596 1480 1719 1518 xiv.
1743 1468 1862 1518 Kal.
1885 1468 2153 1520 Octobris.
2186 1470 2410 1519 Pater-ol.

1662 1545 1790 1595 Tuus
1821 1545 2023 1610 natalis]
2063 1547 2262 1596 Natalis
2294 1547 2508 1611 proprie
2541 1547 2672 1597 dici-

1594 1626 1682 1670 tnr
1705 1622 1749 1670 is
1783 1622 1916 1683 dies,
1950 1637 2053 1687 quo
2086 1624 2201 1689 quis
2236 1630 2391 1673 natus
2415 1630 2533 1684 est‘3
2568 1638 2673 1674 nec

1594 1705 1676 1747 est
1716 1705 1919 1749 tantum
1956 1700 2219 1750 bominum
2253 1700 2390 1756 dies,
2422 1715 2530 1763 quo
2567 1700 2675 1764 pri-

1593 1786 1732 1823 mum
1768 1775 1820 1823 in
1860 1776 1992 1825 hanc
2026 1777 2194 1827 lucem
2230 1784 2349 1827 sunt
2384 1776 2539 1839 editi,
2573 1775 2672 1826 sed

1594 1850 1754 1901 etiam
1789 1851 2039 1910 Deorum,
2074 1861 2131 1903 et
2164 1853 2390 1917 urbium,
2424 1854 2493 1902 ad
2528 1854 2672 1904 diem

1593 1933 1738 1977 ortus
1759 1928 1838 1977 sui
1856 1922 2269 1992 significandum.
2336 1930 2526 1996 Immo,
2550 1945 2675 1980 cnm

1593 2010 1803 2054 veteres
1840 2019 1944 2054 non
1979 2020 2035 2055 se
2073 2006 2239 2055 solum
2286 2006 2429 2056 nasci
2471 2021 2539 2055 eo
2582 2006 2678 2054 die

1592 2079 1894 2139 crederent,
1939 2096 2041 2145 quo
2087 2082 2139 2131 in
2187 2083 2357 2131 lucem
2404 2084 2675 2144 exierant,

1594 2155 1860 2221 vitamque
1902 2158 2035 2207 hanc
2087 2159 2306 2222 ingressi
2350 2167 2529 2221 erant,
2570 2160 2675 2209 sed

1597 2234 1757 2283 etiam
1782 2242 2048 2297 putarent,
2083 2250 2140 2285 se
2174 2237 2319 2301 qnasi
2351 2238 2569 2287 alterins
2597 2238 2678 2286 vi·

1597 2315 1662 2360 tae
1706 2311 1909 2361 initium
1944 2313 2123 2376 ordiri,
2162 2315 2203 2362 si
2238 2314 2458 2364 honores
2497 2314 2550 2362 in
2589 2329 2677 2364 re·

1594 2387 1806 2451 publica
1831 2389 2174 2452 amplissimos
2197 2398 2678 2453 consequerentnr3

1597 2471 1686 2514 aut
1709 2465 1853 2529 gravi
1891 2465 2125 2529 periculo
2161 2464 2390 2529 liberati,
2412 2466 2539 2515 item
2564 2466 2678 2516 alia

1595 2542 1789 2606 insigni
1834 2541 2112 2606 felicitate,
2147 2547 2200 2591 et
2246 2543 2451 2599 laetitia,
2492 2541 2677 2593 affecti

1595 2624 1773 2669 essent
1795 2634 1811 2679 ς
1836 2620 1926 2668 hos
1955 2634 2133 2669 omnes
2160 2633 2252 2683 pro
2274 2619 2458 2669 diebus
2482 2620 2674 2670 natali·

1596 2693 1695 2744 bus
1714 2694 1907 2744 habere
1929 2704 2337 2745 consueverant.'
2392 2696 2538 2745 Hinc
2557 2696 2674 2747 Cic.

1595 2783 1694 2833 pro
1719 2769 2003 2834 Flac-cap.
2025 2774 2109 2820 40.
2132 2785 2250 2821 cum
2267 2779 2529 2832 narraret,
2547 2772 2672 2835 quae'

1595 2845 1846 2896 salutaria
1868 2853 2076 2896 senatus
2091 2847 2348 2908 consulta,
2365 2861 2423 2895 se
2438 2848 2681 2908 consule,

1598 2920 1704 2970 sint
1742 2921 1906 2985 facta,
1956 2921 2041 2973 ‘0
2066 2921 2273 2985 Nonae‚'
2307 2922 2497 2987 inquit,
2533 2922 2676 2973 ‘illa

1597 3000 1945 3065 Decembres,
1981 3015 2115 3065 quae,
2153 3014 2235 3050 me
2279 3000 2512 3057 consule,
2543 2998 2682 3050 fuis·

1598 3077 1692 3126 tis!
1740 3092 1895 3143 quem
1942 3092 2044 3142 ego
2087 3078 2225 3128 diem
2270 3091 2396 3127 vere
2439 3078 2678 3127 natalem

1594 3153 1750 3218 hujus
1799 3153 1957 3218 urbis,
2003 3154 2187 3219 (verus
2246 3159 2422 3204 autem
2478 3154 2678 3204 natalis

1597 3228 1781 3280 Romae
1823 3229 2050 3280 condita
2094 3230 2222 3280 alias
2266 3236 2381 3279 erat
2421 3242 2505 3279 ιι.
2547 3229 2678 3280 Kal.

1595 3303 1772 3370 Maii‚)
1795 3312 1888 3355 aut
1910 3313 2058 3355 certe
2082 3306 2383 3366 salutarem,
2402 3305 2682 3368 appellare

1596 3379 1840 3444 possum.'
1894 3381 2043 3432 Sicut
2058 3375 2191 3431 ‘vero
2217 3381 2328 3431 Cic.
2352 3380 2493 3430 diem
2516 3381 2676 3431 ‘resti-

1596 3454 1811 3507 tutionis
1844 3470 1953 3506 suae
1987 3471 2052 3507 ex
2088 3456 2244 3506 exilio
2279 3456 2471 3519 passim
2508 3457 2680 3507 nomi·

1594 3536 1690 3581 nat
1720 3533 1977 3583 ‘natalem
1996 3531 2031 3595 ς’
2063 3534 2138 3583 ita
2172 3541 2226 3584 et
2264 3534 2430 3598 ipsam
2460 3535 2679 3585 restitu-

1594 3608 1791 3658 tionem
1825 3623 1990 3673 suam,
2025 3607 2193 3661 Attio.
2225 3623 2301 3659 vr.
2325 3615 2374 3660 6.
2402 3620 2562 3661 vocat
2581 3629 2677 3661 πα-

1593 3683 1921 3749 λιγγενεσίαν,
1950 3685 2089 3751 qnod
2128 3686 2235 3736 luci
2265 3696 2321 3737 et
2345 3687 2469 3738 vitae
2496 3688 2672 3738 reddi-

1596 3767 1682 3812 tns
1705 3761 1987 3811 videretur.
2042 3760 2105 3811 In
2129 3761 2347 3812 historia
2372 3764 2674 3827 principum

1596 3839 1947 3888 Romanorum
1968 3836 2080 3887 fere
2111 3838 2214 3887 tria
2236 3852 2433 3901 genera
2452 3838 2561 3889 diei
2583 3854 2676 3889 na-

1595 3915 1717 3965 talis
1740 3920 2041 3977 occurrunt,
2077 3927 2206 3979 quos
2246 3922 2303 3965 et
2336 3916 2543 3966 solenni
2572 3917 2678 3967 ritu

1595 3990 1759 4042 festos
1810 4004 2092 4054 sacrosque
2144 3990 2394 4042 habuere.
2458 3991 2671 4043 Primus

1596 4075 1713 4118 erat
1755 4067 1977 4117 ‘natalis
2016 4067 2421 4131 imperatorum’
2463 4071 2675 4134 proprie

1596 4144 1790 4210 dictus,
1826 4159 1927 4208 quo
1962 4142 2180 4206 primum
2217 4143 2387 4193 lucem
2426 4144 2562 4193 banc
2585 4145 2674 4194 ad-

1597 4228 1912 4286 spexerant3
1935 4218 2225 4283 cujusmodi
2245 4220 2436 4269 natalis
2452 4221 2674 4270 celebri·

1600 4307 1765 4351 tatem
1789 4299 2007 4350 Sueten,
2034 4297 2087 4348 in
2111 4297 2244 4348 Vitis
2268 4298 2535 4350 Caesarnm
2553 4314 2672 4364 pas·
