<?xml version="1.0" encoding="UTF-8"?>
<!DOCTYPE html PUBLIC "-//W3C//DTD XHTML 1.0 Transitional//EN"
    "http://www.w3.org/TR/xhtml1/DTD/xhtml1-transitional.dtd">
<html xmlns="http://www.w3.org/1999/xhtml" xml:lang="en" lang="en">
 <head>
  <title>
</title>
<meta http-equiv="Content-Type" content="text/html;charset=utf-8" />
  <meta name='ocr-system' content='tesseract 3.04.00' />
  <meta name='ocr-capabilities' content='ocr_page ocr_carea ocr_par ocr_line ocrx_word'/>
</head>
<body>
  <div class='ocr_page' id='page_1' title='image "./panegyriciveter01unkngoog_0095.png"; bbox 0 0 3017 4942; ppageno 0'>
   <div class='ocr_carea' id='block_1_1' title="bbox 711 401 2071 471">
    <p class='ocr_par' dir='ltr' id='par_1_1' title="bbox 711 401 2071 471">
     <span class='ocr_line' id='line_1_1' title="bbox 711 401 2071 471; baseline -0.001 -3"><span class='ocrx_word' id='word_1_1' title='bbox 711 419 780 470; x_wconf 86' lang='lat' dir='ltr'><strong>c.</strong></span> <span class='ocrx_word' id='word_1_2' title='bbox 829 416 1079 471; x_wconf 62' lang='lat' dir='ltr'><strong>remu</strong></span> <span class='ocrx_word' id='word_1_3' title='bbox 1128 416 1460 469; x_wconf 66' lang='lat' dir='ltr'><strong>suenum</strong></span> <span class='ocrx_word' id='word_1_4' title='bbox 1516 418 1795 469; x_wconf 65' lang='lat' dir='ltr'><strong>ruine.</strong></span> <span class='ocrx_word' id='word_1_5' title='bbox 1869 419 1919 467; x_wconf 88' lang='lat'><strong>1.</strong></span> <span class='ocrx_word' id='word_1_6' title='bbox 1963 401 2071 469; x_wconf 75' lang='lat'><strong>22.</strong></span> 
     </span>
    </p>
   </div>
   <div class='ocr_carea' id='block_1_2' title="bbox 290 556 1369 1479">
    <p class='ocr_par' dir='ltr' id='par_1_2' title="bbox 290 556 1369 1479">
     <span class='ocr_line' id='line_1_2' title="bbox 302 556 1369 627; baseline 0.004 -18"><span class='ocrx_word' id='word_1_7' title='bbox 302 556 461 624; x_wconf 75' lang='lat' dir='ltr'><strong>drigis</strong></span> <span class='ocrx_word' id='word_1_8' title='bbox 506 574 757 627; x_wconf 84' lang='lat' dir='ltr'><strong>equorum</strong></span> <span class='ocrx_word' id='word_1_9' title='bbox 793 563 1151 627; x_wconf 86' lang='lat' dir='ltr'><strong>candidorum,</strong></span> <span class='ocrx_word' id='word_1_10' title='bbox 1187 569 1243 614; x_wconf 93' lang='lat' dir='ltr'><strong>et</strong></span> <span class='ocrx_word' id='word_1_11' title='bbox 1278 563 1369 614; x_wconf 88' lang='lat' dir='ltr'><strong>ali-</strong></span> 
     </span>
     <span class='ocr_line' id='line_1_3' title="bbox 301 638 1369 705; baseline 0.003 -18"><span class='ocrx_word' id='word_1_12' title='bbox 301 638 510 702; x_wconf 68' lang='lat' dir='ltr'><strong>quando</strong></span> <span class='ocrx_word' id='word_1_13' title='bbox 534 640 818 705; x_wconf 82' lang='lat' dir='ltr'><strong>quadrigis,</strong></span> <span class='ocrx_word' id='word_1_14' title='bbox 839 641 922 690; x_wconf 85' lang='lat' dir='ltr'><strong>vel</strong></span> <span class='ocrx_word' id='word_1_15' title='bbox 946 641 1098 705; x_wconf 79' lang='lat' dir='ltr'><strong>bigis,</strong></span> <span class='ocrx_word' id='word_1_16' title='bbox 1121 641 1369 704; x_wconf 77' lang='lat' dir='ltr'><strong>elephan-</strong></span> 
     </span>
     <span class='ocr_line' id='line_1_4' title="bbox 298 718 1368 778; baseline 0.002 -14"><span class='ocrx_word' id='word_1_17' title='bbox 298 720 430 778; x_wconf 80' lang='lat' dir='ltr'><strong>tum,</strong></span> <span class='ocrx_word' id='word_1_18' title='bbox 454 722 548 765; x_wconf 89' lang='lat' dir='ltr'><strong>aut</strong></span> <span class='ocrx_word' id='word_1_19' title='bbox 584 718 811 778; x_wconf 86' lang='lat' dir='ltr'><strong>leonum,</strong></span> <span class='ocrx_word' id='word_1_20' title='bbox 849 718 925 767; x_wconf 89' lang='lat' dir='ltr'><strong>uti</strong></span> <span class='ocrx_word' id='word_1_21' title='bbox 963 721 1368 768; x_wconf 83' lang='lat' dir='ltr'><strong>consueverunt.</strong></span> 
     </span>
     <span class='ocr_line' id='line_1_5' title="bbox 297 795 1366 860; baseline -0.001 -13"><span class='ocrx_word' id='word_1_22' title='bbox 297 795 496 847; x_wconf 77' lang='lat' dir='ltr'><strong>Verum</strong></span> <span class='ocrx_word' id='word_1_23' title='bbox 519 796 606 849; x_wconf 85' lang='lat' dir='ltr'><strong>hic</strong></span> <span class='ocrx_word' id='word_1_24' title='bbox 629 812 729 848; x_wconf 89' lang='lat' dir='ltr'><strong>non</strong></span> <span class='ocrx_word' id='word_1_25' title='bbox 752 797 821 848; x_wconf 88' lang='lat' dir='ltr'><strong>de</strong></span> <span class='ocrx_word' id='word_1_26' title='bbox 845 797 1126 860; x_wconf 87' lang='lat' dir='ltr'><strong>triumpho,</strong></span> <span class='ocrx_word' id='word_1_27' title='bbox 1146 796 1235 844; x_wconf 88' lang='lat' dir='ltr'><strong>sed</strong></span> <span class='ocrx_word' id='word_1_28' title='bbox 1260 796 1366 860; x_wconf 86' lang='lat' dir='ltr'><strong>pri-</strong></span> 
     </span>
     <span class='ocr_line' id='line_1_6' title="bbox 297 874 1368 940; baseline 0.003 -18"><span class='ocrx_word' id='word_1_29' title='bbox 297 887 403 932; x_wconf 88' lang='lat' dir='ltr'><strong>mo,</strong></span> <span class='ocrx_word' id='word_1_30' title='bbox 415 880 541 938; x_wconf 84' lang='lat' dir='ltr'><strong>post</strong></span> <span class='ocrx_word' id='word_1_31' title='bbox 552 882 849 939; x_wconf 87' lang='lat' dir='ltr'><strong>susceptum</strong></span> <span class='ocrx_word' id='word_1_32' title='bbox 862 876 1155 940; x_wconf 84' lang='lat' dir='ltr'><strong>imperium,</strong></span> <span class='ocrx_word' id='word_1_33' title='bbox 1164 874 1368 925; x_wconf 89' lang='lat' dir='ltr'><strong>modes-</strong></span> 
     </span>
     <span class='ocr_line' id='line_1_7' title="bbox 297 952 1365 1016; baseline -0.003 -14"><span class='ocrx_word' id='word_1_34' title='bbox 297 957 459 1016; x_wconf 86' lang='lat' dir='ltr'><strong>toque</strong></span> <span class='ocrx_word' id='word_1_35' title='bbox 479 952 694 1016; x_wconf 76' lang='lat' dir='ltr'><strong>Trajani</strong></span> <span class='ocrx_word' id='word_1_36' title='bbox 710 955 937 1003; x_wconf 76' lang='lat' dir='ltr'><strong>adventu</strong></span> <span class='ocrx_word' id='word_1_37' title='bbox 960 967 990 1002; x_wconf 92' lang='lat' dir='ltr'><strong>e</strong></span> <span class='ocrx_word' id='word_1_38' title='bbox 1013 953 1298 1004; x_wconf 77' lang='lat' dir='ltr'><strong>Germania</strong></span> <span class='ocrx_word' id='word_1_39' title='bbox 1314 952 1365 1000; x_wconf 90' lang='lat' dir='ltr'><strong>in</strong></span> 
     </span>
     <span class='ocr_line' id='line_1_8' title="bbox 294 1027 1365 1097; baseline 0.001 -19"><span class='ocrx_word' id='word_1_40' title='bbox 294 1027 503 1085; x_wconf 78' lang='lat' dir='ltr'><strong>urbem,</strong></span> <span class='ocrx_word' id='word_1_41' title='bbox 537 1031 747 1094; x_wconf 75' lang='lat' dir='ltr'><strong>agitur3</strong></span> <span class='ocrx_word' id='word_1_42' title='bbox 786 1047 937 1097; x_wconf 89' lang='lat' dir='ltr'><strong>quem</strong></span> <span class='ocrx_word' id='word_1_43' title='bbox 961 1039 1230 1094; x_wconf 82' lang='lat' dir='ltr'><strong>comparat</strong></span> <span class='ocrx_word' id='word_1_44' title='bbox 1254 1030 1365 1080; x_wconf 87' lang='lat' dir='ltr'><strong>Pli-</strong></span> 
     </span>
     <span class='ocr_line' id='line_1_9' title="bbox 293 1106 1362 1174; baseline 0.001 -18"><span class='ocrx_word' id='word_1_45' title='bbox 293 1106 415 1157; x_wconf 83' lang='lat' dir='ltr'><strong>nius</strong></span> <span class='ocrx_word' id='word_1_46' title='bbox 444 1121 565 1158; x_wconf 89' lang='lat' dir='ltr'><strong>cum</strong></span> <span class='ocrx_word' id='word_1_47' title='bbox 603 1124 791 1174; x_wconf 88' lang='lat' dir='ltr'><strong>pompa</strong></span> <span class='ocrx_word' id='word_1_48' title='bbox 824 1110 1039 1159; x_wconf 79' lang='lat' dir='ltr'><strong>aliorum</strong></span> <span class='ocrx_word' id='word_1_49' title='bbox 1075 1109 1362 1159; x_wconf 81' lang='lat' dir='ltr'><strong>adventan-</strong></span> 
     </span>
     <span class='ocr_line' id='line_1_10' title="bbox 294 1184 1365 1248; baseline 0.001 -14"><span class='ocrx_word' id='word_1_50' title='bbox 294 1184 429 1234; x_wconf 83' lang='lat' dir='ltr'><strong>tium</strong></span> <span class='ocrx_word' id='word_1_51' title='bbox 448 1185 842 1248; x_wconf 83' lang='lat' dir='ltr'><strong>imperatorum.</strong></span> <span class='ocrx_word' id='word_1_52' title='bbox 909 1185 1014 1235; x_wconf 76' lang='lat' dir='ltr'><strong>vix</strong></span> <span class='ocrx_word' id='word_1_53' title='bbox 1038 1191 1210 1236; x_wconf 81' lang='lat' dir='ltr'><strong>tamen</strong></span> <span class='ocrx_word' id='word_1_54' title='bbox 1234 1185 1365 1235; x_wconf 78' lang='lat' dir='ltr'><strong>satis</strong></span> 
     </span>
     <span class='ocr_line' id='line_1_11' title="bbox 291 1262 1360 1327; baseline 0 -16"><span class='ocrx_word' id='word_1_55' title='bbox 291 1267 525 1319; x_wconf 79' lang='lat' dir='ltr'><strong>constat,</strong></span> <span class='ocrx_word' id='word_1_56' title='bbox 549 1263 637 1326; x_wconf 87' lang='lat' dir='ltr'><strong>qui</strong></span> <span class='ocrx_word' id='word_1_57' title='bbox 661 1263 1024 1327; x_wconf 86' lang='lat' dir='ltr'><strong>imperatores,</strong></span> <span class='ocrx_word' id='word_1_58' title='bbox 1054 1262 1099 1312; x_wconf 86' lang='lat' dir='ltr'><strong>si</strong></span> <span class='ocrx_word' id='word_1_59' title='bbox 1123 1263 1236 1312; x_wconf 90' lang='lat' dir='ltr'><strong>siue</strong></span> <span class='ocrx_word' id='word_1_60' title='bbox 1271 1262 1360 1312; x_wconf 90' lang='lat' dir='ltr'><strong>tri·</strong></span> 
     </span>
     <span class='ocr_line' id='line_1_12' title="bbox 291 1337 1362 1404; baseline 0.001 -17"><span class='ocrx_word' id='word_1_61' title='bbox 291 1337 491 1400; x_wconf 80' lang='lat' dir='ltr'><strong>nmpho</strong></span> <span class='ocrx_word' id='word_1_62' title='bbox 515 1338 738 1395; x_wconf 83' lang='lat' dir='ltr'><strong>rediere,</strong></span> <span class='ocrx_word' id='word_1_63' title='bbox 772 1338 1040 1404; x_wconf 63' lang='lat' dir='ltr'><strong>quadrigis</strong></span> <span class='ocrx_word' id='word_1_64' title='bbox 1060 1338 1362 1389; x_wconf 79' lang='lat' dir='ltr'><strong>introierint</strong></span> 
     </span>
     <span class='ocr_line' id='line_1_13' title="bbox 290 1412 1362 1479; baseline 0.001 -16"><span class='ocrx_word' id='word_1_65' title='bbox 290 1412 516 1474; x_wconf 80' lang='lat' dir='ltr'><strong>urbem3</strong></span> <span class='ocrx_word' id='word_1_66' title='bbox 550 1414 649 1464; x_wconf 87' lang='lat' dir='ltr'><strong>nisi</strong></span> <span class='ocrx_word' id='word_1_67' title='bbox 685 1413 823 1465; x_wconf 83' lang='lat' dir='ltr'><strong>forte</strong></span> <span class='ocrx_word' id='word_1_68' title='bbox 862 1415 1171 1479; x_wconf 75' lang='lat' dir='ltr'><strong>respiciatur</strong></span> <span class='ocrx_word' id='word_1_69' title='bbox 1200 1413 1362 1471; x_wconf 78' lang='lat' dir='ltr'><strong>Nero,</strong></span> 
     </span>
    </p>
   </div>
   <div class='ocr_carea' id='block_1_3' title="bbox 287 1490 1380 1560">
    <p class='ocr_par' dir='ltr' id='par_1_3' title="bbox 287 1490 1380 1560">
     <span class='ocr_line' id='line_1_14' title="bbox 287 1490 1380 1560; baseline 0.001 -22"><span class='ocrx_word' id='word_1_70' title='bbox 287 1490 400 1554; x_wconf 80' lang='lat' dir='ltr'><strong>qui,</strong></span> <span class='ocrx_word' id='word_1_71' title='bbox 423 1496 561 1539; x_wconf 87' lang='lat' dir='ltr'><strong>teste</strong></span> <span class='ocrx_word' id='word_1_72' title='bbox 582 1490 800 1540; x_wconf 84' lang='lat' dir='ltr'><strong>Sueten.</strong></span> <span class='ocrx_word' id='word_1_73' title='bbox 829 1503 951 1554; x_wconf 79' lang='lat' dir='ltr'><strong>cap.</strong></span> <span class='ocrx_word' id='word_1_74' title='bbox 971 1495 1053 1541; x_wconf 80' lang='lat'><strong>25.</strong></span> <span class='ocrx_word' id='word_1_75' title='bbox 1087 1492 1104 1520; x_wconf 91' lang='lat'>‘</span> <span class='ocrx_word' id='word_1_76' title='bbox 1122 1503 1380 1560; x_wconf 69' lang='lat' dir='ltr'><strong>reversus⁴</strong></span> 
     </span>
    </p>
   </div>
   <div class='ocr_carea' id='block_1_4' title="bbox 282 1565 1364 4410">
    <p class='ocr_par' dir='ltr' id='par_1_4' title="bbox 286 1565 1364 3170">
     <span class='ocr_line' id='line_1_15' title="bbox 288 1565 1361 1632; baseline 0.001 -16"><span class='ocrx_word' id='word_1_77' title='bbox 288 1579 322 1616; x_wconf 87' lang='lat' dir='ltr'><strong>e</strong></span> <span class='ocrx_word' id='word_1_78' title='bbox 346 1565 564 1616; x_wconf 77' lang='lat' dir='ltr'><strong>Graecia</strong></span> <span class='ocrx_word' id='word_1_79' title='bbox 599 1566 896 1631; x_wconf 78' lang='lat' dir='ltr'><strong>Neapolim,</strong></span> <span class='ocrx_word' id='word_1_80' title='bbox 924 1567 1062 1632; x_wconf 88' lang='lat' dir='ltr'><strong>quod</strong></span> <span class='ocrx_word' id='word_1_81' title='bbox 1093 1567 1143 1616; x_wconf 93' lang='lat' dir='ltr'><strong>in</strong></span> <span class='ocrx_word' id='word_1_82' title='bbox 1168 1580 1230 1616; x_wconf 84' lang='lat' dir='ltr'><strong>ea</strong></span> <span class='ocrx_word' id='word_1_83' title='bbox 1254 1567 1361 1630; x_wconf 90' lang='lat' dir='ltr'><strong>pri-</strong></span> 
     </span>
     <span class='ocr_line' id='line_1_16' title="bbox 286 1643 1361 1709; baseline 0.002 -17"><span class='ocrx_word' id='word_1_84' title='bbox 286 1655 434 1692; x_wconf 86' lang='lat' dir='ltr'><strong>mum</strong></span> <span class='ocrx_word' id='word_1_85' title='bbox 475 1648 646 1691; x_wconf 82' lang='lat' dir='ltr'><strong>artem</strong></span> <span class='ocrx_word' id='word_1_86' title='bbox 692 1644 1000 1707; x_wconf 76' lang='lat' dir='ltr'><strong>protulerat,</strong></span> <span class='ocrx_word' id='word_1_87' title='bbox 1045 1643 1195 1699; x_wconf 36' lang='lat' dir='ltr'><strong>slbis-</strong></span> <span class='ocrx_word' id='word_1_88' title='bbox 1215 1644 1361 1709; x_wconf 86' lang='lat' dir='ltr'><strong>equis</strong></span> 
     </span>
     <span class='ocr_line' id='line_1_17' title="bbox 286 1716 1362 1784; baseline 0.001 -15"><span class='ocrx_word' id='word_1_89' title='bbox 286 1716 519 1778; x_wconf 84' lang='lat' dir='ltr'><strong>introiit,</strong></span> <span class='ocrx_word' id='word_1_90' title='bbox 549 1716 773 1781; x_wconf 74' lang='lat' dir='ltr'><strong>disjecta</strong></span> <span class='ocrx_word' id='word_1_91' title='bbox 807 1728 954 1783; x_wconf 88' lang='lat' dir='ltr'><strong>parte</strong></span> <span class='ocrx_word' id='word_1_92' title='bbox 989 1721 1143 1784; x_wconf 89' lang='lat' dir='ltr'><strong>muri,</strong></span> <span class='ocrx_word' id='word_1_93' title='bbox 1171 1726 1230 1770; x_wconf 89' lang='lat' dir='ltr'><strong>ut</strong></span> <span class='ocrx_word' id='word_1_94' title='bbox 1253 1734 1362 1770; x_wconf 86' lang='lat' dir='ltr'><strong>mos</strong></span> 
     </span>
     <span class='ocr_line' id='line_1_18' title="bbox 286 1793 1359 1859; baseline 0.004 -15"><span class='ocrx_word' id='word_1_95' title='bbox 286 1793 839 1859; x_wconf 34' lang='lat' dir='ltr'><strong>hieronicarum-erat.</strong></span> <span class='ocrx_word' id='word_1_96' title='bbox 886 1797 1053 1846; x_wconf 81' lang='lat' dir='ltr'><strong>Simili</strong></span> <span class='ocrx_word' id='word_1_97' title='bbox 1076 1797 1229 1848; x_wconf 91' lang='lat' dir='ltr'><strong>modo</strong></span> <span class='ocrx_word' id='word_1_98' title='bbox 1252 1795 1359 1847; x_wconf 84' lang='lat' dir='ltr'><strong>An·</strong></span> 
     </span>
     <span class='ocr_line' id='line_1_19' title="bbox 292 1872 1364 1938; baseline 0.006 -16"><span class='ocrx_word' id='word_1_99' title='bbox 292 1872 457 1936; x_wconf 86' lang='lat' dir='ltr'><strong>tium;</strong></span> <span class='ocrx_word' id='word_1_100' title='bbox 494 1873 620 1925; x_wconf 88' lang='lat' dir='ltr'><strong>inde</strong></span> <span class='ocrx_word' id='word_1_101' title='bbox 641 1874 935 1938; x_wconf 68' lang='lat' dir='ltr'><strong>Albanum3</strong></span> <span class='ocrx_word' id='word_1_102' title='bbox 961 1876 1082 1927; x_wconf 91' lang='lat' dir='ltr'><strong>iude</strong></span> <span class='ocrx_word' id='word_1_103' title='bbox 1106 1874 1364 1929; x_wconf 62' lang='lat' dir='ltr'><strong>Romam?</strong></span> 
     </span>
     <span class='ocr_line' id='line_1_20' title="bbox 290 1949 1363 2016; baseline 0.003 -17"><span class='ocrx_word' id='word_1_104' title='bbox 290 1949 552 2014; x_wconf 62' lang='lat' dir='ltr'><strong>&#39;trajanus</strong></span> <span class='ocrx_word' id='word_1_105' title='bbox 565 1965 708 2014; x_wconf 82' lang='lat' dir='ltr'><strong>vero,</strong></span> <span class='ocrx_word' id='word_1_106' title='bbox 724 1951 797 2002; x_wconf 89' lang='lat' dir='ltr'><strong>nti</strong></span> <span class='ocrx_word' id='word_1_107' title='bbox 810 1952 1028 2016; x_wconf 85' lang='lat' dir='ltr'><strong>pedibus</strong></span> <span class='ocrx_word' id='word_1_108' title='bbox 1044 1952 1246 2003; x_wconf 79' lang='lat' dir='ltr'><strong>fecerat</strong></span> <span class='ocrx_word' id='word_1_109' title='bbox 1262 1954 1363 2004; x_wconf 85' lang='lat' dir='ltr'><strong>iter</strong></span> 
     </span>
     <span class='ocr_line' id='line_1_21' title="bbox 291 2030 1363 2096; baseline 0.005 -18"><span class='ocrx_word' id='word_1_110' title='bbox 291 2042 408 2078; x_wconf 89' lang='lat' dir='ltr'><strong>cum</strong></span> <span class='ocrx_word' id='word_1_111' title='bbox 433 2030 676 2079; x_wconf 84' lang='lat' dir='ltr'><strong>exercitu</strong></span> <span class='ocrx_word' id='word_1_112' title='bbox 702 2039 948 2082; x_wconf 87' lang='lat' dir='ltr'><strong>narrante</strong></span> <span class='ocrx_word' id='word_1_113' title='bbox 984 2031 1270 2096; x_wconf 77' lang='lat' dir='ltr'><strong>xiphilino‚</strong></span> <span class='ocrx_word' id='word_1_114' title='bbox 1305 2038 1363 2083; x_wconf 89' lang='lat' dir='ltr'><strong>et</strong></span> 
     </span>
     <span class='ocr_line' id='line_1_22' title="bbox 294 2104 1360 2169; baseline 0.006 -16"><span class='ocrx_word' id='word_1_115' title='bbox 294 2104 411 2169; x_wconf 84' lang='lat' dir='ltr'><strong>ipso</strong></span> <span class='ocrx_word' id='word_1_116' title='bbox 434 2105 614 2156; x_wconf 78' lang='lat' dir='ltr'><strong>Plinio</strong></span> <span class='ocrx_word' id='word_1_117' title='bbox 636 2115 833 2166; x_wconf 85' lang='lat' dir='ltr'><strong>nostro,</strong></span> <span class='ocrx_word' id='word_1_118' title='bbox 868 2122 991 2159; x_wconf 77' lang='lat' dir='ltr'><strong>xiv.</strong></span> <span class='ocrx_word' id='word_1_119' title='bbox 1024 2113 1073 2158; x_wconf 78' lang='grc'><strong>8.</strong></span> <span class='ocrx_word' id='word_1_120' title='bbox 1106 2109 1181 2159; x_wconf 82' lang='lat' dir='ltr'><strong>ita</strong></span> <span class='ocrx_word' id='word_1_121' title='bbox 1203 2109 1360 2159; x_wconf 84' lang='lat' dir='ltr'><strong>etiam</strong></span> 
     </span>
     <span class='ocr_line' id='line_1_23' title="bbox 294 2182 1358 2252; baseline 0.006 -21"><span class='ocrx_word' id='word_1_122' title='bbox 294 2182 457 2245; x_wconf 81' lang='lat' dir='ltr'><strong>pedes</strong></span> <span class='ocrx_word' id='word_1_123' title='bbox 491 2184 714 2235; x_wconf 82' lang='lat' dir='ltr'><strong>intravit</strong></span> <span class='ocrx_word' id='word_1_124' title='bbox 746 2185 942 2235; x_wconf 84' lang='lat' dir='ltr'><strong>urbem.</strong></span> <span class='ocrx_word' id='word_1_125' title='bbox 1006 2186 1283 2252; x_wconf 83' lang='lat' dir='ltr'><strong>Equidem,</strong></span> <span class='ocrx_word' id='word_1_126' title='bbox 1305 2187 1358 2237; x_wconf 86' lang='lat' dir='ltr'><strong>in</strong></span> 
     </span>
     <span class='ocr_line' id='line_1_24' title="bbox 295 2257 1360 2313; baseline 0.007 -7"><span class='ocrx_word' id='word_1_127' title='bbox 295 2257 454 2309; x_wconf 85' lang='lat' dir='ltr'><strong>Ducis</strong></span> <span class='ocrx_word' id='word_1_128' title='bbox 482 2257 794 2310; x_wconf 84' lang='lat' dir='ltr'><strong>Arscbotani</strong></span> <span class='ocrx_word' id='word_1_129' title='bbox 818 2261 1232 2313; x_wconf 84' lang='lat' dir='ltr'><strong>Numismatibus</strong></span> <span class='ocrx_word' id='word_1_130' title='bbox 1255 2263 1360 2313; x_wconf 90' lang='lat' dir='ltr'><strong>Im-</strong></span> 
     </span>
     <span class='ocr_line' id='line_1_25' title="bbox 296 2337 1359 2403; baseline 0.006 -20"><span class='ocrx_word' id='word_1_131' title='bbox 296 2344 617 2399; x_wconf 79' lang='lat' dir='ltr'><strong>peratorum,</strong></span> <span class='ocrx_word' id='word_1_132' title='bbox 635 2337 766 2387; x_wconf 78' lang='lat' dir='ltr'><strong>Tab.</strong></span> <span class='ocrx_word' id='word_1_133' title='bbox 779 2351 959 2389; x_wconf 82' lang='lat' dir='ltr'><strong>xxxv.</strong></span> <span class='ocrx_word' id='word_1_134' title='bbox 979 2343 1029 2390; x_wconf 81' lang='lat'><strong>9.</strong></span> <span class='ocrx_word' id='word_1_135' title='bbox 1055 2338 1359 2403; x_wconf 78' lang='lat' dir='ltr'><strong>designatur</strong></span> 
     </span>
     <span class='ocr_line' id='line_1_26' title="bbox 290 2414 1359 2481; baseline 0.004 -19"><span class='ocrx_word' id='word_1_136' title='bbox 290 2422 529 2463; x_wconf 81' lang='lat' dir='ltr'><strong>nummus</strong></span> <span class='ocrx_word' id='word_1_137' title='bbox 541 2414 773 2478; x_wconf 50' lang='lat' dir='ltr'><strong>Tra-iani,</strong></span> <span class='ocrx_word' id='word_1_138' title='bbox 787 2415 839 2464; x_wconf 89' lang='lat' dir='ltr'><strong>in</strong></span> <span class='ocrx_word' id='word_1_139' title='bbox 851 2417 999 2480; x_wconf 88' lang='lat' dir='ltr'><strong>cnjus</strong></span> <span class='ocrx_word' id='word_1_140' title='bbox 1013 2430 1198 2465; x_wconf 78' lang='lat' dir='ltr'><strong>aversa</strong></span> <span class='ocrx_word' id='word_1_141' title='bbox 1209 2425 1359 2481; x_wconf 84' lang='lat' dir='ltr'><strong>psrte</strong></span> 
     </span>
     <span class='ocr_line' id='line_1_27' title="bbox 290 2489 1359 2559; baseline 0.002 -18"><span class='ocrx_word' id='word_1_142' title='bbox 290 2489 621 2556; x_wconf 75' lang='lat' dir='ltr'><strong>conspicitur</strong></span> <span class='ocrx_word' id='word_1_143' title='bbox 663 2490 959 2554; x_wconf 78' lang='lat' dir='ltr'><strong>Imperator</strong></span> <span class='ocrx_word' id='word_1_144' title='bbox 1001 2494 1259 2559; x_wconf 72' lang='lat' dir='ltr'><strong>equitans,</strong></span> <span class='ocrx_word' id='word_1_145' title='bbox 1303 2499 1359 2543; x_wconf 90' lang='lat' dir='ltr'><strong>et</strong></span> 
     </span>
     <span class='ocr_line' id='line_1_28' title="bbox 288 2566 1358 2635; baseline 0.004 -20"><span class='ocrx_word' id='word_1_146' title='bbox 288 2566 494 2617; x_wconf 74' lang='lat' dir='ltr'><strong>hastam</strong></span> <span class='ocrx_word' id='word_1_147' title='bbox 519 2582 676 2617; x_wconf 79' lang='lat' dir='ltr'><strong>manu</strong></span> <span class='ocrx_word' id='word_1_148' title='bbox 694 2575 911 2631; x_wconf 86' lang='lat' dir='ltr'><strong>teneus;</strong></span> <span class='ocrx_word' id='word_1_149' title='bbox 933 2568 1128 2620; x_wconf 88' lang='lat' dir='ltr'><strong>circum</strong></span> <span class='ocrx_word' id='word_1_150' title='bbox 1145 2570 1358 2635; x_wconf 79' lang='lat' dir='ltr'><strong>legitur,</strong></span> 
     </span>
     <span class='ocr_line' id='line_1_29' title="bbox 286 2647 1361 2712; baseline 0.003 -19"><span class='ocrx_word' id='word_1_151' title='bbox 286 2654 609 2695; x_wconf 70' lang='lat' dir='ltr'><strong>snvzwrvs.</strong></span> <span class='ocrx_word' id='word_1_152' title='bbox 645 2657 920 2697; x_wconf 69' lang='lat' dir='ltr'><strong>Avevs&#39;n:</strong></span> <span class='ocrx_word' id='word_1_153' title='bbox 955 2661 1153 2708; x_wconf 81' lang='lat' dir='ltr'><strong>verum,</strong></span> <span class='ocrx_word' id='word_1_154' title='bbox 1189 2647 1361 2712; x_wconf 84' lang='lat' dir='ltr'><strong>potuit</strong></span> 
     </span>
     <span class='ocr_line' id='line_1_30' title="bbox 291 2714 1361 2788; baseline 0.005 -19"><span class='ocrx_word' id='word_1_155' title='bbox 291 2717 578 2785; x_wconf 79' lang='lat' dir='ltr'><strong>Trajanns‚</strong></span> <span class='ocrx_word' id='word_1_156' title='bbox 600 2714 735 2785; x_wconf 80' lang='lat' dir='ltr'><strong>equo</strong></span> <span class='ocrx_word' id='word_1_157' title='bbox 766 2722 974 2788; x_wconf 91' lang='lat' dir='ltr'><strong>quidem</strong></span> <span class='ocrx_word' id='word_1_158' title='bbox 1004 2722 1254 2783; x_wconf 87' lang='lat' dir='ltr'><strong>insidens,</strong></span> <span class='ocrx_word' id='word_1_159' title='bbox 1277 2738 1361 2775; x_wconf 86' lang='lat' dir='ltr'><strong>us·</strong></span> 
     </span>
     <span class='ocr_line' id='line_1_31' title="bbox 288 2797 1360 2865; baseline 0.006 -19"><span class='ocrx_word' id='word_1_160' title='bbox 288 2812 389 2862; x_wconf 86' lang='lat' dir='ltr'><strong>que</strong></span> <span class='ocrx_word' id='word_1_161' title='bbox 409 2797 481 2848; x_wconf 74' lang='lat' dir='ltr'><strong>ed</strong></span> <span class='ocrx_word' id='word_1_162' title='bbox 508 2808 693 2862; x_wconf 77' lang='lat' dir='ltr'><strong>portas</strong></span> <span class='ocrx_word' id='word_1_163' title='bbox 729 2800 870 2850; x_wconf 90' lang='lat' dir='ltr'><strong>urbis</strong></span> <span class='ocrx_word' id='word_1_164' title='bbox 894 2801 1182 2865; x_wconf 78' lang='lat' dir='ltr'><strong>accedere3</strong></span> <span class='ocrx_word' id='word_1_165' title='bbox 1215 2801 1360 2852; x_wconf 89' lang='lat' dir='ltr'><strong>dein·</strong></span> 
     </span>
     <span class='ocr_line' id='line_1_32' title="bbox 286 2874 1362 2941; baseline 0.006 -17"><span class='ocrx_word' id='word_1_166' title='bbox 286 2874 354 2924; x_wconf 85' lang='lat' dir='ltr'><strong>de</strong></span> <span class='ocrx_word' id='word_1_167' title='bbox 395 2889 523 2925; x_wconf 83' lang='lat' dir='ltr'><strong>vero</strong></span> <span class='ocrx_word' id='word_1_168' title='bbox 561 2877 777 2941; x_wconf 83' lang='lat' dir='ltr'><strong>pedibus</strong></span> <span class='ocrx_word' id='word_1_169' title='bbox 811 2879 1025 2929; x_wconf 90' lang='lat' dir='ltr'><strong>introire</strong></span> <span class='ocrx_word' id='word_1_170' title='bbox 1060 2880 1114 2929; x_wconf 91' lang='lat' dir='ltr'><strong>in</strong></span> <span class='ocrx_word' id='word_1_171' title='bbox 1146 2879 1326 2930; x_wconf 89' lang='lat' dir='ltr'><strong>urbem</strong></span> <span class='ocrx_word' id='word_1_172' title='bbox 1345 2896 1362 2940; x_wconf 78' lang='lat'><em>3</em></span> 
     </span>
     <span class='ocr_line' id='line_1_33' title="bbox 288 2953 1361 3017; baseline 0.006 -17"><span class='ocrx_word' id='word_1_173' title='bbox 288 2958 448 3016; x_wconf 90' lang='lat' dir='ltr'><strong>prout</strong></span> <span class='ocrx_word' id='word_1_174' title='bbox 471 2953 727 3003; x_wconf 83' lang='lat' dir='ltr'><strong>Severum</strong></span> <span class='ocrx_word' id='word_1_175' title='bbox 751 2953 1139 3017; x_wconf 71' lang='lat' dir='ltr'><strong>imperatorem,</strong></span> <span class='ocrx_word' id='word_1_176' title='bbox 1164 2955 1361 3006; x_wconf 81' lang='lat' dir='ltr'><strong>adveu-</strong></span> 
     </span>
     <span class='ocr_line' id='line_1_34' title="bbox 290 3029 1362 3087; baseline 0.007 -10"><span class='ocrx_word' id='word_1_177' title='bbox 290 3034 491 3079; x_wconf 86' lang='lat' dir='ltr'><strong>tsntem</strong></span> <span class='ocrx_word' id='word_1_178' title='bbox 539 3029 772 3087; x_wconf 78' lang='lat' dir='ltr'><strong>Romam,</strong></span> <span class='ocrx_word' id='word_1_179' title='bbox 819 3030 870 3080; x_wconf 90' lang='lat' dir='ltr'><strong>id</strong></span> <span class='ocrx_word' id='word_1_180' title='bbox 910 3030 1098 3082; x_wconf 84' lang='lat' dir='ltr'><strong>fecisse</strong></span> <span class='ocrx_word' id='word_1_181' title='bbox 1132 3039 1362 3084; x_wconf 84' lang='lat' dir='ltr'><strong>testatur</strong></span> 
     </span>
     <span class='ocr_line' id='line_1_35' title="bbox 290 3105 1114 3170; baseline 0.001 -15"><span class='ocrx_word' id='word_1_182' title='bbox 290 3105 396 3155; x_wconf 74' lang='lat' dir='ltr'><strong>Dio</strong></span> <span class='ocrx_word' id='word_1_183' title='bbox 421 3118 620 3156; x_wconf 78' lang='lat' dir='ltr'><strong>Lxxtv.</strong></span> <span class='ocrx_word' id='word_1_184' title='bbox 646 3121 700 3170; x_wconf 87' lang='lat' dir='ltr'><strong>p.</strong></span> <span class='ocrx_word' id='word_1_185' title='bbox 723 3110 837 3156; x_wconf 75' lang='lat'><strong>839.</strong></span> <span class='ocrx_word' id='word_1_186' title='bbox 868 3107 1114 3158; x_wconf 70' lang='lat' dir='ltr'><strong>Schwen-</strong></span> 
     </span>
    </p>

    <p class='ocr_par' dir='ltr' id='par_1_5' title="bbox 282 3182 1358 4251">
     <span class='ocr_line' id='line_1_36' title="bbox 353 3182 1358 3246; baseline 0.004 -14"><span class='ocrx_word' id='word_1_187' title='bbox 353 3183 593 3233; x_wconf 74' lang='lat' dir='ltr'><strong>Hsmieris</strong></span> <span class='ocrx_word' id='word_1_188' title='bbox 605 3182 867 3246; x_wconf 73' lang='lat' dir='ltr'><strong>hominum]</strong></span> <span class='ocrx_word' id='word_1_189' title='bbox 889 3182 1170 3235; x_wconf 75' lang='lat' dir='ltr'><strong>Succollsti</strong></span> <span class='ocrx_word' id='word_1_190' title='bbox 1188 3183 1238 3235; x_wconf 93' lang='lat' dir='ltr'><strong>in</strong></span> <span class='ocrx_word' id='word_1_191' title='bbox 1252 3185 1358 3236; x_wconf 89' lang='lat' dir='ltr'><strong>lec·</strong></span> 
     </span>
     <span class='ocr_line' id='line_1_37' title="bbox 290 3260 1358 3314; baseline 0.003 -4"><span class='ocrx_word' id='word_1_192' title='bbox 290 3261 426 3311; x_wconf 84' lang='lat' dir='ltr'><strong>tieis.</strong></span> <span class='ocrx_word' id='word_1_193' title='bbox 481 3260 732 3311; x_wconf 78' lang='lat' dir='ltr'><strong>Imitatur</strong></span> <span class='ocrx_word' id='word_1_194' title='bbox 763 3262 990 3311; x_wconf 79' lang='lat' dir='ltr'><strong>Pacatus</strong></span> <span class='ocrx_word' id='word_1_195' title='bbox 1029 3261 1081 3312; x_wconf 91' lang='lat' dir='ltr'><strong>in</strong></span> <span class='ocrx_word' id='word_1_196' title='bbox 1116 3262 1358 3314; x_wconf 85' lang='lat' dir='ltr'><strong>Theodo-</strong></span> 
     </span>
     <span class='ocr_line' id='line_1_38' title="bbox 286 3336 1357 3404; baseline 0.004 -17"><span class='ocrx_word' id='word_1_197' title='bbox 286 3336 438 3387; x_wconf 82' lang='lat' dir='ltr'><strong>siana</strong></span> <span class='ocrx_word' id='word_1_198' title='bbox 459 3337 637 3399; x_wconf 86' lang='lat' dir='ltr'><strong>lande,</strong></span> <span class='ocrx_word' id='word_1_199' title='bbox 658 3345 718 3387; x_wconf 90' lang='lat' dir='ltr'><strong>ut</strong></span> <span class='ocrx_word' id='word_1_200' title='bbox 755 3337 1030 3404; x_wconf 81' lang='lat' dir='ltr'><strong>plerosque</strong></span> <span class='ocrx_word' id='word_1_201' title='bbox 1052 3340 1357 3391; x_wconf 84' lang='lat' dir='ltr'><strong>eminentio-</strong></span> 
     </span>
     <span class='ocr_line' id='line_1_39' title="bbox 291 3414 1356 3482; baseline 0.005 -17"><span class='ocrx_word' id='word_1_202' title='bbox 291 3431 374 3467; x_wconf 84' lang='lat' dir='ltr'><strong>res</strong></span> <span class='ocrx_word' id='word_1_203' title='bbox 421 3414 612 3481; x_wconf 87' lang='lat' dir='ltr'><strong>(semel</strong></span> <span class='ocrx_word' id='word_1_204' title='bbox 664 3417 918 3467; x_wconf 87' lang='lat' dir='ltr'><strong>monitum</strong></span> <span class='ocrx_word' id='word_1_205' title='bbox 975 3416 1120 3482; x_wconf 87' lang='lat' dir='ltr'><strong>esto)</strong></span> <span class='ocrx_word' id='word_1_206' title='bbox 1173 3418 1314 3469; x_wconf 83' lang='lat' dir='ltr'><strong>locos</strong></span> <span class='ocrx_word' id='word_1_207' title='bbox 1339 3434 1356 3470; x_wconf 68' lang='grc' dir='ltr'><strong><em>ε</em></strong></span> 
     </span>
     <span class='ocr_line' id='line_1_40' title="bbox 288 3483 1357 3559; baseline 0 -12"><span class='ocrx_word' id='word_1_208' title='bbox 288 3483 464 3548; x_wconf 75' lang='lat' dir='ltr'><strong>‘Quin</strong></span> <span class='ocrx_word' id='word_1_209' title='bbox 486 3494 532 3543; x_wconf 90' lang='lat' dir='ltr'><strong>si</strong></span> <span class='ocrx_word' id='word_1_210' title='bbox 557 3495 762 3559; x_wconf 83' lang='lat' dir='ltr'><strong>quando</strong></span> <span class='ocrx_word' id='word_1_211' title='bbox 791 3494 844 3544; x_wconf 87' lang='lat' dir='ltr'><strong>iu</strong></span> <span class='ocrx_word' id='word_1_212' title='bbox 879 3496 1050 3546; x_wconf 90' lang='lat' dir='ltr'><strong>lucem</strong></span> <span class='ocrx_word' id='word_1_213' title='bbox 1080 3495 1280 3558; x_wconf 81' lang='lat' dir='ltr'><strong>venire,</strong></span> <span class='ocrx_word' id='word_1_214' title='bbox 1302 3504 1357 3547; x_wconf 88' lang='lat' dir='ltr'><strong>et</strong></span> 
     </span>
     <span class='ocr_line' id='line_1_41' title="bbox 287 3569 1356 3635; baseline 0.001 -15"><span class='ocrx_word' id='word_1_215' title='bbox 287 3571 427 3625; x_wconf 79' lang='lat' dir='ltr'><strong>diem</strong></span> <span class='ocrx_word' id='word_1_216' title='bbox 462 3569 608 3620; x_wconf 87' lang='lat' dir='ltr'><strong>ferre</strong></span> <span class='ocrx_word' id='word_1_217' title='bbox 642 3571 949 3635; x_wconf 87' lang='lat' dir='ltr'><strong>potuissent,</strong></span> <span class='ocrx_word' id='word_1_218' title='bbox 976 3572 1179 3623; x_wconf 78' lang='lat' dir='ltr'><strong>lecticis</strong></span> <span class='ocrx_word' id='word_1_219' title='bbox 1207 3574 1356 3624; x_wconf 81' lang='lat' dir='ltr'><strong>then·</strong></span> 
     </span>
     <span class='ocr_line' id='line_1_42' title="bbox 285 3648 1357 3716; baseline 0.002 -18"><span class='ocrx_word' id='word_1_220' title='bbox 285 3649 463 3716; x_wconf 84' lang='lat' dir='ltr'><strong>sisque</strong></span> <span class='ocrx_word' id='word_1_221' title='bbox 500 3648 758 3707; x_wconf 84' lang='lat' dir='ltr'><strong>subvecti,</strong></span> <span class='ocrx_word' id='word_1_222' title='bbox 789 3658 845 3700; x_wconf 91' lang='lat' dir='ltr'><strong>et</strong></span> <span class='ocrx_word' id='word_1_223' title='bbox 876 3651 1175 3701; x_wconf 83' lang='lat' dir='ltr'><strong>densissima</strong></span> <span class='ocrx_word' id='word_1_224' title='bbox 1196 3665 1357 3715; x_wconf 89' lang='lat' dir='ltr'><strong>supra</strong></span> 
     </span>
     <span class='ocr_line' id='line_1_43' title="bbox 284 3727 1357 3791; baseline 0.001 -15"><span class='ocrx_word' id='word_1_225' title='bbox 284 3727 591 3790; x_wconf 77' lang='lat' dir='ltr'><strong>circumque</strong></span> <span class='ocrx_word' id='word_1_226' title='bbox 640 3728 874 3791; x_wconf 86' lang='lat' dir='ltr'><strong>cooperti</strong></span> <span class='ocrx_word' id='word_1_227' title='bbox 919 3727 1144 3778; x_wconf 80' lang='lat' dir='ltr'><strong>virorum</strong></span> <span class='ocrx_word' id='word_1_228' title='bbox 1189 3741 1357 3777; x_wconf 79' lang='lat' dir='ltr'><strong>ermo-</strong></span> 
     </span>
     <span class='ocr_line' id='line_1_44' title="bbox 289 3802 1357 3868; baseline 0.001 -15"><span class='ocrx_word' id='word_1_229' title='bbox 289 3817 508 3868; x_wconf 85' lang='lat' dir='ltr'><strong>rumque</strong></span> <span class='ocrx_word' id='word_1_230' title='bbox 554 3803 836 3867; x_wconf 71' lang='lat' dir='ltr'><strong>testudine,</strong></span> <span class='ocrx_word' id='word_1_231' title='bbox 868 3804 1056 3853; x_wconf 88' lang='lat' dir='ltr'><strong>sensim</strong></span> <span class='ocrx_word' id='word_1_232' title='bbox 1098 3809 1255 3868; x_wconf 82' lang='lat' dir='ltr'><strong>atque</strong></span> <span class='ocrx_word' id='word_1_233' title='bbox 1289 3802 1357 3854; x_wconf 86' lang='lat' dir='ltr'><strong>ad</strong></span> 
     </span>
     <span class='ocr_line' id='line_1_45' title="bbox 289 3879 1357 3944; baseline 0 -14"><span class='ocrx_word' id='word_1_234' title='bbox 289 3894 560 3930; x_wconf 87' lang='lat' dir='ltr'><strong>numerum</strong></span> <span class='ocrx_word' id='word_1_235' title='bbox 584 3879 979 3930; x_wconf 56' lang='lat' dir='ltr'><strong>movebantur?</strong></span> <span class='ocrx_word' id='word_1_236' title='bbox 1003 3884 1060 3929; x_wconf 82' lang='lat' dir='ltr'><strong>et</strong></span> <span class='ocrx_word' id='word_1_237' title='bbox 1085 3879 1253 3944; x_wconf 84' lang='lat' dir='ltr'><strong>plura,</strong></span> <span class='ocrx_word' id='word_1_238' title='bbox 1275 3895 1357 3931; x_wconf 88' lang='lat' dir='ltr'><strong>so-</strong></span> 
     </span>
     <span class='ocr_line' id='line_1_46' title="bbox 289 3956 1355 4022; baseline -0.001 -15"><span class='ocrx_word' id='word_1_239' title='bbox 289 3957 405 4014; x_wconf 82' lang='lat' dir='ltr'><strong>des,</strong></span> <span class='ocrx_word' id='word_1_240' title='bbox 427 3957 564 4006; x_wconf 85' lang='lat' dir='ltr'><strong>adde</strong></span> <span class='ocrx_word' id='word_1_241' title='bbox 587 3957 668 4005; x_wconf 81' lang='lat' dir='ltr'><strong>vel</strong></span> <span class='ocrx_word' id='word_1_242' title='bbox 702 3971 821 4006; x_wconf 89' lang='lat' dir='ltr'><strong>cnm</strong></span> <span class='ocrx_word' id='word_1_243' title='bbox 857 3956 1114 4007; x_wconf 83' lang='lat' dir='ltr'><strong>Plinianis</strong></span> <span class='ocrx_word' id='word_1_244' title='bbox 1138 3957 1355 4022; x_wconf 79' lang='lat' dir='ltr'><strong>argutiis</strong></span> 
     </span>
     <span class='ocr_line' id='line_1_47' title="bbox 291 4033 1356 4085; baseline -0.001 0"><span class='ocrx_word' id='word_1_245' title='bbox 291 4041 346 4085; x_wconf 87' lang='lat' dir='ltr'><strong>et</strong></span> <span class='ocrx_word' id='word_1_246' title='bbox 367 4035 578 4085; x_wconf 86' lang='lat' dir='ltr'><strong>Venere</strong></span> <span class='ocrx_word' id='word_1_247' title='bbox 599 4033 878 4083; x_wconf 79' lang='lat' dir='ltr'><strong>certantia.</strong></span> <span class='ocrx_word' id='word_1_248' title='bbox 930 4034 1100 4084; x_wconf 91' lang='lat' dir='ltr'><strong>Porro</strong></span> <span class='ocrx_word' id='word_1_249' title='bbox 1123 4049 1154 4084; x_wconf 80' lang='lat' dir='ltr'><strong>a</strong></span> <span class='ocrx_word' id='word_1_250' title='bbox 1175 4041 1356 4084; x_wconf 87' lang='lat' dir='ltr'><strong>nostro</strong></span> 
     </span>
     <span class='ocr_line' id='line_1_48' title="bbox 282 4109 1354 4174; baseline 0 -14"><span class='ocrx_word' id='word_1_251' title='bbox 282 4109 652 4160; x_wconf 73' lang='lat' dir='ltr'><strong>Domitianum</strong></span> <span class='ocrx_word' id='word_1_252' title='bbox 678 4109 943 4174; x_wconf 78' lang='lat' dir='ltr'><strong>praecipue</strong></span> <span class='ocrx_word' id='word_1_253' title='bbox 964 4110 1129 4174; x_wconf 78' lang='lat' dir='ltr'><strong>tangi,</strong></span> <span class='ocrx_word' id='word_1_254' title='bbox 1150 4116 1354 4162; x_wconf 89' lang='lat' dir='ltr'><strong>certum</strong></span> 
     </span>
     <span class='ocr_line' id='line_1_49' title="bbox 291 4187 567 4251; baseline -0.007 -14"><span class='ocrx_word' id='word_1_255' title='bbox 291 4193 390 4238; x_wconf 85' lang='lat' dir='ltr'><strong>est.</strong></span> <span class='ocrx_word' id='word_1_256' title='bbox 423 4187 567 4251; x_wconf 77' lang='lat' dir='ltr'><strong>Lips-</strong></span> 
     </span>
    </p>

    <p class='ocr_par' dir='ltr' id='par_1_6' title="bbox 289 4262 1357 4410">
     <span class='ocr_line' id='line_1_50' title="bbox 344 4262 1357 4331; baseline -0.001 -16"><span class='ocrx_word' id='word_1_257' title='bbox 344 4262 592 4331; x_wconf 74' lang='lat' dir='ltr'><strong>-Humeris</strong></span> <span class='ocrx_word' id='word_1_258' title='bbox 611 4263 870 4323; x_wconf 70' lang='lat' dir='ltr'><strong>hominum,</strong></span> <span class='ocrx_word' id='word_1_259' title='bbox 897 4265 1022 4328; x_wconf 66' lang='lat' dir='ltr'><strong>quod</strong></span> <span class='ocrx_word' id='word_1_260' title='bbox 1047 4264 1357 4328; x_wconf 73' lang='lat' dir='ltr'><strong>arrogantius</strong></span> 
     </span>
     <span class='ocr_line' id='line_1_51' title="bbox 289 4340 1356 4410; baseline 0 -17"><span class='ocrx_word' id='word_1_261' title='bbox 289 4340 416 4409; x_wconf 71' lang='lat' dir='ltr'><strong>erat]</strong></span> <span class='ocrx_word' id='word_1_262' title='bbox 447 4341 622 4395; x_wconf 85' lang='lat' dir='ltr'><strong>Voces</strong></span> <span class='ocrx_word' id='word_1_263' title='bbox 645 4347 925 4410; x_wconf 63' lang='lat' dir='ltr'><strong>postrema</strong></span> <span class='ocrx_word' id='word_1_264' title='bbox 942 4346 1051 4394; x_wconf 85' lang='lat' dir='ltr'><strong>tres</strong></span> <span class='ocrx_word' id='word_1_265' title='bbox 1080 4346 1356 4394; x_wconf 82' lang='lat' dir='ltr'><strong>manarunt</strong></span> 
     </span>
    </p>
   </div>
   <div class='ocr_carea' id='block_1_5' title="bbox 2372 403 2505 470">
    <p class='ocr_par' dir='ltr' id='par_1_7' title="bbox 2372 403 2505 470">
     <span class='ocr_line' id='line_1_52' title="bbox 2372 403 2505 470; baseline 0 0"><span class='ocrx_word' id='word_1_266' title='bbox 2372 403 2505 470; x_wconf 78' lang='lat'><strong>525</strong></span> 
     </span>
    </p>
   </div>
   <div class='ocr_carea' id='block_1_6' title="bbox 1427 563 2574 4406">
    <p class='ocr_par' dir='ltr' id='par_1_8' title="bbox 1427 563 2574 4406">
     <span class='ocr_line' id='line_1_53' title="bbox 1439 563 2503 629; baseline 0.001 -15"><span class='ocrx_word' id='word_1_267' title='bbox 1439 563 1506 614; x_wconf 82' lang='lat' dir='ltr'><strong>ab</strong></span> <span class='ocrx_word' id='word_1_268' title='bbox 1530 563 1821 628; x_wconf 84' lang='lat' dir='ltr'><strong>interprete</strong></span> <span class='ocrx_word' id='word_1_269' title='bbox 1843 563 2043 629; x_wconf 74' lang='lat' dir='ltr'><strong>aliquo:</strong></span> <span class='ocrx_word' id='word_1_270' title='bbox 2080 563 2208 615; x_wconf 75' lang='lat' dir='ltr'><strong>satis</strong></span> <span class='ocrx_word' id='word_1_271' title='bbox 2227 563 2361 615; x_wconf 87' lang='lat' dir='ltr'><strong>enim</strong></span> <span class='ocrx_word' id='word_1_272' title='bbox 2384 565 2503 615; x_wconf 85' lang='lat' dir='ltr'><strong>sub·</strong></span> 
     </span>
     <span class='ocr_line' id='line_1_54' title="bbox 1440 642 2505 707; baseline 0.002 -16"><span class='ocrx_word' id='word_1_273' title='bbox 1440 642 1821 705; x_wconf 78' lang='lat' dir='ltr'><strong>intelliguntur,</strong></span> <span class='ocrx_word' id='word_1_274' title='bbox 1840 650 1893 692; x_wconf 88' lang='lat' dir='ltr'><strong>et</strong></span> <span class='ocrx_word' id='word_1_275' title='bbox 1909 642 2137 706; x_wconf 86' lang='lat' dir='ltr'><strong>alioquin</strong></span> <span class='ocrx_word' id='word_1_276' title='bbox 2159 642 2355 706; x_wconf 86' lang='lat' dir='ltr'><strong>nescio,</strong></span> <span class='ocrx_word' id='word_1_277' title='bbox 2377 657 2505 707; x_wconf 91' lang='lat' dir='ltr'><strong>quo·</strong></span> 
     </span>
     <span class='ocr_line' id='line_1_55' title="bbox 1439 717 2505 784; baseline 0.002 -16"><span class='ocrx_word' id='word_1_278' title='bbox 1439 719 1595 768; x_wconf 89' lang='lat' dir='ltr'><strong>modo</strong></span> <span class='ocrx_word' id='word_1_279' title='bbox 1645 717 1929 782; x_wconf 80' lang='lat' dir='ltr'><strong>infringant</strong></span> <span class='ocrx_word' id='word_1_280' title='bbox 1982 720 2296 784; x_wconf 78' lang='lat' dir='ltr'><strong>elegantiam</strong></span> <span class='ocrx_word' id='word_1_281' title='bbox 2342 720 2505 771; x_wconf 90' lang='lat' dir='ltr'><strong>totius</strong></span> 
     </span>
     <span class='ocr_line' id='line_1_56' title="bbox 1443 795 2554 859; baseline -0.002 -14"><span class='ocrx_word' id='word_1_282' title='bbox 1443 795 1666 859; x_wconf 87' lang='lat' dir='ltr'><strong>periodi.</strong></span> <span class='ocrx_word' id='word_1_283' title='bbox 1704 796 1856 845; x_wconf 75' lang='lat' dir='ltr'><strong>Grae.</strong></span> <span class='ocrx_word' id='word_1_284' title='bbox 2543 838 2554 843; x_wconf 90' lang='lat'><strong>-</strong></span> 
     </span>
     <span class='ocr_line' id='line_1_57' title="bbox 1508 871 2505 938; baseline 0.001 -16"><span class='ocrx_word' id='word_1_285' title='bbox 1508 874 1650 930; x_wconf 77' lang='lat' dir='ltr'><strong>Quod</strong></span> <span class='ocrx_word' id='word_1_286' title='bbox 1681 873 1988 937; x_wconf 67' lang='lat' dir='ltr'><strong>arrogantius</strong></span> <span class='ocrx_word' id='word_1_287' title='bbox 2017 874 2149 938; x_wconf 76' lang='lat' dir='ltr'><strong>erat]</strong></span> <span class='ocrx_word' id='word_1_288' title='bbox 2186 871 2343 923; x_wconf 90' lang='lat' dir='ltr'><strong>Haud</strong></span> <span class='ocrx_word' id='word_1_289' title='bbox 2370 887 2505 937; x_wconf 79' lang='lat' dir='ltr'><strong>prae·</strong></span> 
     </span>
     <span class='ocr_line' id='line_1_58' title="bbox 1441 951 2504 1014; baseline 0 -14"><span class='ocrx_word' id='word_1_290' title='bbox 1441 955 1523 1000; x_wconf 86' lang='lat' dir='ltr'><strong>ter</strong></span> <span class='ocrx_word' id='word_1_291' title='bbox 1559 965 1793 1000; x_wconf 81' lang='lat' dir='ltr'><strong>caussam</strong></span> <span class='ocrx_word' id='word_1_292' title='bbox 1828 951 1990 1000; x_wconf 81' lang='lat' dir='ltr'><strong>verba</strong></span> <span class='ocrx_word' id='word_1_293' title='bbox 2022 951 2157 1013; x_wconf 77' lang='lat' dir='ltr'><strong>haec,</strong></span> <span class='ocrx_word' id='word_1_294' title='bbox 2189 958 2433 1014; x_wconf 86' lang='lat' dir='ltr'><strong>tanquam</strong></span> <span class='ocrx_word' id='word_1_295' title='bbox 2473 965 2504 1000; x_wconf 87' lang='lat' dir='ltr'><strong>e</strong></span> 
     </span>
     <span class='ocr_line' id='line_1_59' title="bbox 1440 1027 2507 1092; baseline 0.003 -16"><span class='ocrx_word' id='word_1_296' title='bbox 1440 1027 1756 1090; x_wconf 72' lang='lat' dir='ltr'><strong>glossemate</strong></span> <span class='ocrx_word' id='word_1_297' title='bbox 1813 1027 2031 1085; x_wconf 74' lang='lat' dir='ltr'><strong>adscita,</strong></span> <span class='ocrx_word' id='word_1_298' title='bbox 2076 1028 2369 1092; x_wconf 74' lang='lat' dir='ltr'><strong>suspicatus</strong></span> <span class='ocrx_word' id='word_1_299' title='bbox 2423 1033 2507 1079; x_wconf 85' lang='lat' dir='ltr'><strong>est</strong></span> 
     </span>
     <span class='ocr_line' id='line_1_60' title="bbox 1440 1104 2504 1170; baseline 0 -16"><span class='ocrx_word' id='word_1_300' title='bbox 1440 1104 1736 1166; x_wconf 80' lang='lat' dir='ltr'><strong>Gruterus3</strong></span> <span class='ocrx_word' id='word_1_301' title='bbox 1770 1107 2004 1170; x_wconf 81' lang='lat' dir='ltr'><strong>quamvis</strong></span> <span class='ocrx_word' id='word_1_302' title='bbox 2039 1120 2103 1155; x_wconf 87' lang='lat' dir='ltr'><strong>ea</strong></span> <span class='ocrx_word' id='word_1_303' title='bbox 2129 1105 2297 1155; x_wconf 72' lang='lat' dir='ltr'><strong>adhuc</strong></span> <span class='ocrx_word' id='word_1_304' title='bbox 2317 1106 2370 1154; x_wconf 87' lang='lat' dir='ltr'><strong>in</strong></span> <span class='ocrx_word' id='word_1_305' title='bbox 2395 1119 2504 1156; x_wconf 81' lang='lat' dir='ltr'><strong>om-</strong></span> 
     </span>
     <span class='ocr_line' id='line_1_61' title="bbox 1439 1182 2504 1249; baseline 0.003 -19"><span class='ocrx_word' id='word_1_306' title='bbox 1439 1182 1593 1231; x_wconf 87' lang='lat' dir='ltr'><strong>nibus</strong></span> <span class='ocrx_word' id='word_1_307' title='bbox 1633 1182 1780 1232; x_wconf 86' lang='lat' dir='ltr'><strong>libris</strong></span> <span class='ocrx_word' id='word_1_308' title='bbox 1819 1183 2028 1245; x_wconf 87' lang='lat' dir='ltr'><strong>scriptis</strong></span> <span class='ocrx_word' id='word_1_309' title='bbox 2065 1183 2373 1249; x_wconf 82' lang='lat' dir='ltr'><strong>excusisque</strong></span> <span class='ocrx_word' id='word_1_310' title='bbox 2414 1182 2504 1233; x_wconf 75' lang='lat' dir='ltr'><strong>de·</strong></span> 
     </span>
     <span class='ocr_line' id='line_1_62' title="bbox 1440 1258 2504 1323; baseline 0.001 -14"><span class='ocrx_word' id='word_1_311' title='bbox 1440 1259 1847 1323; x_wconf 80' lang='lat' dir='ltr'><strong>prehendantnr.</strong></span> <span class='ocrx_word' id='word_1_312' title='bbox 1912 1258 1992 1310; x_wconf 87' lang='lat' dir='ltr'><strong>Ac</strong></span> <span class='ocrx_word' id='word_1_313' title='bbox 2027 1268 2174 1310; x_wconf 85' lang='lat' dir='ltr'><strong>certe</strong></span> <span class='ocrx_word' id='word_1_314' title='bbox 2213 1261 2361 1309; x_wconf 85' lang='lat' dir='ltr'><strong>nobis</strong></span> <span class='ocrx_word' id='word_1_315' title='bbox 2396 1273 2504 1310; x_wconf 81' lang='lat' dir='ltr'><strong>non</strong></span> 
     </span>
     <span class='ocr_line' id='line_1_63' title="bbox 1436 1335 2503 1402; baseline -0.001 -16"><span class='ocrx_word' id='word_1_316' title='bbox 1436 1336 1624 1402; x_wconf 87' lang='lat' dir='ltr'><strong>liquet,</strong></span> <span class='ocrx_word' id='word_1_317' title='bbox 1667 1335 1874 1402; x_wconf 79' lang='lat' dir='ltr'><strong>quando</strong></span> <span class='ocrx_word' id='word_1_318' title='bbox 1924 1337 2063 1387; x_wconf 85' lang='lat' dir='ltr'><strong>inter</strong></span> <span class='ocrx_word' id='word_1_319' title='bbox 2096 1338 2369 1387; x_wconf 75' lang='lat' dir='ltr'><strong>Romanos</strong></span> <span class='ocrx_word' id='word_1_320' title='bbox 2418 1348 2503 1385; x_wconf 85' lang='lat' dir='ltr'><strong>ar-</strong></span> 
     </span>
     <span class='ocr_line' id='line_1_64' title="bbox 1440 1412 2503 1477; baseline 0.002 -16"><span class='ocrx_word' id='word_1_321' title='bbox 1440 1413 1702 1477; x_wconf 79' lang='lat' dir='ltr'><strong>rogantius</strong></span> <span class='ocrx_word' id='word_1_322' title='bbox 1764 1413 1994 1464; x_wconf 88' lang='lat' dir='ltr'><strong>habitum</strong></span> <span class='ocrx_word' id='word_1_323' title='bbox 2045 1412 2222 1475; x_wconf 79' lang='lat' dir='ltr'><strong>fuerit,</strong></span> <span class='ocrx_word' id='word_1_324' title='bbox 2274 1413 2503 1463; x_wconf 87' lang='lat' dir='ltr'><strong>humeris</strong></span> 
     </span>
     <span class='ocr_line' id='line_1_65' title="bbox 1436 1490 2500 1556; baseline -0.002 -13"><span class='ocrx_word' id='word_1_325' title='bbox 1436 1493 1699 1543; x_wconf 83' lang='lat' dir='ltr'><strong>hominnm</strong></span> <span class='ocrx_word' id='word_1_326' title='bbox 1738 1493 1790 1542; x_wconf 89' lang='lat' dir='ltr'><strong>iu</strong></span> <span class='ocrx_word' id='word_1_327' title='bbox 1826 1492 2027 1543; x_wconf 73' lang='lat' dir='ltr'><strong>lecticis</strong></span> <span class='ocrx_word' id='word_1_328' title='bbox 2052 1490 2203 1553; x_wconf 86' lang='lat' dir='ltr'><strong>ferri,</strong></span> <span class='ocrx_word' id='word_1_329' title='bbox 2226 1506 2379 1556; x_wconf 84' lang='lat' dir='ltr'><strong>quam</strong></span> <span class='ocrx_word' id='word_1_330' title='bbox 2414 1505 2500 1541; x_wconf 81' lang='lat' dir='ltr'><strong>ve·</strong></span> 
     </span>
     <span class='ocr_line' id='line_1_66' title="bbox 1436 1569 2503 1635; baseline 0 -15"><span class='ocrx_word' id='word_1_331' title='bbox 1436 1571 1490 1620; x_wconf 87' lang='lat' dir='ltr'><strong>hi</strong></span> <span class='ocrx_word' id='word_1_332' title='bbox 1521 1585 1675 1620; x_wconf 84' lang='lat' dir='ltr'><strong>curru</strong></span> <span class='ocrx_word' id='word_1_333' title='bbox 1710 1569 2016 1635; x_wconf 81' lang='lat' dir='ltr'><strong>quadrijugo</strong></span> <span class='ocrx_word' id='word_1_334' title='bbox 2055 1579 2110 1620; x_wconf 86' lang='lat' dir='ltr'><strong>et</strong></span> <span class='ocrx_word' id='word_1_335' title='bbox 2146 1569 2299 1619; x_wconf 87' lang='lat' dir='ltr'><strong>alibis</strong></span> <span class='ocrx_word' id='word_1_336' title='bbox 2332 1569 2503 1635; x_wconf 83' lang='lat' dir='ltr'><strong>equis.</strong></span> 
     </span>
     <span class='ocr_line' id='line_1_67' title="bbox 1438 1644 2504 1710; baseline -0.004 -12"><span class='ocrx_word' id='word_1_337' title='bbox 1438 1647 1639 1698; x_wconf 86' lang='lat' dir='ltr'><strong>Contra</strong></span> <span class='ocrx_word' id='word_1_338' title='bbox 1672 1661 1812 1710; x_wconf 88' lang='lat' dir='ltr'><strong>vero,</strong></span> <span class='ocrx_word' id='word_1_339' title='bbox 1835 1661 1951 1697; x_wconf 87' lang='lat' dir='ltr'><strong>cum</strong></span> <span class='ocrx_word' id='word_1_340' title='bbox 1982 1646 2228 1696; x_wconf 81' lang='lat' dir='ltr'><strong>Camillus</strong></span> <span class='ocrx_word' id='word_1_341' title='bbox 2254 1644 2504 1704; x_wconf 83' lang='lat' dir='ltr'><strong>dictator,</strong></span> 
     </span>
     <span class='ocr_line' id='line_1_68' title="bbox 1439 1722 2504 1787; baseline -0.001 -14"><span class='ocrx_word' id='word_1_342' title='bbox 1439 1722 1685 1774; x_wconf 86' lang='lat' dir='ltr'><strong>tradente</strong></span> <span class='ocrx_word' id='word_1_343' title='bbox 1713 1724 1830 1774; x_wconf 80' lang='lat' dir='ltr'><strong>Liv.</strong></span> <span class='ocrx_word' id='word_1_344' title='bbox 1863 1737 1914 1773; x_wconf 81' lang='lat' dir='ltr'><strong>v.</strong></span> <span class='ocrx_word' id='word_1_345' title='bbox 1946 1727 2027 1776; x_wconf 72' lang='lat'><strong>23.</strong></span> <span class='ocrx_word' id='word_1_346' title='bbox 2062 1729 2182 1787; x_wconf 88' lang='lat' dir='ltr'><strong>post</strong></span> <span class='ocrx_word' id='word_1_347' title='bbox 2215 1722 2377 1772; x_wconf 88' lang='lat' dir='ltr'><strong>Veios</strong></span> <span class='ocrx_word' id='word_1_348' title='bbox 2413 1723 2504 1772; x_wconf 87' lang='lat' dir='ltr'><strong>de·</strong></span> 
     </span>
     <span class='ocr_line' id='line_1_69' title="bbox 1437 1800 2504 1865; baseline -0.001 -14"><span class='ocrx_word' id='word_1_349' title='bbox 1437 1801 1629 1864; x_wconf 81' lang='lat' dir='ltr'><strong>victos,</strong></span> <span class='ocrx_word' id='word_1_350' title='bbox 1649 1801 1847 1851; x_wconf 84' lang='lat' dir='ltr'><strong>rediret</strong></span> <span class='ocrx_word' id='word_1_351' title='bbox 1869 1801 2188 1864; x_wconf 84' lang='lat' dir='ltr'><strong>triumphans</strong></span> <span class='ocrx_word' id='word_1_352' title='bbox 2217 1800 2270 1850; x_wconf 90' lang='lat' dir='ltr'><strong>iu</strong></span> <span class='ocrx_word' id='word_1_353' title='bbox 2300 1800 2504 1865; x_wconf 83' lang='lat' dir='ltr'><strong>urbem,</strong></span> 
     </span>
     <span class='ocr_line' id='line_1_70' title="bbox 1438 1884 2504 1942; baseline 0.001 -15"><span class='ocrx_word' id='word_1_354' title='bbox 1438 1885 1494 1927; x_wconf 87' lang='lat' dir='ltr'><strong>et</strong></span> <span class='ocrx_word' id='word_1_355' title='bbox 1547 1892 1705 1942; x_wconf 89' lang='lat' dir='ltr'><strong>supra</strong></span> <span class='ocrx_word' id='word_1_356' title='bbox 1754 1892 1958 1937; x_wconf 56' lang='lat' dir='ltr'><strong>morem,</strong></span> <span class='ocrx_word' id='word_1_357' title='bbox 1999 1884 2123 1927; x_wconf 90' lang='lat' dir='ltr'><strong>tunc</strong></span> <span class='ocrx_word' id='word_1_358' title='bbox 2175 1884 2504 1942; x_wconf 86' lang='lat' dir='ltr'><strong>consuetum,</strong></span> 
     </span>
     <span class='ocr_line' id='line_1_71' title="bbox 1433 1954 2504 2021; baseline -0.002 -16"><span class='ocrx_word' id='word_1_359' title='bbox 1433 1956 1449 1985; x_wconf 75' lang='lat'><strong>⁴</strong></span> <span class='ocrx_word' id='word_1_360' title='bbox 1463 1957 1858 2021; x_wconf 76' lang='lat' dir='ltr'><strong>conspiceretur</strong></span> <span class='ocrx_word' id='word_1_361' title='bbox 1877 1970 2031 2005; x_wconf 89' lang='lat' dir='ltr'><strong>curru</strong></span> <span class='ocrx_word' id='word_1_362' title='bbox 2050 1955 2194 2019; x_wconf 87' lang='lat' dir='ltr'><strong>equis</strong></span> <span class='ocrx_word' id='word_1_363' title='bbox 2213 1954 2342 2004; x_wconf 82' lang='lat' dir='ltr'><strong>albis</strong></span> <span class='ocrx_word' id='word_1_364' title='bbox 2349 1954 2504 2019; x_wconf 80' lang='lat' dir='ltr'><strong>junc-</strong></span> 
     </span>
     <span class='ocr_line' id='line_1_72' title="bbox 1437 2030 2504 2097; baseline 0.001 -15"><span class='ocrx_word' id='word_1_365' title='bbox 1437 2037 1492 2082; x_wconf 85' lang='lat' dir='ltr'><strong>to</strong></span> <span class='ocrx_word' id='word_1_366' title='bbox 1511 2032 1690 2083; x_wconf 89' lang='lat' dir='ltr'><strong>urbem</strong></span> <span class='ocrx_word' id='word_1_367' title='bbox 1715 2032 1977 2095; x_wconf 80' lang='lat' dir='ltr'><strong>invectus3</strong></span> <span class='ocrx_word' id='word_1_368' title='bbox 2010 2046 2194 2097; x_wconf 85' lang='lat' dir='ltr'><strong>parum</strong></span> <span class='ocrx_word' id='word_1_369' title='bbox 2218 2030 2289 2090; x_wconf 92' lang='lat' dir='ltr'><strong>id,</strong></span> <span class='ocrx_word' id='word_1_370' title='bbox 2306 2044 2409 2081; x_wconf 89' lang='lat' dir='ltr'><strong>non</strong></span> <span class='ocrx_word' id='word_1_371' title='bbox 2428 2031 2504 2083; x_wconf 88' lang='lat' dir='ltr'><strong>ci·</strong></span> 
     </span>
     <span class='ocr_line' id='line_1_73' title="bbox 1435 2106 2503 2165; baseline -0.001 -8"><span class='ocrx_word' id='word_1_372' title='bbox 1435 2110 1539 2159; x_wconf 81' lang='lat' dir='ltr'><strong>vile</strong></span> <span class='ocrx_word' id='word_1_373' title='bbox 1573 2108 1746 2165; x_wconf 85' lang='lat' dir='ltr'><strong>modo,</strong></span> <span class='ocrx_word' id='word_1_374' title='bbox 1780 2109 1872 2159; x_wconf 90' lang='lat' dir='ltr'><strong>sed</strong></span> <span class='ocrx_word' id='word_1_375' title='bbox 1908 2110 2183 2158; x_wconf 78' lang='lat' dir='ltr'><strong>humanum</strong></span> <span class='ocrx_word' id='word_1_376' title='bbox 2216 2108 2393 2164; x_wconf 79' lang='lat' dir='ltr'><strong>etism,</strong></span> <span class='ocrx_word' id='word_1_377' title='bbox 2425 2106 2503 2156; x_wconf 81' lang='lat' dir='ltr'><strong>vi·</strong></span> 
     </span>
     <span class='ocr_line' id='line_1_74' title="bbox 1435 2184 2504 2251; baseline -0.003 -15"><span class='ocrx_word' id='word_1_378' title='bbox 1435 2199 1547 2237; x_wconf 88' lang='lat' dir='ltr'><strong>sum</strong></span> <span class='ocrx_word' id='word_1_379' title='bbox 1572 2194 1672 2237; x_wconf 90' lang='lat' dir='ltr'><strong>est.</strong></span> <span class='ocrx_word' id='word_1_380' title='bbox 1735 2186 1884 2239; x_wconf 79' lang='lat' dir='ltr'><strong>Jovis</strong></span> <span class='ocrx_word' id='word_1_381' title='bbox 1906 2187 2148 2251; x_wconf 86' lang='lat' dir='ltr'><strong>Solisque</strong></span> <span class='ocrx_word' id='word_1_382' title='bbox 2171 2186 2320 2248; x_wconf 88' lang='lat' dir='ltr'><strong>equis</strong></span> <span class='ocrx_word' id='word_1_383' title='bbox 2344 2184 2504 2251; x_wconf 81' lang='lat' dir='ltr'><strong>aequi·</strong></span> 
     </span>
     <span class='ocr_line' id='line_1_75' title="bbox 1436 2261 2505 2327; baseline -0.001 -15"><span class='ocrx_word' id='word_1_384' title='bbox 1436 2263 1607 2327; x_wconf 77' lang='lat' dir='ltr'><strong>parari</strong></span> <span class='ocrx_word' id='word_1_385' title='bbox 1641 2263 1968 2326; x_wconf 85' lang='lat' dir='ltr'><strong>dictatorem,</strong></span> <span class='ocrx_word' id='word_1_386' title='bbox 1992 2263 2044 2312; x_wconf 88' lang='lat' dir='ltr'><strong>in</strong></span> <span class='ocrx_word' id='word_1_387' title='bbox 2077 2261 2379 2324; x_wconf 78' lang='lat' dir='ltr'><strong>religionem</strong></span> <span class='ocrx_word' id='word_1_388' title='bbox 2403 2261 2505 2311; x_wconf 87' lang='lat' dir='ltr'><strong>eti-</strong></span> 
     </span>
     <span class='ocr_line' id='line_1_76' title="bbox 1435 2337 2500 2403; baseline -0.003 -12"><span class='ocrx_word' id='word_1_389' title='bbox 1435 2355 1518 2391; x_wconf 79' lang='lat' dir='ltr'><strong>nm</strong></span> <span class='ocrx_word' id='word_1_390' title='bbox 1544 2338 1855 2389; x_wconf 58' lang='lat' dir='ltr'><strong>trahebant?</strong></span> <span class='ocrx_word' id='word_1_391' title='bbox 1910 2340 2019 2390; x_wconf 93' lang='lat' dir='ltr'><strong>Per</strong></span> <span class='ocrx_word' id='word_1_392' title='bbox 2043 2354 2101 2389; x_wconf 81' lang='lat' dir='ltr'><strong>se</strong></span> <span class='ocrx_word' id='word_1_393' title='bbox 2117 2337 2325 2403; x_wconf 86' lang='lat' dir='ltr'><strong>quidem</strong></span> <span class='ocrx_word' id='word_1_394' title='bbox 2343 2338 2500 2388; x_wconf 85' lang='lat' dir='ltr'><strong>etiam</strong></span> 
     </span>
     <span class='ocr_line' id='line_1_77' title="bbox 1433 2414 2502 2480; baseline -0.002 -14"><span class='ocrx_word' id='word_1_395' title='bbox 1433 2429 1557 2466; x_wconf 84' lang='lat' dir='ltr'><strong>usus</strong></span> <span class='ocrx_word' id='word_1_396' title='bbox 1578 2416 1875 2466; x_wconf 76' lang='lat' dir='ltr'><strong>lecticorum</strong></span> <span class='ocrx_word' id='word_1_397' title='bbox 1898 2414 2091 2480; x_wconf 88' lang='lat' dir='ltr'><strong>aliquid</strong></span> <span class='ocrx_word' id='word_1_398' title='bbox 2116 2415 2277 2464; x_wconf 86' lang='lat' dir='ltr'><strong>altum</strong></span> <span class='ocrx_word' id='word_1_399' title='bbox 2301 2414 2502 2478; x_wconf 86' lang='lat' dir='ltr'><strong>spirare</strong></span> 
     </span>
     <span class='ocr_line' id='line_1_78' title="bbox 1435 2492 2503 2555; baseline 0.001 -13"><span class='ocrx_word' id='word_1_400' title='bbox 1435 2493 1745 2555; x_wconf 77' lang='lat' dir='ltr'><strong>videbatur3</strong></span> <span class='ocrx_word' id='word_1_401' title='bbox 1777 2508 1893 2544; x_wconf 89' lang='lat' dir='ltr'><strong>cum</strong></span> <span class='ocrx_word' id='word_1_402' title='bbox 1912 2493 2283 2549; x_wconf 74' lang='lat' dir='ltr'><strong>honoratiores,</strong></span> <span class='ocrx_word' id='word_1_403' title='bbox 2303 2492 2503 2543; x_wconf 83' lang='lat' dir='ltr'><strong>lecticis</strong></span> 
     </span>
     <span class='ocr_line' id='line_1_79' title="bbox 1434 2569 2504 2635; baseline -0.001 -15"><span class='ocrx_word' id='word_1_404' title='bbox 1434 2571 1651 2635; x_wconf 85' lang='lat' dir='ltr'><strong>portati,</strong></span> <span class='ocrx_word' id='word_1_405' title='bbox 1672 2572 1818 2635; x_wconf 84' lang='lat' dir='ltr'><strong>quasi</strong></span> <span class='ocrx_word' id='word_1_406' title='bbox 1842 2585 1999 2635; x_wconf 90' lang='lat' dir='ltr'><strong>super</strong></span> <span class='ocrx_word' id='word_1_407' title='bbox 2020 2584 2114 2620; x_wconf 77' lang='lat' dir='ltr'><strong>ora</strong></span> <span class='ocrx_word' id='word_1_408' title='bbox 2136 2575 2192 2619; x_wconf 89' lang='lat' dir='ltr'><strong>et</strong></span> <span class='ocrx_word' id='word_1_409' title='bbox 2212 2569 2390 2633; x_wconf 80' lang='lat' dir='ltr'><strong>capita</strong></span> <span class='ocrx_word' id='word_1_410' title='bbox 2410 2569 2504 2619; x_wconf 74' lang='lat' dir='ltr'><strong>sli-</strong></span> 
     </span>
     <span class='ocr_line' id='line_1_80' title="bbox 1433 2646 2506 2710; baseline -0.002 -13"><span class='ocrx_word' id='word_1_411' title='bbox 1433 2661 1581 2697; x_wconf 89' lang='lat' dir='ltr'><strong>orum</strong></span> <span class='ocrx_word' id='word_1_412' title='bbox 1598 2648 1921 2697; x_wconf 80' lang='lat' dir='ltr'><strong>veherentur.</strong></span> <span class='ocrx_word' id='word_1_413' title='bbox 1965 2646 2097 2696; x_wconf 89' lang='lat' dir='ltr'><strong>Inde</strong></span> <span class='ocrx_word' id='word_1_414' title='bbox 2116 2646 2317 2696; x_wconf 76' lang='lat' dir='ltr'><strong>Seneca</strong></span> <span class='ocrx_word' id='word_1_415' title='bbox 2331 2647 2506 2710; x_wconf 87' lang='lat' dir='ltr'><strong>Epist.</strong></span> 
     </span>
     <span class='ocr_line' id='line_1_81' title="bbox 1434 2721 2503 2788; baseline -0.002 -13"><span class='ocrx_word' id='word_1_416' title='bbox 1434 2729 1517 2775; x_wconf 83' lang='lat'><strong>80.</strong></span> <span class='ocrx_word' id='word_1_417' title='bbox 1553 2727 1570 2755; x_wconf 90' lang='lat'>‘</span> <span class='ocrx_word' id='word_1_418' title='bbox 1596 2725 1820 2775; x_wconf 85' lang='lat' dir='ltr'><strong>Istorum</strong></span> <span class='ocrx_word' id='word_1_419' title='bbox 1842 2731 2117 2788; x_wconf 75' lang='lat' dir='ltr'><strong>personata</strong></span> <span class='ocrx_word' id='word_1_420' title='bbox 2139 2721 2364 2773; x_wconf 73' lang='lat' dir='ltr'><strong>felicitas</strong></span> <span class='ocrx_word' id='word_1_421' title='bbox 2387 2723 2503 2781; x_wconf 58' lang='lat' dir='ltr'><strong>est}</strong></span> 
     </span>
     <span class='ocr_line' id='line_1_82' title="bbox 1434 2800 2502 2866; baseline -0.003 -14"><span class='ocrx_word' id='word_1_422' title='bbox 1434 2800 1619 2866; x_wconf 87' lang='lat' dir='ltr'><strong>iuquit,</strong></span> <span class='ocrx_word' id='word_1_423' title='bbox 1644 2802 1662 2831; x_wconf 88' lang='lat'>‘</span> <span class='ocrx_word' id='word_1_424' title='bbox 1680 2814 1809 2865; x_wconf 87' lang='lat' dir='ltr'><strong>quos</strong></span> <span class='ocrx_word' id='word_1_425' title='bbox 1841 2814 1999 2864; x_wconf 88' lang='lat' dir='ltr'><strong>supra</strong></span> <span class='ocrx_word' id='word_1_426' title='bbox 2025 2800 2197 2862; x_wconf 73' lang='lat' dir='ltr'><strong>capita</strong></span> <span class='ocrx_word' id='word_1_427' title='bbox 2218 2800 2502 2863; x_wconf 87' lang='lat' dir='ltr'><strong>hominum,</strong></span> 
     </span>
     <span class='ocr_line' id='line_1_83' title="bbox 1435 2873 2505 2942; baseline 0.001 -16"><span class='ocrx_word' id='word_1_428' title='bbox 1435 2891 1700 2942; x_wconf 88' lang='lat' dir='ltr'><strong>supraque</strong></span> <span class='ocrx_word' id='word_1_429' title='bbox 1731 2875 1957 2936; x_wconf 87' lang='lat' dir='ltr'><strong>turbam,</strong></span> <span class='ocrx_word' id='word_1_430' title='bbox 1978 2875 2168 2925; x_wconf 80' lang='lat' dir='ltr'><strong>lectica</strong></span> <span class='ocrx_word' id='word_1_431' title='bbox 2189 2873 2505 2939; x_wconf 61' lang='lat' dir='ltr'><strong>suspendit?</strong></span> 
     </span>
     <span class='ocr_line' id='line_1_84' title="bbox 1438 2950 2501 3016; baseline -0.001 -12"><span class='ocrx_word' id='word_1_432' title='bbox 1438 2954 1630 3016; x_wconf 86' lang='lat' dir='ltr'><strong>Neque</strong></span> <span class='ocrx_word' id='word_1_433' title='bbox 1657 2951 1791 3002; x_wconf 90' lang='lat' dir='ltr'><strong>enim</strong></span> <span class='ocrx_word' id='word_1_434' title='bbox 1817 2950 2021 3002; x_wconf 86' lang='lat' dir='ltr'><strong>lecticae</strong></span> <span class='ocrx_word' id='word_1_435' title='bbox 2041 2950 2206 3001; x_wconf 79' lang='lat' dir='ltr'><strong>nostri</strong></span> <span class='ocrx_word' id='word_1_436' title='bbox 2231 2952 2328 3001; x_wconf 82' lang='lat' dir='ltr'><strong>aevi</strong></span> <span class='ocrx_word' id='word_1_437' title='bbox 2354 2959 2501 3003; x_wconf 82' lang='lat' dir='ltr'><strong>m&#39;ore</strong></span> 
     </span>
     <span class='ocr_line' id='line_1_85' title="bbox 1435 3028 2503 3096; baseline -0.003 -14"><span class='ocrx_word' id='word_1_438' title='bbox 1435 3038 1586 3082; x_wconf 85' lang='lat' dir='ltr'><strong>erant</strong></span> <span class='ocrx_word' id='word_1_439' title='bbox 1600 3036 1898 3096; x_wconf 75' lang='lat' dir='ltr'><strong>apparatae3</strong></span> <span class='ocrx_word' id='word_1_440' title='bbox 1922 3028 2013 3077; x_wconf 89' lang='lat' dir='ltr'><strong>sed</strong></span> <span class='ocrx_word' id='word_1_441' title='bbox 2033 3028 2175 3078; x_wconf 82' lang='lat' dir='ltr'><strong>velut</strong></span> <span class='ocrx_word' id='word_1_442' title='bbox 2191 3029 2315 3080; x_wconf 88' lang='lat' dir='ltr'><strong>lecti</strong></span> <span class='ocrx_word' id='word_1_443' title='bbox 2327 3029 2503 3088; x_wconf 68' lang='lat' dir='ltr'><strong>strati,</strong></span> 
     </span>
     <span class='ocr_line' id='line_1_86' title="bbox 1435 3105 2501 3174; baseline -0.003 -15"><span class='ocrx_word' id='word_1_444' title='bbox 1435 3110 1524 3174; x_wconf 86' lang='lat' dir='ltr'><strong>qui</strong></span> <span class='ocrx_word' id='word_1_445' title='bbox 1546 3108 1769 3158; x_wconf 88' lang='lat' dir='ltr'><strong>humeris</strong></span> <span class='ocrx_word' id='word_1_446' title='bbox 1793 3120 2058 3156; x_wconf 82' lang='lat' dir='ltr'><strong>servorum</strong></span> <span class='ocrx_word' id='word_1_447' title='bbox 2089 3105 2335 3169; x_wconf 76' lang='lat' dir='ltr'><strong>impositi,</strong></span> <span class='ocrx_word' id='word_1_448' title='bbox 2358 3118 2501 3157; x_wconf 90' lang='lat' dir='ltr'><strong>more</strong></span> 
     </span>
     <span class='ocr_line' id='line_1_87' title="bbox 1432 3181 2505 3247; baseline -0.004 -11"><span class='ocrx_word' id='word_1_449' title='bbox 1432 3185 1671 3236; x_wconf 85' lang='lat' dir='ltr'><strong>funerum</strong></span> <span class='ocrx_word' id='word_1_450' title='bbox 1688 3181 2372 3247; x_wconf 78' lang='lat' dir='ltr'><strong>nostrorum‚portebautur.</strong></span> <span class='ocrx_word' id='word_1_451' title='bbox 2394 3182 2505 3247; x_wconf 84' lang='lat' dir='ltr'><strong>Sic,</strong></span> 
     </span>
     <span class='ocr_line' id='line_1_88' title="bbox 1433 3259 2502 3330; baseline -0.003 -17"><span class='ocrx_word' id='word_1_452' title='bbox 1433 3263 1523 3330; x_wconf 90' lang='lat' dir='ltr'><strong>qui</strong></span> <span class='ocrx_word' id='word_1_453' title='bbox 1537 3261 1912 3313; x_wconf 76' lang='lat' dir='ltr'><strong>recumbebant</strong></span> <span class='ocrx_word' id='word_1_454' title='bbox 1928 3260 2097 3311; x_wconf 87' lang='lat' dir='ltr'><strong>inillis</strong></span> <span class='ocrx_word' id='word_1_455' title='bbox 2113 3259 2331 3323; x_wconf 88' lang='lat' dir='ltr'><strong>lecticis,</strong></span> <span class='ocrx_word' id='word_1_456' title='bbox 2342 3270 2502 3324; x_wconf 81' lang='lat' dir='ltr'><strong>super</strong></span> 
     </span>
     <span class='ocr_line' id='line_1_89' title="bbox 1433 3337 2499 3393; baseline -0.003 -3"><span class='ocrx_word' id='word_1_457' title='bbox 1433 3355 1528 3390; x_wconf 80' lang='lat' dir='ltr'><strong>ora</strong></span> <span class='ocrx_word' id='word_1_458' title='bbox 1547 3338 1757 3390; x_wconf 84' lang='lat' dir='ltr'><strong>aliorum</strong></span> <span class='ocrx_word' id='word_1_459' title='bbox 1778 3338 2114 3388; x_wconf 83' lang='lat' dir='ltr'><strong>vehebantur.</strong></span> <span class='ocrx_word' id='word_1_460' title='bbox 2163 3337 2379 3393; x_wconf 88' lang='lat' dir='ltr'><strong>Verum,</strong></span> <span class='ocrx_word' id='word_1_461' title='bbox 2394 3349 2499 3387; x_wconf 89' lang='lat' dir='ltr'><strong>non</strong></span> 
     </span>
     <span class='ocr_line' id='line_1_90' title="bbox 1430 3413 2499 3478; baseline -0.009 -10"><span class='ocrx_word' id='word_1_462' title='bbox 1430 3418 1599 3468; x_wconf 90' lang='lat' dir='ltr'><strong>minus</strong></span> <span class='ocrx_word' id='word_1_463' title='bbox 1623 3417 1720 3466; x_wconf 87' lang='lat' dir='ltr'><strong>hoc</strong></span> <span class='ocrx_word' id='word_1_464' title='bbox 1744 3417 1903 3466; x_wconf 84' lang='lat' dir='ltr'><strong>etiam</strong></span> <span class='ocrx_word' id='word_1_465' title='bbox 1934 3415 1996 3465; x_wconf 83' lang='lat' dir='ltr'><strong>iis</strong></span> <span class='ocrx_word' id='word_1_466' title='bbox 2022 3413 2244 3477; x_wconf 80' lang='lat' dir='ltr'><strong>contigit</strong></span> <span class='ocrx_word' id='word_1_467' title='bbox 2268 3413 2356 3478; x_wconf 89' lang='lat' dir='ltr'><strong>qni</strong></span> <span class='ocrx_word' id='word_1_468' title='bbox 2382 3424 2499 3463; x_wconf 80' lang='lat' dir='ltr'><strong>cur·</strong></span> 
     </span>
     <span class='ocr_line' id='line_1_91' title="bbox 1431 3488 2501 3543; baseline -0.003 0"><span class='ocrx_word' id='word_1_469' title='bbox 1431 3493 1574 3543; x_wconf 89' lang='lat' dir='ltr'><strong>ribus</strong></span> <span class='ocrx_word' id='word_1_470' title='bbox 1610 3492 1947 3542; x_wconf 79' lang='lat' dir='ltr'><strong>vehebantur.</strong></span> <span class='ocrx_word' id='word_1_471' title='bbox 2014 3489 2076 3539; x_wconf 93' lang='lat' dir='ltr'><strong>Id</strong></span> <span class='ocrx_word' id='word_1_472' title='bbox 2119 3497 2267 3540; x_wconf 89' lang='lat' dir='ltr'><strong>certe</strong></span> <span class='ocrx_word' id='word_1_473' title='bbox 2301 3488 2501 3540; x_wconf 79' lang='lat' dir='ltr'><strong>indicet</strong></span> 
     </span>
     <span class='ocr_line' id='line_1_92' title="bbox 1427 3565 2500 3633; baseline -0.007 -11"><span class='ocrx_word' id='word_1_474' title='bbox 1427 3570 1672 3622; x_wconf 72' lang='lat' dir='ltr'><strong>Juvenal.</strong></span> <span class='ocrx_word' id='word_1_475' title='bbox 1697 3582 1752 3620; x_wconf 77' lang='lat' dir='ltr'><strong>x.</strong></span> <span class='ocrx_word' id='word_1_476' title='bbox 1770 3573 1851 3621; x_wconf 74' lang='lat'><strong>86.</strong></span> <span class='ocrx_word' id='word_1_477' title='bbox 1868 3583 2015 3633; x_wconf 89' lang='lat' dir='ltr'><strong>seqq.</strong></span> <span class='ocrx_word' id='word_1_478' title='bbox 2038 3567 2056 3596; x_wconf 91' lang='lat'>‘</span> <span class='ocrx_word' id='word_1_479' title='bbox 2076 3566 2247 3620; x_wconf 79' lang='lat' dir='ltr'><strong>Quid?</strong></span> <span class='ocrx_word' id='word_1_480' title='bbox 2279 3567 2321 3616; x_wconf 87' lang='lat' dir='ltr'><strong>si</strong></span> <span class='ocrx_word' id='word_1_481' title='bbox 2340 3565 2500 3616; x_wconf 83' lang='lat' dir='ltr'><strong>vidis·</strong></span> 
     </span>
     <span class='ocr_line' id='line_1_93' title="bbox 1428 3645 2499 3712; baseline -0.005 -15"><span class='ocrx_word' id='word_1_482' title='bbox 1428 3656 1513 3698; x_wconf 90' lang='lat' dir='ltr'><strong>set</strong></span> <span class='ocrx_word' id='word_1_483' title='bbox 1544 3652 1818 3712; x_wconf 79' lang='lat' dir='ltr'><strong>praetor&#39;em</strong></span> <span class='ocrx_word' id='word_1_484' title='bbox 1853 3647 2092 3697; x_wconf 88' lang='lat' dir='ltr'><strong>curribus</strong></span> <span class='ocrx_word' id='word_1_485' title='bbox 2125 3645 2245 3696; x_wconf 87' lang='lat' dir='ltr'><strong>altis</strong></span> <span class='ocrx_word' id='word_1_486' title='bbox 2275 3645 2499 3694; x_wconf 82' lang='lat' dir='ltr'><strong>Exstan-</strong></span> 
     </span>
     <span class='ocr_line' id='line_1_94' title="bbox 1431 3720 2498 3785; baseline -0.004 -12"><span class='ocrx_word' id='word_1_487' title='bbox 1431 3732 1560 3785; x_wconf 86' lang='lat' dir='ltr'><strong>tem,</strong></span> <span class='ocrx_word' id='word_1_488' title='bbox 1595 3729 1650 3773; x_wconf 88' lang='lat' dir='ltr'><strong>et</strong></span> <span class='ocrx_word' id='word_1_489' title='bbox 1684 3722 1857 3772; x_wconf 88' lang='lat' dir='ltr'><strong>medio</strong></span> <span class='ocrx_word' id='word_1_490' title='bbox 1888 3721 2158 3771; x_wconf 78' lang='lat' dir='ltr'><strong>sublimem</strong></span> <span class='ocrx_word' id='word_1_491' title='bbox 2192 3721 2244 3769; x_wconf 89' lang='lat' dir='ltr'><strong>iu</strong></span> <span class='ocrx_word' id='word_1_492' title='bbox 2280 3720 2498 3782; x_wconf 84' lang='lat' dir='ltr'><strong>pulvere</strong></span> 
     </span>
     <span class='ocr_line' id='line_1_95' title="bbox 1429 3794 2574 3863; baseline -0.005 -13"><span class='ocrx_word' id='word_1_493' title='bbox 1429 3799 1579 3856; x_wconf 86' lang='lat' dir='ltr'><strong>circi,</strong></span> <span class='ocrx_word' id='word_1_494' title='bbox 1602 3799 1664 3849; x_wconf 91' lang='lat' dir='ltr'><strong>In</strong></span> <span class='ocrx_word' id='word_1_495' title='bbox 1698 3800 1873 3849; x_wconf 81' lang='lat' dir='ltr'><strong>tunica</strong></span> <span class='ocrx_word' id='word_1_496' title='bbox 1895 3797 2077 3853; x_wconf 71' lang='lat' dir='ltr'><strong>Jovis:</strong></span> <span class='ocrx_word' id='word_1_497' title='bbox 2096 3799 2196 3846; x_wconf 68' lang='grc' dir='ltr'><strong>διο.</strong></span> <span class='ocrx_word' id='word_1_498' title='bbox 2265 3794 2498 3845; x_wconf 81' lang='lat' dir='ltr'><strong>Dixitet</strong></span> <span class='ocrx_word' id='word_1_499' title='bbox 2569 3858 2574 3863; x_wconf 18' lang='grc' dir='ltr'>ἱ</span> 
     </span>
     <span class='ocr_line' id='line_1_96' title="bbox 1428 3872 2499 3944; baseline -0.007 -15"><span class='ocrx_word' id='word_1_500' title='bbox 1428 3879 1545 3944; x_wconf 88' lang='lat' dir='ltr'><strong>ipse</strong></span> <span class='ocrx_word' id='word_1_501' title='bbox 1580 3878 1782 3928; x_wconf 87' lang='lat' dir='ltr'><strong>Plinius</strong></span> <span class='ocrx_word' id='word_1_502' title='bbox 1821 3891 2000 3941; x_wconf 80' lang='lat' dir='ltr'><strong>snpra,</strong></span> <span class='ocrx_word' id='word_1_503' title='bbox 2031 3888 2175 3924; x_wconf 80' lang='lat' dir='ltr'><strong>xvu.</strong></span> <span class='ocrx_word' id='word_1_504' title='bbox 2208 3877 2256 3923; x_wconf 77' lang='lat'><strong>2.</strong></span> <span class='ocrx_word' id='word_1_505' title='bbox 2296 3873 2313 3903; x_wconf 91' lang='lat'>‘</span> <span class='ocrx_word' id='word_1_506' title='bbox 2338 3872 2499 3923; x_wconf 74' lang='lat' dir='ltr'><strong>subli-</strong></span> 
     </span>
     <span class='ocr_line' id='line_1_97' title="bbox 1430 3947 2499 4013; baseline -0.006 -9"><span class='ocrx_word' id='word_1_507' title='bbox 1430 3969 1563 4004; x_wconf 89' lang='lat' dir='ltr'><strong>mem</strong></span> <span class='ocrx_word' id='word_1_508' title='bbox 1582 3953 1772 4004; x_wconf 78' lang='lat' dir='ltr'><strong>curm-⁹</strong></span> <span class='ocrx_word' id='word_1_509' title='bbox 1825 3950 2050 4010; x_wconf 89' lang='lat' dir='ltr'><strong>Deinde,</strong></span> <span class='ocrx_word' id='word_1_510' title='bbox 2069 3947 2386 4013; x_wconf 87' lang='lat' dir='ltr'><strong>temporibus</strong></span> <span class='ocrx_word' id='word_1_511' title='bbox 2403 3949 2499 3998; x_wconf 81' lang='lat' dir='ltr'><strong>im·-</strong></span> 
     </span>
     <span class='ocr_line' id='line_1_98' title="bbox 1431 4024 2499 4096; baseline -0.006 -14"><span class='ocrx_word' id='word_1_512' title='bbox 1431 4037 1751 4096; x_wconf 80' lang='lat' dir='ltr'><strong>peratorum,</strong></span> <span class='ocrx_word' id='word_1_513' title='bbox 1772 4042 1854 4078; x_wconf 90' lang='lat' dir='ltr'><strong>res</strong></span> <span class='ocrx_word' id='word_1_514' title='bbox 1885 4026 2018 4077; x_wconf 87' lang='lat' dir='ltr'><strong>adeo</strong></span> <span class='ocrx_word' id='word_1_515' title='bbox 2043 4026 2272 4089; x_wconf 79' lang='lat' dir='ltr'><strong>vulgata,</strong></span> <span class='ocrx_word' id='word_1_516' title='bbox 2294 4030 2352 4076; x_wconf 91' lang='lat' dir='ltr'><strong>et</strong></span> <span class='ocrx_word' id='word_1_517' title='bbox 2372 4024 2499 4076; x_wconf 80' lang='lat' dir='ltr'><strong>civi·</strong></span> 
     </span>
     <span class='ocr_line' id='line_1_99' title="bbox 1432 4099 2499 4165; baseline -0.007 -8"><span class='ocrx_word' id='word_1_518' title='bbox 1432 4112 1527 4158; x_wconf 83' lang='lat' dir='ltr'><strong>bus</strong></span> <span class='ocrx_word' id='word_1_519' title='bbox 1550 4107 1704 4156; x_wconf 79' lang='lat' dir='ltr'><strong>etiam</strong></span> <span class='ocrx_word' id='word_1_520' title='bbox 1731 4102 2073 4154; x_wconf 90' lang='lat' dir='ltr'><strong>mediocribus</strong></span> <span class='ocrx_word' id='word_1_521' title='bbox 2100 4107 2356 4165; x_wconf 78' lang='lat' dir='ltr'><strong>usurpata</strong></span> <span class='ocrx_word' id='word_1_522' title='bbox 2373 4099 2499 4163; x_wconf 85' lang='lat' dir='ltr'><strong>fnit,</strong></span> 
     </span>
     <span class='ocr_line' id='line_1_100' title="bbox 1427 4177 2497 4244; baseline -0.009 -8"><span class='ocrx_word' id='word_1_523' title='bbox 1427 4183 1633 4235; x_wconf 81' lang='lat' dir='ltr'><strong>lecticis</strong></span> <span class='ocrx_word' id='word_1_524' title='bbox 1677 4182 1829 4244; x_wconf 78' lang='lat' dir='ltr'><strong>vehi3</strong></span> <span class='ocrx_word' id='word_1_525' title='bbox 1873 4187 1932 4232; x_wconf 89' lang='lat' dir='ltr'><strong>ut</strong></span> <span class='ocrx_word' id='word_1_526' title='bbox 1972 4179 2327 4240; x_wconf 86' lang='lat' dir='ltr'><strong>Domitianus,</strong></span> <span class='ocrx_word' id='word_1_527' title='bbox 2364 4177 2497 4226; x_wconf 79' lang='lat' dir='ltr'><strong>refe·</strong></span> 
     </span>
     <span class='ocr_line' id='line_1_101' title="bbox 1428 4254 2497 4316; baseline -0.009 -3"><span class='ocrx_word' id='word_1_528' title='bbox 1428 4270 1580 4313; x_wconf 86' lang='lat' dir='ltr'><strong>rente</strong></span> <span class='ocrx_word' id='word_1_529' title='bbox 1596 4262 1815 4312; x_wconf 87' lang='lat' dir='ltr'><strong>Sueton.</strong></span> <span class='ocrx_word' id='word_1_530' title='bbox 1828 4274 1878 4310; x_wconf 90' lang='lat' dir='ltr'><strong>c.</strong></span> <span class='ocrx_word' id='word_1_531' title='bbox 1892 4263 1944 4309; x_wconf 83' lang='lat'><strong>8.</strong></span> <span class='ocrx_word' id='word_1_532' title='bbox 1956 4273 2132 4309; x_wconf 79' lang='lat' dir='ltr'><strong>earum</strong></span> <span class='ocrx_word' id='word_1_533' title='bbox 2150 4271 2294 4307; x_wconf 87' lang='lat' dir='ltr'><strong>usum</strong></span> <span class='ocrx_word' id='word_1_534' title='bbox 2307 4254 2497 4316; x_wconf 79' lang='lat' dir='ltr'><strong>saltem</strong></span> 
     </span>
     <span class='ocr_line' id='line_1_102' title="bbox 1428 4331 2496 4406; baseline -0.008 -15"><span class='ocrx_word' id='word_1_535' title='bbox 1428 4344 1447 4369; x_wconf 81' lang='lat'><em>‘</em></span> <span class='ocrx_word' id='word_1_536' title='bbox 1468 4337 1734 4406; x_wconf 82' lang='lat' dir='ltr'><strong>probrosis</strong></span> <span class='ocrx_word' id='word_1_537' title='bbox 1760 4335 1967 4391; x_wconf 81' lang='lat' dir='ltr'><strong>feminis</strong></span> <span class='ocrx_word' id='word_1_538' title='bbox 1992 4331 2285 4391; x_wconf 72' lang='lat' dir='ltr'><strong>ademerit-³</strong></span> <span class='ocrx_word' id='word_1_539' title='bbox 2350 4331 2496 4384; x_wconf 79' lang='lat' dir='ltr'><strong>Quo·</strong></span> 
     </span>
    </p>
   </div>
  </div>
 </body>
</html>
