3017 4942
695 374 704 379 ·
761 373 832 428 c.
878 374 1125 429 Pmtm
1175 372 1508 426 saeuum
1560 372 1839 445 unse.
1914 374 1962 423 1.
1991 358 2101 424 54.

319 531 391 570 eo
411 516 620 570 nomine
635 513 808 583 ludos,
822 523 881 569 et
903 517 1202 585 ubieunque
1224 521 1393 569 eerta-

323 610 466 657 men,
503 594 761 660 intelligi3
802 595 939 662 quod
979 596 1140 647 etiam
1174 594 1394 653 monuit.

327 673 531 724 Quaest.
559 672 734 738 Epist.
757 685 813 722 v.
836 676 914 721 15.
941 679 998 722 et
1032 673 1204 723 Eleet.
1224 685 1289 722 ιι.
1312 675 1393 723 10.

325 749 595 799 Praeterea
626 754 683 800 et
711 749 1048 799 casaubonus
1079 747 1146 798 ad
1170 748 1391 799 Sueton-

319 825 356 874 l.
371 839 422 874 e.
439 825 680 887 tradidit,
698 824 837 888 apud
855 825 1082 876 Plinium
1100 824 1391 875 rescriben-

309 901 447 953 dum
491 916 610 951 esse
649 902 1068 952 commissionibus.
1149 901 1395 956 Dubius,

311 987 494 1031 utram
515 979 848 1044 amplectaris
865 991 1080 1041 vocem,
1113 993 1230 1028 enm
1248 985 1392 1028 utra-

319 1055 456 1106 libet
481 1057 651 1107 loenm
680 1056 869 1107 babere
892 1057 1077 1120 possit.
1142 1054 1250 1106 Sed
1272 1069 1391 1118 pos-

321 1133 573 1183 teriorem
628 1133 928 1199 lectionem,
973 1132 1394 1196 commissionibus,

319 1205 533 1259 demum
569 1209 844 1273 cellarius,
874 1210 1110 1272 Petarol,
1135 1217 1192 1260 et
1225 1225 1392 1274 nuper

316 1284 636 1337 Arntzenius
674 1294 833 1352 atque
867 1287 1136 1339 Gesnerus
1172 1300 1392 1350 recepe-

316 1370 462 1421 runt,
482 1364 646 1413 solam
670 1364 844 1415 secuti
863 1364 1219 1428 conjecturam
1251 1365 1391 1415 Livi-

309 1439 447 1497 .neii,
470 1440 660 1504 Lipsii,
682 1449 738 1491 et
761 1441 1071 1498 casauboni,
1085 1442 1226 1491 nullo
1245 1456 1390 1507 pror-

317 1530 405 1566 sus
443 1515 800 1581 adstipulante
839 1518 921 1568 vel
955 1518 1138 1568 codiee
1174 1520 1391 1583 scripto,

315 1593 405 1641 vel
426 1593 647 1658 antiqua
668 1593 914 1645 editione.
971 1594 1043 1647 At
1065 1609 1180 1645 cum
1199 1608 1296 1658 ego
1314 1597 1389 1647 sie

313 1667 616 1721 induxerim
640 1670 885 1733 animum,
905 1678 982 1733 ut,
999 1671 1170 1736 quoad
1194 1686 1260 1721 ex
1280 1673 1388 1722 vul-

307 1753 464 1809 gata,
497 1753 555 1795 et
591 1748 818 1797 omnium
851 1747 1099 1797 librorum
1131 1762 1391 1800 consensu

303 1821 629 1874 ‚confirmata
665 1824 913 1882 lectione,
952 1831 1076 1889 epta
1118 1833 1175 1875 et
1216 1825 1390 1877 Plinio

315 1901 479 1965 digua
515 1900 734 1965 prodeat
767 1903 1050 1966 sententia,
1084 1901 1277 1952 nullam
1310 1901 1388 1952 fa·

313 1979 421 2029 eile
444 1993 512 2030 ex
534 1980 647 2029 solo
668 1980 879 2043 ingenio
897 1979 1187 2045 profectam
1205 1981 1388 2033 admit·

316 2063 428 2106 tam
465 2057 834 2118 mutationem3
866 2058 1077 2108 omnino
1104 2059 1262 2109 etiam
1292 2059 1390 2110 boe

314 2133 373 2184 in
408 2134 525 2184 loeo
558 2135 820 2199 vulgatam
849 2136 1125 2186 lectionem
1155 2135 1274 2186 ideo
1305 2144 1388 2187 tn-

313 2209 507 2262 endam
537 2211 695 2263 duco.
763 2211 888 2276 Ipse
923 2212 1128 2277 Lipsius
1148 2213 1263 2277 jam
1297 2228 1389 2277 ag·

314 2289 484 2346 novit,
506 2291 688 2354 ‘posse
712 2289 919 2355 quidem
937 2290 1013 2341 sie
1030 2290 1154 2354 legi,
1172 2290 1264 2340 sed
1284 2305 1387 2348 non

313 2364 515 2416 debere
530 2364 567 2427 ς’
600 2365 652 2414 h.
671 2380 719 2416 e.
741 2367 932 2416 nullam
963 2380 1079 2416 esse
1103 2367 1387 2418 necessita·

316 2448 424 2492 tem
459 2441 613 2506 liujus
644 2443 873 2507 antiqua
898 2441 1135 2493 lectionis
1160 2457 1388 2494 eommu-

315 2519 495 2570 tandae
518 2535 637 2570 cum
658 2519 787 2582 alia3
824 2534 941 2569 nam
963 2520 1119 2569 licere
1137 2520 1294 2570 etiam
1309 2537 1385 2570 eo-

305 2596 670 2649 admissione
691 2597 919 2647 retinere
940 2604 996 2647 et
1021 2599 1156 2648 tueri
1181 2613 1197 2660 ς
1231 2604 1247 2628 4
1270 2598 1391 2662 quia

314 2673 557 2730 comedi,
578 2673 870 2737 eitharoedi,
892 2674 1109 2739 lyristae,
1131 2684 1187 2725 et
1210 2675 1262 2729 id
1295 2690 1386 2739 ge-

313 2764 428 2815 nus,
451 2753 610 2802 etiam
634 2751 824 2801 mensis
842 2750 1171 2805 oberrarint.’
1223 2753 1389 2804 Nulla

313 2840 441 2891 ergo
460 2841 584 2876 vera
606 2841 788 2877 caussa
810 2836 1054 2891 apparet,
1072 2843 1165 2878 eur
1188 2844 1285 2879 vox
1308 2845 1388 2881 eo·

311 2903 668 2954 mationibus
699 2901 765 2954 de
800 2904 1014 2968 antiqua
1043 2915 1100 2955 et
1129 2910 1387 2970 perpetua

301 2980 646 3045 ⁶possessione
663 2980 734 3031 sit
751 2979 1063 3045 dejicienda.
1112 2982 1248 3034 Hac
1263 2998 1387 3034 eon·

312 3056 706 3107 venientissime
749 3056 979 3107 eobaeret
1020 3071 1136 3108 eum
1178 3065 1388 3110 antece·

297 3135 557 3203 „dentibus
571 3141 625 3184 et
642 3133 1075 3208 subseqnentibus
1088 3135 1261 3186 verbis
1278 3135 1389 3187 Pli-

310 3213 403 3279 nii.
462 3213 752 3276 Postquam
775 3212 912 3263 enim
937 3211 1021 3262 bio
1037 3212 1262 3275 dixerat,
1277 3214 1387 3264 nul·

221 3314 228 3319 -
309 3292 418 3341 lum
442 3289 669 3340 antehae
690 3290 861 3339 locum
878 3289 1067 3340 misera
1093 3291 1389 3342 adulatione

310 3368 568 3419 mansisse
585 3380 835 3429 vacunm3
857 3366 970 3417 sine
987 3367 1168 3426 dubio,
1182 3375 1238 3419 et
1256 3368 1386 3432 pub·

274 3442 438 3508 ‘‚liea‚
470 3449 530 3493 et
563 3442 787 3508 privata,
807 3442 1069 3494 intellexit
1100 3444 1236 3495 loca.
1306 3443 1386 3495 Ad

301 3522 530 3587 publica
582 3522 697 3570 loca
741 3518 942 3570 referre
997 3520 1121 3570 lieet
1160 3522 1178 3550 4
1200 3519 1389 3585 ludos,’

308 3599 437 3662 <sub
469 3596 660 3662 quibus
689 3595 846 3647 etiam
875 3596 1245 3660 comprehendi
1270 3613 1388 3661 pos·

309 3680 435 3725 sunt
454 3675 471 3703 4
496 3670 946 3737 commissiones,’)
967 3673 983 3702 ‘
999 3673 1301 3725 histriones’
1333 3675 1385 3725 in

309 3765 492 3816 scena,
512 3757 569 3802 et
590 3749 608 3779 ‘
629 3749 813 3800 laudes
832 3764 864 3799 a
887 3751 1102 3801 consule
1116 3753 1131 3777 ⁹
1157 3751 1208 3801 in
1240 3751 1389 3802 curia

309 3829 518 3880 dietasz
561 3828 628 3879 ed
670 3829 895 3892 privata,
933 3825 951 3855 ‘
972 3827 1386 3892 comissationes,

311 3913 367 3956 et
390 3907 584 3972 pocula
600 3904 637 3967 ς’
665 3904 731 3954 ad
755 3909 1031 3969 utrumque
1048 3905 1278 3956 locorum
1297 3919 1387 3971 ge-

310 4002 428 4046 nus,
450 3995 467 4018 4
492 3985 820 4038 effeminatas
852 3998 1029 4046 voces,
1052 3985 1249 4042 modos,
1272 4000 1386 4049 ges·

312 4060 443 4125 tus;’
475 4064 600 4126 quia
639 4059 934 4116 citharoedi,
970 4060 1191 4123 lyristae,
1227 4062 1387 4117 mimi,

313 4146 371 4189 et
389 4139 442 4189 id
467 4152 652 4203 genus,
674 4137 831 4188 etiam
856 4136 906 4185 in
927 4137 1156 4188 triclinia
1176 4138 1386 4189 admissi

315 4222 452 4273 sunt,
490 4221 643 4281 prout
681 4214 1031 4263 demonstravi
1071 4213 1125 4264 in
1160 4216 1384 4266 Excurs.

315 4304 446 4347 xtv.
482 4293 500 4322 ‘
521 4288 952 4344 Commissiones’
979 4296 1157 4342 antem
1186 4292 1254 4342 ad
1276 4291 1293 4320 ‘
1308 4293 1386 4344 lu·

2394 355 2534 427 ’775

1467 513 1595 567 dos'
1622 516 1960 583 pertinuisse,
1979 521 2037 568 et
2070 515 2169 569 snb
2195 516 2275 569 bis
2297 530 2534 582 eompre-

1466 594 1625 646 hendi
1646 597 1898 661 potuisse,
1920 609 2073 646 nemo
2085 594 2210 660 jure
2233 597 2533 660 negaverit:

1465 672 1591 736 quia
1618 672 1904 722 certamina
1931 684 2033 722 non
2057 678 2257 721 tantum
2280 671 2535 735 gladiato-

1463 761 1580 799 rum
1612 756 1670 798 et
1698 749 2028 806 athletarum,
2052 747 2145 798 sed
2168 748 2324 798 etiam
2352 746 2533 813 poeta·

1464 839 1581 876 rum
1610 832 1669 876 et
1693 832 1978 886 oratorum,
2002 824 2212 890 publice
2241 839 2448 890 qnoque
2470 826 2532 875 in

1467 904 1677 955 theatro
1708 910 1766 954 et
1793 903 2174 966 amphitheatro
2194 901 2533 953 institueban-

1469 987 1570 1032 tur.
1638 980 1705 1030 ld
1726 981 1841 1045 ipse
1861 980 2056 1030 indicat
2077 979 2216 1029 Plin.
2236 978 2403 1043 Epist.
2428 991 2535 1029 vn.

1464 1061 1550 1107 24.
1595 1053 1614 1083 ‘
1639 1056 1900 1108 Proximis
1934 1054 2344 1106 sacerdotalibus
2376 1054 2531 1112 ludis,

1467 1133 1737 1199 productis
1778 1134 1832 1183 in
1875 1134 2234 1184 commissione
2276 1134 2535 1198 pantomi-

1466 1210 1584 1274 mis,
1606 1224 1726 1261 eum
1759 1209 1912 1260 simul
1940 1210 2145 1261 theatro
2172 1224 2290 1273 ego,
2312 1217 2368 1258 et
2392 1210 2533 1261 Qus-

1464 1287 1664 1351 dratns,
1699 1287 2084 1353 egrederemur,
2114 1290 2190 1337 ait
2221 1288 2364 1349 mibi,
2400 1288 2533 1351 Seis,

1465 1380 1550 1416 me
1582 1365 1736 1417 bodie
1773 1365 1992 1430 primum
2029 1364 2217 1416 vidisse
2251 1365 2533 1416 saltantem

1465 1444 1600 1493 aviae
1640 1457 1769 1493 meas
1811 1442 2054 1493 libertum
2075 1440 2110 1492 ?’
2197 1440 2362 1492 Sicuti
2403 1454 2534 1506 ergo

1467 1520 1773 1572 vocabulum
1807 1518 2229 1581 commutacionem,
2265 1519 2307 1568 si
2344 1519 2534 1583 reeipig

1463 1604 1601 1656 atur,
1645 1595 1758 1647 fere
1806 1595 2124 1662 superfluum
2175 1595 2314 1646 foret
2338 1610 2356 1656 ς
2411 1611 2532 1646 eum

1463 1679 1482 1704 4
1504 1671 1924 1724 commissiones'
1955 1674 2067 1737 jam
2105 1671 2312 1722 nomine
2346 1673 2361 1699 4
2385 1671 2532 1723 ludo-

1464 1750 1615 1802 rum’
1654 1759 1712 1802 et
1750 1750 2101 1801 ‘ludicrarum
2141 1746 2365 1799 artium’
2403 1748 2532 1798 satis

1464 1829 1843 1895 designentur3
1875 1829 1955 1878 ita
1988 1825 2242 1877 vocabulo
2261 1825 2533 1874 contiuua-

1459 1906 1648 1969 onibns,
1688 1905 1952 1969 peculiare
1997 1917 2162 1968 genus
2201 1902 2533 1965 adulationis,

1463 1983 1602 2049 quod
1628 1975 1945 2047 potissimum
1964 1980 2017 2031 in
2041 1981 2258 2045 privatis
2280 1979 2405 2029 loeis
2424 1978 2534 2029 fre·

1463 2064 1770 2125 quentatum
1792 2057 1914 2116 fnit,
1931 2056 2231 2119 denotatur,
2247 2062 2406 2122 atque
2429 2057 2536 2106 lee-

1462 2137 1668 2189 toribus
1704 2141 1982 2187 revocatur
2016 2134 2071 2184 in
2109 2140 2358 2185 mentem.
2389 2134 2407 2163 ‘
2432 2133 2533 2184 Co·

1464 2212 1693 2264 misseri'
1718 2213 1854 2264 enim
1872 2213 2084 2277 proprie
2103 2211 2396 2276 dicebatur,
2411 2218 2534 2276 post

1465 2305 1665 2341 ooenam
1693 2289 1898 2353 epulari
1920 2297 1975 2340 et
2003 2295 2205 2352 potare.
2272 2288 2433 2351 Nam,
2453 2301 2534 2338 se·

1463 2367 1691 2418 eundum
1716 2368 1963 2429 Festum,[
1979 2366 2075 2416 boe
2097 2365 2313 2415 verbum
2337 2364 2535 2415 dieitur

1461 2459 1495 2494 a
1512 2445 1654 2507 vicis,
1670 2459 1797 2510 quos
1814 2444 1987 2495 Groeoi
2007 2442 2188 2506 κώμους
2204 2441 2402 2492 dieunt.
2431 2448 2447 2472 4
2463 2440 2535 2491 In

1459 2521 1543 2571 his
1571 2521 1750 2583 enim,’
1777 2521 1964 2586 inquit,
1987 2522 2002 2550 4
2025 2519 2334 2570 babitabant
2365 2519 2535 2582 prins,

1433 2588 1617 2664 'quam
1648 2597 1806 2662 opida
1838 2597 2218 2650 conderenturt
2255 2596 2441 2661 quibus
2476 2596 2532 2644 in

1462 2673 1590 2724 loeis
1623 2675 1711 2724 alii
1743 2673 1883 2737 alios
1893 2672 2115 2724 convivii
2141 2684 2324 2722 esussa
2346 2671 2533 2721 invita-

1464 2748 1630 2800 bant.’
1693 2750 1845 2803 Unde
1868 2750 1937 2800 ab
1958 2750 2021 2799 iis
2047 2747 2418 2814 grammaticis,
2439 2747 2531 2813 qui

1463 2828 1678 2878 Festum
1709 2834 2015 2893 sequuntur,
2037 2824 2287 2876 scribitur
2307 2823 2327 2853 4
2348 2823 2535 2875 comis-

1461 2901 1646 2966 satio;'
1678 2918 1796 2969 qna
1827 2917 1929 2955 vox
1963 2901 2090 2952 alias
2120 2901 2172 2950 in
2200 2898 2411 2964 seriptis
2442 2912 2536 2948 ex·

1462 2982 1701 3047 ensisque
1723 2979 1867 3030 libris
1888 2992 2028 3043 saepe
2046 2977 2202 3028 etiam
2221 2976 2536 3041 exprimitur

1463 3062 1481 3088 4
1499 3057 1847 3117 comessatio:
1873 3056 2019 3122 quasi
2054 3072 2085 3106 a
2104 3060 2121 3087 4
2141 3053 2445 3117 eomesnm‚'
2474 3060 2535 3105 et

1462 3148 1496 3186 a
1525 3136 1693 3191 verbo
1708 3142 1731 3166 ⁴
1746 3130 1999 3186 comedo-⁹
2060 3132 2338 3197 sigillatim
2359 3136 2535 3181 antem

1464 3212 1484 3242 4
1499 3208 1944 3265 comissationem’
1965 3210 2164 3262 dietam
2186 3224 2301 3260 esse
2323 3223 2537 3273 compo-

1463 3291 1716 3341 tationem
1753 3305 1786 3340 a
1818 3303 1987 3352 coena,
2016 3302 2086 3339 ex
2120 3294 2353 3338 veterum
2389 3286 2536 3337 testi-

1464 3367 1652 3418 moniis
1687 3368 1870 3433 liquet.
1938 3367 2156 3417 Sueten.
2184 3366 2345 3416 Vitel-
2375 3379 2423 3415 e.
2450 3368 2535 3414 1³.

1464 3443 1481 3471 4
1507 3444 1613 3495 Sed
1643 3445 1727 3496 vel
1758 3443 2023 3508 praecipue
2054 3442 2270 3495 luxuriae
2292 3441 2539 3491 saevitim-

1461 3537 1565 3588 que
1586 3520 1815 3579 deditus,
1832 3521 2016 3584 epulas
2042 3518 2290 3569 trifariam
2309 3530 2534 3580 semper,

1464 3599 1729 3651 interdum
1746 3597 2142 3666 quadrifariam,
2157 3594 2536 3658 dispertiebat:

1463 3677 1517 3727 in
1529 3676 1821 3742 jentacula,
1837 3681 1895 3725 et
1913 3672 2150 3739 prandia,
2166 3679 2222 3724 et
2240 3686 2434 3732 coenas,
2448 3684 2535 3720 oo-

1463 3750 1931 3817 missationesque?
1986 3749 2073 3801 ct'.
2094 3749 2231 3799 idem
2255 3748 2308 3798 in
2332 3748 2535 3799 Domit.

1462 3845 1511 3882 c.
1530 3834 1614 3881 21.
1668 3826 1752 3879 Ad
1775 3825 2069 3891 hujusmodi
2091 3824 2534 3889 compotationem

1463 3922 1496 3957 a
1518 3919 1668 3956 coena
1690 3904 1849 3954 etiam
1875 3900 2166 3966 respexisse
2190 3900 2395 3950 videtur
2414 3899 2534 3949 Vir-

1464 3984 1635 4048 gilius,
1660 3982 1745 4033 ubi
1772 3979 1995 4031 Didonis
2022 3978 2314 4029 convivium
2338 3978 2534 4028 deseri-

1461 4060 1564 4120 bit,
1599 4059 1716 4109 AEn.
1750 4072 1792 4109 1.
1832 4060 1949 4107 ⁷24.
1995 4055 2011 4083 4
2036 4055 2322 4119 Postquam
2365 4054 2536 4118 prima

1462 4137 1611 4202 quies
1630 4134 1822 4198 epulis,
1834 4145 2129 4196 mensaeque
2145 4137 2384 4195 remotae3
2407 4130 2536 4181 Cra-

1461 4220 1606 4263 teras
1635 4225 1851 4275 magnos
1881 4215 2137 4271 statuunt,
2159 4215 2217 4258 et
2242 4207 2359 4258 vina
2387 4221 2537 4257 eoro-

1459 4288 1627 4347 nam-⁹
1705 4286 1794 4341 Ad
1829 4302 1945 4355 qum
1979 4285 2138 4338 verba
2170 4285 2388 4336 Servius
2422 4284 2536 4337 baec
