3017 4942
761 402 826 452 c.
875 401 1123 453 PLth
1173 400 1507 454 suenum
1566 405 1840 459 rause.
1917 391 2107 458 1.16.

387 545 683 611 δίκαιοι-α]
730 547 1079 599 Romanorum
1138 549 1395 599 vincenti-

328 638 411 678 am
433 640 449 684 ς
470 623 767 683 cadentium
781 639 1137 689 caesorumque
1151 624 1397 684 bostium3

324 699 659 763 fugientium,
724 701 1125 764 insequentium,
1193 701 1395 751 urbium

325 783 761 840 oppugnatarum,
816 776 1167 837 defensatum,
1210 784 1393 840 capta·

326 868 462 915 rum,
486 861 737 915 natarum,
757 855 1066 905 excisarum.
1136 854 1395 904 Videatur

326 927 560 992 Appiau.
583 930 675 979 lib.
699 943 764 979 ιι.
789 931 943 980 Rem.

390 1006 490 1057 Sea
534 1007 895 1071 Imperatorem]
954 1006 1053 1056 Sea
1095 1007 1392 1070 Imperatore

325 1083 498 1133 Lirin.
568 1085 750 1133 Malim
777 1085 1136 1148 Imperatorem,
1173 1091 1228 1133 et
1252 1099 1394 1147 mox,

319 1165 662 1224 reportantem,
703 1161 1134 1212 distinctiunculis
1177 1162 1391 1212 mutatis

324 1241 536 1294 leviter.
553 1242 691 1305 Lips.

388 1318 735 1381 Imperatorem
756 1350 771 1367 .
787 1351 802 1367 .
818 1351 832 1367 .
851 1316 1193 1382 reportantem]
1239 1318 1393 1368 Hanc

320 1392 625 1458 lectionem,
646 1409 761 1459 quae
773 1395 880 1458 jam
908 1396 1082 1457 Lipsio
1104 1403 1316 1445 venerat
1340 1395 1391 1444 in

320 1478 577 1533 mentem,
618 1469 928 1520 confirmant
964 1485 1148 1521 novem
1185 1471 1392 1521 codices

320 1547 456 1597 Mss.
479 1549 607 1596 item
628 1549 760 1598 liber
783 1548 1085 1610 Vossianus,
1099 1556 1153 1598 et
1170 1555 1391 1613 uterque

322 1624 631 1686 Gudianus;
671 1623 993 1690 eandemque
1024 1625 1136 1689 jam
1177 1625 1394 1674 edidere

319 1702 692 1765 Cuspiniauus,
725 1703 1110 1766 Berneggerus,
1133 1708 1189 1752 et
1211 1702 1391 1752 Hack·

317 1779 420 1828 ius.
459 1780 540 1828 Ex
564 1780 865 1844 conjectura
880 1780 953 1829 ita
976 1780 1248 1843 legendum
1272 1794 1391 1830 cen·

319 1857 429 1906 suit
470 1856 724 1907 Boiu-ius:
770 1857 1111 1921 Imperatorem
1143 1873 1302 1907 veram
1338 1872 1395 1907 ae

318 1933 525 1983 solidam
565 1934 774 1995 gloriam
814 1939 1152 1997 reportantem,
1180 1935 1267 1984 lioe
1301 1939 1394 1995 est,

315 2016 643 2074 reportantem
668 2026 852 2073 pacem,
877 2013 1296 2075 tranquillitatem,
1310 2015 1393 2076 850.

319 2088 434 2138 Alii
462 2091 622 2152 vulgo
655 2089 864 2144 babent,
899 2089 1188 2151 Imperatore
1235 2105 1397 2140 ueram

315 2181 378 2218 ac
422 2166 623 2215 solidam
659 2164 866 2227 gloriam
902 2170 1189 2230 reportante.
1258 2168 1393 2221 Qum

320 2243 550 2307 vulgaris
574 2242 734 2292 lectio
767 2243 810 2292 si
841 2243 926 2292 cui
961 2242 1122 2306 magis
1146 2244 1394 2309 arrideat,

317 2318 494 2369 minus
520 2319 841 2369 reluctabar.
874 2320 1118 2370 Schwarz.

388 2395 738 2459 Reportautem
764 2410 942 2459 pacem,
968 2394 1392 2459 tranquillitatem]

317 2473 622 2536 Reportaute
639 2474 1054 2536 tranquillitatem.
1111 2474 1213 2522 Sed
1232 2488 1392 2537 repor-

313 2556 455 2599 tante
475 2564 660 2613 pacem,
683 2550 1080 2612 tranquillitatem
1103 2549 1161 2599 C.
1201 2550 1363 2600 Lirin.

386 2627 586 2682 Pacem,
608 2626 1033 2690 tranquillitatem]
1067 2627 1395 2677 Vocabulum

306 2719 499 2768 pacem,
521 2720 588 2753 ex
607 2704 832 2753 editione
848 2702 1237 2753 vindobonensi
1264 2705 1393 2754 Cus-

311 2781 539 2844 piniaui,
559 2779 968 2830 Francofurtana
987 2780 1220 2839 Gruteri,
1238 2782 1401 2837 Plan·⁸

313 2857 524 2911 tiniana
558 2855 746 2919 Lipsii,
782 2855 1114 2906 Salutariensi
1155 2857 1392 2921 Tanaqu.

312 2935 498 2990 Fabri,
530 2932 966 2995 Argentoratensi
999 2940 1059 2997 et
1079 2933 1390 2997 Lugdunen-

314 3013 361 3063 si
404 3012 754 3075 Berneggeri,
798 3010 1130 3072 admisimus3
1175 3025 1242 3059 ex
1276 3012 1390 3062 aliis

316 3104 443 3139 vero
481 3089 626 3140 libris
658 3088 922 3151 impressis
947 3096 1002 3137 et
1026 3088 1232 3151 scriptis
1254 3088 1391 3138 idem

314 3167 433 3217 fere
473 3168 673 3218 exulat.
742 3169 863 3219 Non
901 3174 1072 3217 tamen
1102 3174 1183 3217 est
1211 3180 1388 3230 super·

318 3243 482 3294 fluum
503 3262 519 3304 ;
557 3258 675 3294 cum
708 3250 762 3292 et
788 3243 853 3292 ad
879 3257 1149 3292 numerum
1173 3243 1392 3292 oratori·

318 3337 405 3371 um
431 3320 748 3383 explendum
772 3318 962 3381 facian
998 3334 1091 3369 nec
1115 3335 1246 3375 raro,
1273 3334 1391 3370 cum

318 3397 576 3448 vocabulo
597 3396 988 3460 tranquillitatis,
1008 3396 1058 3446 in
1084 3412 1186 3446 uno
1208 3397 1391 3447 verbo-

317 3487 433 3523 rum
459 3474 656 3524 ambitu
686 3475 1039 3539 conjunctum,
1071 3473 1228 3523 etiam
1252 3474 1391 3538 apud

317 3551 449 3598 alios
509 3548 759 3614 probatos
804 3551 1087 3611 scriptores
1131 3558 1392 3602 occurrat.

319 3625 409 3674 Ita
435 3626 668 3689 loquitur
690 3625 799 3674 Cic.
824 3625 887 3674 ad
912 3625 982 3676 Q,
1008 3625 1067 3674 F.
1095 3638 1134 3674 1.
1157 3629 1202 3674 l.
1238 3629 1254 3655 ‘
1274 3626 1392 3676 Tibi

317 3705 446 3754 data
481 3711 564 3752 est
607 3717 808 3755 summa
847 3717 970 3765 pax,
1007 3717 1208 3752 summa
1250 3711 1390 3753 tran·

316 3777 591 3845 quinitas!
627 3781 698 3829 Et
722 3779 774 3828 in
800 3780 955 3830 Orat.
980 3787 1163 3830 contra
1187 3780 1333 3831 Ruu.
1351 3794 1399 3837 1.,

314 3862 365 3907 8.
389 3857 543 3906 simul
569 3855 702 3905 dicit
738 3855 754 3883 ‘
771 3870 1019 3905 summam
1045 3857 1389 3920 tranquillita-

319 3942 424 3982 tem
462 3932 606 3996 pacis
639 3939 799 3995 atque
825 3930 957 3981 otii.’
991 3932 1125 3982 Item
1159 3932 1274 3993 Liv.
1302 3934 1390 3983 lib.

317 4025 521 4062 xxxtv.
547 4015 597 4061 7.
641 4012 657 4040 ‘
676 4008 761 4060 Ad
786 4013 1030 4075 conjuges
1050 4019 1249 4062 tautum
1273 4028 1389 4063 nos·

317 4096 423 4138 tras
459 4090 604 4153 pacis
643 4096 700 4138 et
736 4089 1122 4154 tranquillitatis
1159 4090 1388 4154 publica

315 4166 517 4218 fructus
543 4181 647 4219 nou
673 4165 1001 4230 perveniet?
1031 4167 1271 4219 Schwarz.

385 4245 502 4294 Tam
544 4242 788 4307 confessa]
837 4243 944 4292 Pro
989 4245 1237 4307 particula
1269 4251 1388 4308 tant,

317 4325 470 4374 tantm
493 4321 747 4372 habente
776 4317 1044 4370 codicibus
1074 4320 1205 4371 Mss.
1239 4321 1387 4373 Vati·
1419 4312 1423 4316 ’

2402 396 2534 462 501

1472 563 1634 600 canus
1655 550 1722 601 R.
1745 549 1813 601 A.
1838 554 1985 602 1475.
2030 552 2357 611 parisiensis,
2373 554 2538 607 Guel-

1468 627 1837 691 pherbytauus,
1875 635 1930 678 et
1965 627 2099 679 liber
2128 631 2445 682 Vosslanus:
2482 635 2537 684 in

1467 702 1612 752 libris
1638 704 1859 767 excusis,
1888 705 2193 764 Beroaldus,
2213 705 2539 764 Aldus-,Jun-

1468 787 1544 836 ta,
1588 779 1941 844 Philomusus,
1981 783 2288 840 Cratander,
2337 784 2539 835 Rhena-

1465 872 1581 920 nus,
1615 858 1899 923 Gryphius,
1936 860 2235 917 Ascensius,
2273 861 2338 911 R.
2372 868 2428 911 et
2462 862 2535 913 H.

1466 933 1741 997 Stephani,
1759 936 2038 998 Livineius,
2051 938 2402 1000 Boxltoruins,
2418 939 2541 988 Cel-

1467 1010 1641 1061 larius·
1667 1010 1985 1062 Particulam
2012 1018 2198 1064 tautum
2217 1014 2429 1063 exbibet
2453 1028 2541 1063 co-

1465 1086 1570 1136 dex
1598 1088 1833 1138 Venetus
1851 1106 1869 1151 3
1890 1092 2079 1141 tandem
2098 1091 2267 1140 Paulli
2283 1091 2541 1161 Stephani

1466 1164 1644 1214 editio.
1700 1166 1833 1218 Quae
1880 1181 2005 1217 vero
2050 1177 2213 1218 terum
2261 1170 2538 1233 particula

1465 1241 1634 1291 minus
1676 1240 2003 1294 satisfaciunt
2036 1258 2224 1293 nexum
2260 1245 2538 1295 verborum

1466 1318 1786 1383 respicienti.
1837 1320 2056 1371 Nescias
2090 1322 2244 1383 enim,
2275 1322 2416 1373 unde
2450 1323 2545 1373 de·

1464 1393 1694 1457 pendeat
1730 1397 1989 1458 particula
2024 1397 2271 1448 caussalis
2305 1404 2377 1455 at,
2417 1414 2538 1450 cum

1467 1471 1627 1521 verbo
1654 1472 1794 1522 modi
1828 1474 2178 1536 conjunctivi;
2216 1490 2333 1525 cum
2367 1477 2542 1538 potius

1466 1557 1803 1613 expectasses
1823 1548 2133 1600 infinitivum
2159 1566 2275 1601 cum
2301 1566 2424 1602 casu
2450 1567 2541 1604 ac-

1466 1626 1700 1677 cusandi.
1768 1626 1943 1690 Igitur
1998 1628 2176 1692 recepi
2233 1629 2541 1693 particulam

1466 1708 1586 1765 tam,
1610 1719 1761 1768 quam
1788 1704 1981 1755 rectius
2003 1705 2240 1769 sequitur
2269 1706 2352 1754 illa
2378 1707 2543 1769 parti-

1466 1780 1582 1829 cula
1603 1785 1654 1829 ut
1672 1795 1695 1837 ,·
1732 1782 1765 1829 i.
1796 1794 1844 1829 e.
1865 1784 1963 1829 tam
1982 1781 2190 1840 confessa
2210 1787 2257 1831 et
2283 1782 2541 1842 manifesta

1467 1858 1675 1909 hostiam
1717 1858 1959 1923 obsequia,
2001 1865 2057 1909 at
2100 1873 2193 1908 noa
2236 1874 2353 1922 opus
2380 1860 2544 1920 suerit

1466 1935 1699 1985 debellare
1719 1940 1768 1984 et
1797 1936 1985 1984 vincere
2006 1950 2280 1998 quemquam
2307 1936 2548 1998 populum.

1469 2011 1591 2061 Hoc
1624 2019 1799 2060 autem
1833 2011 2001 2075 ipsum
2037 2010 2341 2061 adverbium
2371 2010 2543 2061 inten-

1469 2087 1650 2150 dendi,
1685 2093 1802 2150 tam,
1832 2089 1941 2151 jam
1966 2087 2244 2151 prodidere
2268 2089 2539 2152 Cuspinia·

1470 2177 1583 2226 nus,
1618 2164 1846 2227 Lipsius,
1878 2164 2081 2229 Tanaq.
2118 2163 2307 2219 Faber,
2344 2164 2542 2215 Grute-

1469 2255 1574 2297 rus,
1599 2241 1983 2304 Berneggerus,
1999 2242 2144 2290 Dela
2162 2241 2363 2305 Baune,
2378 2241 2540 2290 Ceva.

1469 2316 1623 2367 Idem
1648 2322 1814 2366 ratum
1853 2331 1966 2366 esse
2005 2317 2184 2366 volunt
2208 2324 2431 2381 quatuor
2454 2333 2541 2369 co·

1469 2393 1614 2443 dices
1638 2393 1900 2456 Vaticani,
1924 2402 2122 2455 noster,
2155 2401 2212 2443 et
2247 2394 2382 2442 alter
2403 2393 2540 2443 liber

1470 2470 1763 2522 Gudianus.
1811 2472 2008 2521 Plinius
2034 2478 2208 2520 autem
2230 2470 2444 2531 confessa
2457 2472 2537 2519 ob·

1468 2548 1631 2611 sequia
1654 2549 1920 2607 παθητικῶς
1950 2546 2104 2608 dixit,
2127 2548 2273 2609 quasi
2298 2545 2539 2597 manifes-

1469 2630 1525 2673 ta
1544 2633 1598 2674 et
1622 2632 1768 2675 certa
1789 2622 2058 2687 obsequia,
2089 2638 2206 2687 quae
2232 2623 2334 2686 ipsi
2363 2624 2544 2673 hostes

1473 2701 1681 2764 publice
1716 2698 2058 2762 confitentur,
2081 2708 2240 2763 atque
2267 2707 2546 2752 testantur.

1470 2780 1592 2831 Hoc
1628 2780 1765 2829 euim
1803 2778 2131 2842 participium
2174 2786 2545 2828 annumeratur

1470 2855 1557 2916 iis,
1578 2871 1692 2920 quae
1716 2860 1773 2903 et
1796 2852 1967 2903 active
1992 2861 2047 2902 et
2067 2853 2269 2915 passive
2287 2869 2538 2918 usurpau-

1471 2943 1574 2985 tur.
1642 2934 1730 2984 Sic
1753 2940 1807 2982 et
1833 2933 1951 2984 Cic.
1978 2933 2182 2982 locutus
2206 2939 2285 2982 est
2310 2932 2361 2982 in
2387 2932 2543 2982 Verr.

1469 3025 1560 3060 ιιι.
1582 3015 1664 3060 56.
1700 3011 1715 3038 ‘
1733 3010 1808 3060 Ut
1840 3023 2020 3059 omnes
2045 3007 2361 3072 intelligant,
2382 3024 2545 3075 qnam

1468 3087 1779 3152 improbam,
1814 3100 1962 3151 quam
2000 3084 2348 3150 manifestam,
2386 3102 2542 3151 quam

1469 3162 1760 3215 confessam
1784 3178 1913 3225 rem,
1930 3164 2150 3226 pecunia
2174 3163 2429 3214 redimere
2453 3178 2541 3214 co·

1470 3241 1694 3293 neutur.’
1760 3242 1898 3292 Item
1925 3242 2127 3292 Plinius
2152 3243 2348 3306 Major,
2370 3255 2432 3292 tt·
2461 3247 2540 3295 12.

1468 3326 1482 3349 ⁶
1506 3319 1660 3370 Nunc
1705 3317 1937 3369 confessa
1981 3318 2046 3367 de
2083 3318 2264 3369 iisdem
2304 3320 2540 3369 breviter

1469 3403 1629 3460 atque
1664 3395 1990 3460 capitulatim
2032 3394 2322 3460 attingam?
2387 3397 2540 3447 Solet

1468 3475 1625 3527 etiam
1646 3473 2050 3536 Quinctilianus,
2067 3481 2366 3536 praeceptor
2379 3473 2542 3525 Plinii

1465 3551 1719 3613 Junioris,
1760 3548 1977 3598 eandem
2015 3550 2280 3599 notionem
2325 3550 2540 3614 partici-

1469 3628 1554 3691 pio
1579 3631 1594 3655 ‘
1615 3624 1882 3675 confessus
1899 3623 1914 3646 ’
1936 3623 2209 3688 subjicere.
2254 3624 2436 3675 Instit.
2462 3624 2540 3675 O·

1468 3711 1567 3755 rat.
1604 3718 1658 3754 v.
1690 3708 1773 3755 14.
1807 3701 2123 3763 ‘Ceterum,’
2159 3701 2348 3766 inquit,
2386 3709 2400 3730 ⁴
2422 3703 2540 3752 haec

1466 3781 1756 3846 propositio
1790 3787 1881 3834 aut
1911 3777 2146 3829 confessa
2177 3787 2277 3842 est,
2302 3785 2393 3829 aut
2416 3793 2546 3845 proq

1464 3856 1671 3908 banda-⁹
1738 3857 1810 3906 Et
1841 3855 2028 3904 ibidem
2055 3855 2228 3919 paullo
2250 3861 2388 3918 post,
2429 3862 2444 3884 ‘
2464 3854 2546 3919 in-⁸

1466 3933 1701 3984 dubitata
1741 3932 2017 3994 colligunt,
2056 3938 2110 3981 et
2151 3931 2381 3994 probant
2414 3945 2537 3982 cou-

1464 4007 1642 4059 fessa.’
1698 4007 1777 4057 Ac
1814 4007 2106 4057 Declamat.
2139 4020 2324 4058 cccxi.
2361 4008 2377 4037 ‘
2399 4009 2538 4057 Con-

1465 4083 1657 4148 fessis,’
1695 4084 1728 4154 i,
1753 4099 1802 4133 e.
1828 4081 2139 4147 manifestis,
2175 4085 2191 4112 ‘
2214 4084 2544 4148 argumentis-

1463 4161 1742 4213 ostendere
1760 4159 1908 4209 volo.'
1942 4158 2209 4217 Ceterum,
2226 4174 2416 4222 magna
2436 4163 2537 4209 uti-

1464 4253 1567 4304 que
1591 4243 1671 4288 est
1707 4236 2039 4301 imperatoris
2076 4236 2334 4301 gloria„si
2357 4236 2535 4303 bostes

1462 4329 1527 4366 eo
1550 4314 1877 4380 redigantur,
1911 4318 1972 4364 ut
2005 4313 2281 4380 imperium
2304 4312 2419 4377 eius
2445 4326 2538 4377 ag·
