3017 4942
486 374 662 442 1016

485 535 723 587 omnibns
746 535 934 588 ceteris
956 535 1221 601 impressis
1238 538 1552 602 exemplari-

486 615 586 664 bus
623 615 811 665 omissa
844 621 984 676 sunt,
1019 628 1182 677 usque
1218 614 1283 664 ad
1318 621 1556 678 tempora

488 689 652 754 Lipsii
699 698 755 739 et
800 690 1035 748 Gruteri,
1081 692 1169 756 qui
1216 691 1386 754 primi,
1431 698 1554 754 post

487 764 879 828 Cuspinimum,
898 780 960 813 ea
981 772 1313 828 receperunt.
1335 767 1552 830 Nequeo

486 838 767 904 dispicere,
813 839 937 904 quid
977 841 1297 891 occasionem
1341 840 1553 892 dederit

483 915 562 964 his
586 915 909 978 omittendis,
933 932 1051 981 qnae
1088 918 1295 967 omnino
1315 931 1550 968 necessa-

483 993 560 1042 ria
584 1001 705 1043 sunt
739 992 804 1043 ad
829 994 1137 1058 explendam
1163 995 1321 1045 Plinii
1345 1003 1550 1045 senten·

483 1072 626 1122 tiam.
694 1074 815 1122 Non
853 1078 1047 1136 praeter
1078 1088 1312 1123 caussam
1351 1072 1552 1137 profes·

483 1162 568 1199 sus
602 1156 685 1200 est
724 1149 950 1213 Lipsius,
987 1165 1043 1198 se
1082 1151 1314 1214 pluscula
1338 1151 1422 1199 liic
1455 1151 1550 1200 ob·

484 1240 692 1276 servare
720 1227 907 1286 hiulca,
941 1234 1030 1275 aut
1054 1224 1266 1275 foedata.
1335 1226 1434 1275 11ae
1458 1241 1548 1276 an-

483 1308 590 1353 tem
631 1317 803 1365 voces,
837 1317 941 1366 quoe
979 1308 1258 1366 quanteque
1288 1303 1405 1364 sint,
1427 1317 1546 1353 con·

479 1381 618 1430 necti
644 1381 837 1430 debent
861 1394 978 1429 cum
1002 1380 1180 1430 ultima
1207 1379 1355 1443 hujus
1378 1381 1548 1445 perio-

481 1458 534 1507 di
583 1473 725 1517 voce,
765 1461 1046 1520 voluptates.
1117 1459 1250 1509 Cum
1297 1461 1436 1507 vero'
1463 1458 1546 1508 hae

478 1536 741 1599 voluptates
769 1551 800 1585 a
832 1534 1005 1584 Plinio
1044 1533 1283 1583 dicantur
1313 1533 1470 1596 serioe,
1490 1540 1548 1584 et

477 1609 695 1674 intentae,
714 1617 761 1663 et
786 1627 814 1660 a
832 1611 1001 1675 quibus
1019 1626 1071 1661 se
1084 1610 1341 1674 'l'rajauus
1362 1625 1545 1673 recepe-

476 1689 548 1737 rit
586 1691 639 1737 in
680 1688 901 1738 venandi
943 1687 1324 1752 navigandiqne
1359 1687 1547 1747 otium,-

479 1766 584 1827 alii,
616 1781 709 1829 pro
737 1780 861 1816 voce
892 1767 1175 1828 voluptates,
1199 1765 1371 1829 legere
1395 1770 1546 1830 opta·

477 1850 599 1893 runt
630 1858 791 1902 curoe3
830 1843 918 1893 alii
952 1842 1389 1892 administrationes
1401 1857 1424 1899 ,-
1457 1842 1545 1892 alii

474 1921 832 1983 occupationes.-
870 1934 1047 1968 verum
1093 1919 1295 1983 Plinius
1335 1919 1544 1968 omnino

476 1995 560 2045 bic
608 1994 827 2059 intelligi
862 1995 973 2044 vult
1016 1994 1175 2043 serias
1211 2001 1265 2043 et
1300 1994 1543 2044 honestas

477 2072 793 2136 voluptates,
828 2085 955 2135 quas
987 2084 1207 2119 summas
1232 2069 1379 2119 bonae
1402 2086 1542 2120 men·

475 2160 556 2202 tes
580 2152 798 2215 capiunt
831 2167 896 2201 ex
930 2151 1084 2202 rebus
1128 2151 1323 2214 arduis,
1350 2160 1404 2201 et
1429 2153 1572 2215 glo-.

475 2228 611 2278 riose
655 2227 984 2291 feliciterque
1039 2227 1248 2289 gestis3
1304 2228 1542 2290 quamvis

472 2319 591 2354 mox
633 2305 819 2355 redeat
852 2304 917 2354 ad
961 2304 1181 2353 leniores
1216 2303 1331 2353 illas
1366 2312 1420 2355 et
1466 2306 1539 2354 le-

470 2381 642 2432 viores
665 2384 995 2446 voluptates;
1030 2394 1147 2430 cum
1169 2387 1405 2444 ntraeque
1430 2381 1539 2429 ani-

470 2459 541 2508 mi
575 2459 823 2510 indicium
858 2473 974 2508 esse
1017 2458 1237 2523 possint.
1306 2457 1459 2508 Quod
1493 2457 1539 2507 si

470 2538 606 2587 enim
644 2537 801 2587 Plinii
839 2544 1065 2586 mentem
1105 2542 1251 2586 recte
1288 2536 1461 2598 capio,
1495 2537 1538 2584 is

468 2613 765 2678 significare
809 2613 1004 2663 voluit:
1044 2626 1158 2662 cum
1197 2609 1450 2675 Trajanus
1483 2612 1536 2660 in

467 2689 736 2739 laboriosis
758 2690 867 2739 istis
889 2689 1221 2738 venationum
1246 2694 1300 2737 et
1323 2688 1538 2750 naviga-

427 2807 431 2813 .
466 2766 666 2816 tionum
702 2755 1159 2816 exercitationibus
1182 2763 1437 2828 quendam
1463 2766 1538 2815 lu·

466 2840 589 2890 dum
631 2850 687 2892 et
725 2849 1140 2904 avocamentum,
1178 2838 1411 2906 adeoque
1448 2856 1535 2891 vo-

464 2917 720 2980 luptatem
770 2917 1047 2983 quandam,
1092 2917 1393 2980 quoesierit3
1431 2917 1534 2966 uti-

466 3006 567 3054 que
606 2994 856 3043 maximas
882 3007 1205 3055 summasque
1238 2993 1533 3055 voluptates

462 3068 640 3133 fnisse,
674 3086 799 3135 quas
832 3071 876 3120 is
897 3071 1199 3135 perceperit
1222 3085 1253 3120 e
1278 3070 1433 3121 rebus
1452 3086 1532 3122 se-

465 3147 571 3207 riis,
614 3149 1035 3214 gravioribusque
1086 3149 1532 3211 occupationibus.

462 3223 551 3274 Sic
579 3225 713 3274 Plin.
737 3225 908 3288 Epist.
928 3238 1010 3274 tx.
1031 3228 1081 3274 6.
1106 3232 1328 3275 testatus
1356 3233 1531 3287 est,se

462 3301 689 3366 aliquam
726 3301 958 3363 ‘cepisse
987 3302 1330 3363 voluptatem,
1364 3301 1535 3364 quod’

462 3392 529 3428 ex
550 3378 865 3440 spectaculis
885 3378 1101 3442 aliisque
1122 3379 1278 3426 rebus
1296 3377 1531 3437 ludicris,

459 3446 474 3484 ‘'
495 3454 765 3518 voluptate
802 3454 920 3517 capi
956 3467 1058 3502 non
1086 3451 1358 3517 potuerit!
1424 3454 1530 3503 Ubi

462 3528 630 3593 vides,
653 3541 841 3579 nomen
876 3529 893 3556 ‘
916 3528 1198 3592 voluptatis
1214 3527 1229 3549 ’
1256 3527 1430 3591 priore
1454 3530 1529 3578 lo-

365 3640 375 3650 .
460 3620 525 3658 co
567 3607 635 3656 de
664 3607 820 3671 seria,
865 3606 1031 3656 altero
1073 3605 1188 3654 loco
1228 3605 1294 3654 de
1330 3605 1531 3657 ludicra

462 3683 750 3747 voluptate,
774 3683 925 3733 sumi.
993 3683 1064 3731 Et
1085 3680 1286 3731 Seneca
1305 3681 1372 3730 de
1394 3683 1527 3733 Bea-

460 3767 518 3808 ta
542 3760 690 3821 Vita,
712 3774 828 3823 cap.
855 3763 905 3809 4.
940 3756 1151 3817 ‘Vera‚'
1187 3758 1375 3822 inquit,
1396 3761 1413 3789 ‘
1441 3774 1530 3808 vo-

459 3835 631 3898 luptas
676 3835 780 3885 erit
836 3835 1160 3898 voluptatum
1209 3834 1529 3886 contemtio?

462 3910 608 3960 Idem
652 3911 854 3960 Seneca
898 3925 1055 3974 porro
1091 3909 1266 3965 docet,
1303 3926 1420 3974 quas
1460 3912 1530 3962 sit

459 3987 573 4052 ejus
594 3986 797 4049 generis
820 3987 955 4035 seria
981 3987 1239 4050 voluptas,
1258 3987 1428 4050 Epist.
1448 3992 1530 4038 18.

455 4063 472 4092 ‘
498 4063 561 4113 In
600 4065 698 4113 hoc
730 4068 900 4112 tamen
933 4061 1073 4127 (vili)
1105 4062 1247 4111 victu
1282 4063 1527 4113 saturita-

459 4147 565 4191 tem
595 4155 699 4190 non
729 4147 882 4203 putas
907 4153 1053 4189 esse:
1086 4146 1142 4189 et
1165 4140 1401 4202 voluptas
1425 4148 1527 4191 est.

457 4215 716 4279 Voluptas
740 4220 910 4264 autem
936 4228 1038 4264 nou
1069 4215 1156 4264 illa
1187 4214 1335 4276 levis,
1363 4222 1413 4264 et
1442 4215 1524 4264 fu-

456 4294 580 4357 gax,
603 4298 658 4343 et
677 4289 892 4343 subinde
916 4290 1230 4356 reficienda3
1254 4291 1345 4342 sed
1360 4291 1522 4343 stabi·

1187 393 1406 444 Nova
1454 391 1864 446 vammum
1912 393 1998 446 m

1627 537 1711 601 lis,
1735 544 1792 590 et
1814 545 1976 590 certa.
2043 538 2167 590 Non
2189 538 2327 590 enim
2341 539 2581 604 jucunda
2614 554 2703 591 res

1628 622 1709 664 est
1752 630 1905 678 aqua,
1959 619 2014 665 et
2061 615 2293 680 polenta,
2334 622 2427 666 aut
2464 614 2702 667 frustum

1626 690 1901 742 hordeacei
1923 693 2103 756 pauis;
2128 692 2219 742 sed
2238 707 2434 742 summa
2451 694 2701 756 voluptas

1625 776 1723 824 est,
1747 783 1899 832 posse
1922 784 2114 833 capere
2139 769 2293 819 etiam
2317 783 2384 817 ex
2409 769 2484 817 bis
2506 767 2700 832 (rebus

1624 845 1846 910 asperis)
1869 846 2214 908 voluptatem,
2247 852 2305 894 et
2331 845 2396 892 ad
2420 860 2474 894 ae
2499 843 2703 894 redux-

1624 922 1749 984 isse,
1772 921 1907 985 qnod
1934 921 2136 985 eripere
2172 920 2314 970 nulla
2342 919 2568 970 fortunae
2599 919 2702 969 ini-

1625 998 1796 1062 quitas
1820 997 2015 1062 possit.’
2082 997 2230 1047 Idem
2256 997 2426 1061 Epist.
2443 1002 2528 1047 23.
2548 997 2565 1024 ‘
2591 997 2701 1045 Mi·

1623 1075 1872 1138 lucretio,
1905 1088 1990 1124 res
2028 1088 2209 1124 severa
2242 1083 2327 1125 est
2362 1089 2542 1123 verum
2566 1075 2701 1138 gani

1624 1152 1784 1217 dinm,
1831 1167 1952 1201 vera
2008 1153 2305 1215 voluptas..
2436 1151 2576 1202 Quid
2627 1151 2701 1200 sit

1622 1228 1785 1287 istud,
1820 1230 2134 1292 interrogas,
2170 1236 2258 1277 aut
2290 1227 2431 1276 unde
2469 1226 2700 1277 subeat?

1623 1305 1824 1357 dicam:
1861 1308 1942 1356 Ex
1979 1307 2116 1357 bona
2148 1304 2487 1367 couscientia,
2513 1318 2579 1352 ex
2602 1303 2700 1353 ho-

1623 1383 1784 1432 nestis
1808 1383 2056 1445 consiliis,
2094 1397 2163 1431 ex
2196 1380 2353 1431 rectis
2376 1379 2697 1442 actionibus,

1622 1473 1687 1508 ex
1719 1465 1984 1509 contemtu
2009 1458 2365 1518 fortuitorum,
2387 1471 2454 1507 ex
2480 1455 2700 1520 placido

1622 1534 1746 1584 vitae
1790 1543 1845 1584 et
1879 1536 2126 1585 continuo
2163 1540 2344 1584 tenore
2378 1547 2536 1582 unam
2572 1545 2700 1596 pre-

1620 1613 1812 1661 mentis
1853 1612 2026 1663 viam!
2094 1613 2263 1663 Etiam
2299 1611 2559 1675 Apuleius
2600 1610 2698 1659 lib.

1620 1687 1687 1738 de
1713 1688 2067 1753 Philosophia,
2105 1688 2257 1751 dixit,
2290 1688 2431 1738 illam
2459 1701 2578 1738 esse
2599 1687 2698 1737 ho·

1621 1771 1819 1814 nestam
1862 1765 2236 1829 ‘voluptatem,
2278 1777 2395 1828 quae
2441 1777 2547 1812 non
2595 1778 2696 1827 pu-

1620 1840 1803 1890 dendis
1848 1841 2015 1899 rebus,
2050 1841 2144 1891 sed
2187 1840 2426 1906 gloriosis
2463 1840 2696 1904 actibus,

1618 1934 1716 1983 pro
1749 1921 1922 1986 aliqua
1950 1921 2202 1985 praeclara
2228 1918 2695 1968 administratione

1618 2000 1896 2061 susceptis.
1919 1996 2126 2048 veniat?
2190 1997 2324 2046 Sunt
2353 2010 2480 2059 ergo
2509 1995 2592 2045 bae
2626 1996 2696 2044 il·

1616 2074 1679 2122 1ae
1719 2075 1860 2123 serice
1902 2079 1947 2122 et
1986 2075 2186 2123 inteatae
2225 2075 2515 2136 voluptates,
2559 2086 2694 2135 quas

1616 2152 1819 2213 quasia
1842 2152 2124 2200 minoribus
2163 2149 2544 2214 voluptatibus,
2574 2148 2693 2197 sive

1615 2225 1814 2277 lusibus
1840 2228 2130 2277 venationis
2146 2236 2303 2291 atque
2318 2226 2692 2290 navigationis,

1614 2302 1892 2368 distinguit
1935 2305 2154 2354 Plinius.
2220 2304 2466 2353 Pertinet
2505 2309 2697 2352 autem

1609 2381 1826 2430 'om‘nino
1872 2381 1935 2432 ad
1979 2382 2184 2430 laudem
2230 2380 2497 2443 principis,
2543 2377 2688 2442 qnod

1616 2457 1909 2521 praecipuas
1944 2471 2269 2521 summasque
2311 2455 2610 2518 voluptates
2654 2462 2715 2504 e·

1612 2533 1878 2584 laboribus
1913 2535 2236 2599 negotiisque
2274 2531 2492 2596 publicis
2525 2545 2688 2596 cape-

1613 2618 1726 2672 ret;
1767 2611 1904 2660 sicut
1949 2618 2128 2661 orator
2165 2621 2341 2674 supra,
2386 2613 2684 2659 unm-l.

1612 2685 1833 2744 dixerat,
1869 2701 1985 2736 eum
2023 2689 2220 2736 ‘instar
2255 2684 2561 2735 refectionis
2589 2699 2686 2734 ex-

1609 2762 1867 2813 istimasse
1892 2767 2231 2813 mutationem
2256 2759 2484 2811 laboris.'
2535 2761 2684 2813 Quo-

1609 2838 1765 2888 modo
1789 2853 1914 2888 vero
1939 2839 2143 2902 Lipsius
2165 2840 2300 2887 hunc
2317 2837 2486 2887 locum
2512 2834 2683 2886 refor-

1609 2916 1853 2966 mandum
1886 2917 2357 2980 explicandumque
2389 2914 2680 2973 censuerit,

1610 3007 1676 3042 ex
1697 2993 1811 3056 ejus
1829 2991 2255 3043 annotationibus
2279 2990 2432 3040 fac-ile
2450 2996 2681 3040 constat.-

1609 3069 1729 3119 Non
1746 3069 1953 3134 quidem
1974 3083 2244 3118 renuerem
2261 3067 2538 3116 admittere
2553 3067 2678 3132 Lip-

1581 3146 1671 3194 .sii
1708 3146 2144 3208 emendationem,
2178 3145 2300 3194 dum
2335 3159 2436 3194 vox
2460 3147 2683 3209 volupta-

1605 3226 1696 3284 tes,
1719 3223 1891 3286 priore
1926 3222 2043 3270 loco
2067 3221 2254 3285 posita,
2285 3234 2496 3283 prorsus
2520 3221 2678 3271 omit·

1608 3303 1782 3348 tatur:
1818 3313 1924 3362 quae
1944 3303 2210 3360 quantaque
2232 3296 2331 3346 sint
2356 3296 2445 3345 iun
2473 3297 2603 3347 seria
2624 3302 2677 3348 et

1605 3373 1812 3436 intenta,
1833 3379 1883 3423 et
1903 3389 1934 3422 a
1954 3373 2122 3437 quibus
2143 3387 2194 3422 se
2213 3372 2268 3420 in
2289 3373 2383 3421 tale
2412 3373 2564 3422 otium
2593 3387 2676 3422 re·

1603 3450 1740 3514 cipit.
1792 3448 1868 3499 At
1889 3454 2014 3499 tunc
2037 3456 2233 3511 optem,
2256 3455 2311 3497 ut
2336 3462 2429 3511 pro
2449 3464 2672 3515 sequen·

1606 3527 1645 3575 ti
1692 3526 1948 3590 particula
2001 3525 2147 3583 enim,
2198 3526 2496 3576 inveniatur
2543 3541 2680 3577 cero.

1605 3603 1862 3653 Scliwarz.

1669 3680 1823 3729 δἐι-ἔω
1844 3684 1890 3731 et
1915 3678 2135 3742 intenta]
2165 3679 2412 3742 Sequitur
2444 3693 2564 3730 mox
2586 3697 2669 3731 co·

1602 3756 1840 3819 luptates:
1876 3763 1934 3806 et
1973 3756 2069 3804 nisi
2115 3757 2380 3806 literarias
2414 3765 2514 3808 -aut
2549 3759 2667 3809 illas

1604 3833 1760 3881 animi
1780 3832 2039 3882 interioris
2074 3831 2350 3894 intelligat,
2382 3834 2504 3896 quid
2543 3837 2669 3887 velit

1601 3908 1805 3971 ignoro,
1873 3908 2039 3957 Immo
2064 3908 2309 3970 placebat
2330 3909 2527 3974 legere,
2561 3927 2667 3976 qua

1602 3990 1870 4047 quantaque
1891 3985 1991 4033 sint
2013 3985 2098 4032 illa
2117 3985 2242 4033 seria
2261 3991 2309 4035 et
2323 3986 2539 4049 intenta,
2566 3993 2615 4037 et
2633 4004 2666 4038 a

1601 4062 1768 4124 quibus
1788 4077 1839 4111 se
1871 4061 1921 4110 in
1944 4062 2041 4110 tale
2060 4061 2209 4110 otium
2230 4063 2417 4126 recipit.
2493 4063 2664 4128 Volup-

1599 4143 1726 4189 tates
1743 4145 1854 4188 sunt
1873 4138 2016 4196 enim,
2037 4139 2320 4201 voluptates,
2333 4139 2501 4204 quibas
2514 4157 2532 4189 .·
2551 4156 2669 4192 ora·-

1600 4217 1735 4267 toria
1757 4223 1814 4265 et
1836 4212 2032 4264 efficaci
2057 4216 2391 4279 repetitione.
2425 4217 2566 4281 Lips-
2648 4244 2657 4259 ι

1661 4293 1726 4342 Ia
1770 4293 1865 4341 tale
1907 4289 2082 4355 otium]
2113 4297 2130 4322 ‘
2149 4290 2560 4344 Pulcherrimum
2603 4301 2664 4347 et
