3017 4942
778 441 844 491 c.
891 440 1141 493 remu
1189 438 1522 493 securint
1572 442 1853 492 Panna.
1927 417 1988 492 ι.
2019 425 2128 493 90.

345 586 442 633 tos.
491 582 684 634 Nonne
702 582 839 634 enim
861 584 1063 636 Plinius
1084 600 1262 650 snpra,
1281 598 1412 639 nv.

345 662 395 708 δ’.
430 658 481 709 in
500 660 763 725 precipua
784 661 941 713 lande
963 663 1181 727 Trajani
1204 662 1409 728 posuit?

338 734 355 764 ‘
374 734 453 786 'l'u
477 736 673 787 amicos
696 751 763 787 ex
788 737 995 802 optimis
1017 740 1165 803 legis.
1188 772 1203 790 .
1226 770 1240 788 .
1264 771 1279 788 .
1294 737 1409 788 Hos

345 823 476 874 ergo
504 813 766 878 provehis,
805 822 862 865 et
883 822 1135 877 ostentas,
1171 829 1287 881 qnae
1311 814 1411 865 tibi

339 894 492 937 secta
534 888 675 946 vitae,
723 891 865 955 qnod
911 890 1176 941 hominum
1228 905 1413 955 genus,

341 962 588 1026 placeat?
629 965 969 1030 Cur,qnaeso,
990 981 1128 1018 nnnc
1152 968 1205 1017 in
1228 967 1411 1018 Nerva

343 1036 545 1103 laudet,
561 1041 697 1104 quod
712 1040 797 1092 bic
812 1042 972 1093 minas
986 1043 1125 1093 bonos
1138 1057 1410 1108 promove-

343 1113 415 1163 rit
448 1119 893 1187 provexeritque?
957 1120 1073 1184 Ego
1109 1119 1284 1186 itaque
1328 1135 1411 1170 re·

342 1190 487 1241 tineo
517 1192 727 1256 quidem
754 1195 910 1246 etiam
935 1196 1217 1260 vulgatam,
1250 1203 1307 1247 et
1342 1197 1411 1247 ab

344 1266 583 1318 omnibus
602 1269 872 1321 codicibus
903 1271 1036 1322 Mss.
1054 1271 1411 1323 confirmatam

342 1342 619 1395 lectionem
639 1362 657 1409 ς
678 1346 770 1409 sed
786 1347 941 1398 aliam
959 1348 1068 1413 eJus
1083 1338 1414 1414 supplenda,

346 1419 430 1470 vel
450 1422 798 1486 explicando,
836 1423 1090 1474 rationem
1130 1424 1284 1489 ineo;
1320 1439 1411 1476 ne-

343 1509 448 1561 que
494 1512 612 1548 cum
649 1499 935 1549 Arntzenio
985 1501 1199 1566 aliisque
1246 1502 1409 1565 parti·

342 1571 512 1622 culam
534 1575 706 1633 minas,
729 1573 796 1624 ad
811 1575 1028 1627 ἐπίθετον
1042 1576 1201 1641 bonu,
1223 1577 1316 1628 sed
1342 1576 1409 1627 ad

345 1649 561 1700 verbnm
593 1665 864 1714 promovere
893 1651 1087 1709 refero,
1119 1654 1298 1718 sicque
1331 1655 1409 1705 lo·

343 1737 462 1774 cnm
480 1726 619 1775 hunc
632 1726 1043 1779 concinnandum
1067 1728 1223 1792 duco,
1242 1730 1408 1781 Haba-

342 1805 452 1851 erat
467 1801 594 1851 huno
608 1802 831 1854 honorem
859 1804 1084 1869 periculis
1104 1807 1280 1857 nostris
1309 1808 1408 1857 Dia-

342 1891 432 1927 nas
452 1878 638 1942 Nerea,
654 1885 710 1930 at
723 1895 829 1936 nos,
848 1881 941 1932 etsi
960 1882 1118 1932 mim
1137 1897 1404 1946 promove-

343 1961 449 2017 ret,
486 1961 542 2006 at
583 1956 724 2007 bonos
757 1961 916 2008 mea
943 1973 1217 2022 promovere
1249 1961 1407 2010 vellet.

345 2030 572 2095 Nempe,
595 2047 711 2083 cum
735 2033 1064 2084 Domitianus
1101 2037 1262 2085 bonos
1297 2035 1408 2086 otio

342 2114 401 2157 et
424 2109 530 2158 situ
554 2108 843 2169 abstrusos,
878 2115 937 2162 et
972 2112 1120 2177 quasi
1156 2113 1409 2178 sepultos,

342 2197 444 2233 non
469 2184 570 2233 nisi
598 2184 947 2237 delationibus
979 2195 1037 2238 et
1072 2188 1315 2252 periculis
1353 2190 1409 2240 in

342 2259 513 2310 lucem
536 2275 599 2311 ac
621 2259 758 2311 diem
793 2261 1079 2327 proferret,
1111 2271 1172 2314 ut
1205 2264 1410 2314 Plinius

342 2349 521 2402 snpra,
542 2351 675 2388 xnv.
695 2343 747 2388 2.
767 2338 1011 2402 dixerat3
1033 2341 1144 2405 jam
1177 2343 1355 2392 Nerva
1379 2355 1411 2391 e

343 2417 629 2474 contrario,
646 2424 767 2481 post
786 2417 873 2469 ills
887 2419 1138 2470 bonorum
1158 2421 1413 2486 pericula,

342 2493 707 2556 constituerat,
726 2500 921 2558 praeter
942 2496 1088 2552 alios,
1102 2496 1330 2547 Plinium
1355 2504 1412 2548 et

344 2568 655 2634 Cornutum,
671 2578 727 2619 ut
744 2570 904 2620 bonos
919 2571 1071 2632 viros,
1090 2585 1414 2638 promovere,

342 2658 537 2712 eosque
549 2646 895 2711 praefecturae
914 2649 1084 2698 aerarii
1119 2649 1412 2699 destinatos

342 2722 410 2771 ad
431 2722 653 2773 bonores
678 2725 935 2787 evehere;
967 2725 1202 2790 quamvis
1242 2733 1413 2776 morte

344 2807 670 2865 praeventus,
709 2801 804 2853 hos
850 2803 1014 2868 ipsos,
1052 2817 1169 2853 cum
1204 2809 1412 2868 tempus

343 2878 767 2928 antecedentium
813 2878 1184 2943 praefectorum
1243 2879 1414 2930 orarii

342 2951 576 3002 nondum
597 2955 830 3017 elapsum
846 2961 1003 3012 esset,
1026 2968 1124 3007 nec
1146 2954 1268 3006 dum
1294 2971 1413 3020 pro·

344 3028 607 3090 moverit3
642 3029 779 3080 unde
810 3030 1015 3081 Plinius
1050 3030 1414 3094 significanter

342 3101 502 3165 dixit,
548 3119 825 3169 promere
878 3107 1050 3158 vellet.-
1096 3122 1248 3173 quam
1289 3122 1415 3158 vero

345 3180 749 3234 destinationem
794 3182 1004 3234 demum
1047 3190 1169 3248 post
1209 3183 1413 3235 obitum

345 3256 541 3307 Nerva
575 3267 825 3310 executus
849 3267 941 3310 -est
970 3259 1246 3324 Trajanns.
1314 3260 1415 3310 Lo-

344 3333 525 3398 quitur
547 3348 672 3390 yero
696 3334 900 3385 Plinius
924 3335 1136 3385 omnino
1175 3336 1243 3385 de
1279 3350 1414 3399 pre·

344 3406 555 3459 fectura
578 3411 767 3467 aerarii,
793 3424 947 3475 qnam
971 3424 1090 3460 mox
1112 3418 1265 3462 vocat
1300 3415 1316 3442 ⁸
1335 3411 1414 3462 of·

344 3482 518 3536 ficium
541 3483 1000 3537 laboriosissimum
1018 3493 1073 3536 et
1097 3487 1416 3541 maximum.'

347 3560 486 3614 Qnae
518 3575 624 3619 res,
658 3568 716 3612 nt
758 3561 923 3626 magis
960 3569 1166 3627 pateat,
1202 3578 1269 3613 ex
1307 3564 1416 3615 vita

347 3636 528 3696 Plinii,
561 3638 844 3689 secundum
870 3638 1087 3691 ductum
1130 3641 1415 3706 Massonis,

345 3728 486 3765 nnnc
503 3715 734 3767 breviter
749 3723 834 3767 est
846 3715 1178 3780 explicanda.
1208 3717 1341 3768 Nem
1348 3733 1414 3782 pe

346 3791 570 3855 Plinius,
591 3799 648 3842 ut
680 3792 795 3857 ipse
818 3792 989 3843 innuit
1025 3792 1078 3842 in
1116 3792 1222 3843 fine
1262 3793 1414 3858 buJus

347 3866 677 3932 Panegyrici,
689 3869 797 3932 jam
819 3869 917 3919 sub
938 3869 1261 3933 Domitiano,
1290 3868 1412 3919 insi·

347 3942 641 3993 diosissimo
677 3944 938 4008 principe,
993 3951 1275 4008 antequam
1330 3944 1416 3995 bic

346 4018 688 4085 profiteretur
709 4020 885 4070 odium
905 4019 1177 4084 bonorum,
1199 4035 1414 4085 provec-

350 4104 438 4146 tus
470 4103 554 4146 est
588 4095 653 4146 ad
694 4094 946 4160 quosdam
969 4096 1209 4148 bonores.
1276 4097 1416 4148 Nam

347 4171 564 4222 circiter
617 4185 806 4222 aunum
846 4171 1044 4221 Christi
1095 4185 1319 4222 uxxn-
1360 4172 1414 4221 in

347 4249 507 4314 Syria
557 4248 821 4304 militavit,
875 4248 1140 4299 tribunum
1194 4249 1415 4299 militum

348 4338 531 4391 qens.
548 4325 696 4383 A.c.
718 4336 989 4380 mxxxvii.
1011 4324 1067 4379 in
1087 4338 1217 4381 xm.
1234 4338 1420 4378 consu·

1940 328 1955 362 i

2375 425 2546 495 10⁷1

1483 585 1599 636 latu
1631 584 1933 643 Domitiani,
1954 593 2271 652 qnaesturam
2303 586 2551 644 obtinuit,

1486 669 1729 727 tanquam
1756 663 1976 727 primum
2001 664 2053 712 in
2089 672 2274 713 senatu
2315 663 2552 727 gradum.

1484 737 1553 788 A.
1576 737 1638 788 C.
1661 750 1779 789 101.
1813 753 1996 787 munus
2034 737 2226 788 tribuni
2255 739 2419 803 plebis
2441 750 2554 789 sus·

1485 816 1651 880 cepit.
1716 816 1785 867 A.
1809 815 1874 865 C.
1910 828 2078 865 xctu.
2117 824 2400 879 praeturam
2437 828 2552 881 ges·

1486 891 1575 952 sit,
1600 906 1718 942 cnm
1743 890 2033 956 philosophi
2063 905 2131 940 ex
2163 890 2297 942 urbe
2318 893 2552 958 expelle·

1486 974 1686 1018 rentur.
1746 968 1879 1018 Post
1921 976 2206 1031 praetnram
2247 982 2374 1019 vero
2411 968 2551 1019 inter

1484 1037 1698 1094 mrestos
1725 1051 2083 1108 paventesque
2105 1044 2357 1107 latuerat,
2383 1046 2549 1096 nullas

1487 1120 1720 1173 ambiens
1756 1120 2062 1184 dignitates.
2127 1120 2336 1172 Quanto
2375 1129 2551 1171 autem

1485 1195 1540 1245 in
1597 1194 1832 1260 periculo
1884 1193 1981 1245 sub
2034 1195 2336 1246 Domitiano
2391 1195 2554 1248 fuerit

1485 1270 1709 1334 Plinius,
1731 1271 1812 1321 vel
1836 1285 1903 1320 ex
1925 1284 1990 1320 eo
2012 1270 2370 1336 intelligimus,
2393 1271 2553 1338 quod,

1485 1347 1532 1398 si
1564 1346 1895 1398 Domitianus
1931 1346 2127 1396 diutins
2174 1347 2409 1406 vixisset,
2444 1348 2553 1418 Pu,-

1486 1423 1602 1474 nius
1626 1439 1681 1474 se
1707 1438 1850 1474 reum
1874 1422 2110 1474 vidisset.
2176 1425 2311 1474 Nam
2336 1426 2387 1475 in
2422 1425 2550 1476 scri·

1485 1501 1574 1552 nio
1607 1500 1894 1551 Domitiani
1928 1500 2081 1550 datus
2115 1515 2147 1549 a
2177 1500 2315 1550 Caro
2337 1500 2406 1551 de
2441 1502 2552 1552 Pli-

1485 1578 1577 1629 nio
1609 1579 1820 1630 libellus
1855 1580 2097 1628 inventus
2131 1584 2241 1640 est,
2275 1578 2416 1643 qnod
2436 1580 2552 1643 ipse

1486 1663 1668 1706 narrat
1684 1656 1855 1720 Epist.
1871 1669 1977 1705 vn.
1989 1657 2042 1704 7.
2064 1653 2162 1704 'sub
2176 1653 2351 1704 finem.
2394 1656 2553 1707 Post·

1486 1745 1639 1796 quam
1669 1731 1991 1795 Domitiano,
2034 1730 2101 1780 A.
2129 1730 2190 1781 C.
2220 1743 2413 1781 xcv11.·
2431 1745 2552 1783 xxv.

1485 1807 1710 1859 Kalend.
1737 1806 1960 1858 Octobr.
1995 1806 2185 1868 occiso,
2225 1807 2402 1857 Nerva
2435 1816 2553 1859 suc·

1486 1884 1747 1946 cessisset,
1779 1883 1884 1947 hic,
1917 1889 2146 1932 exeunte
2168 1881 2384 1932 circiter
2403 1882 2469 1933 A.
2488 1883 2556 1934 C.

1488 1972 1669 2019 xcvn.
1701 1958 1718 1988 ‘
1741 1960 1978 2009 voluerat
2001 1958 2229 2008 Plinium
2263 1965 2320 2008 et
2355 1957 2552 2009 Cornu-

1488 2044 1598 2088 tum
1637 2049 1943 2101 promovere
1975 2035 2040 2084 ad
2077 2033 2448 2098 praefecturam
2483 2050 2553 2086 ω-

1488 2114 1633 2172 rarii,
1657 2113 1673 2139 ’
1728 2111 2106 2179 quampeimum
2155 2112 2270 2161 haee
2314 2118 2560 2174 vacaret3

1488 2192 1582 2242 sed
1601 2192 1884 2257 imperator
1908 2191 2153 2255 optimus,
2166 2186 2217 2241 d.
2236 2194 2319 2241 2⁷.
2340 2190 2465 2242 Jan.
2486 2189 2555 2245 A.

1488 2269 1551 2321 C.
1576 2282 1778 2320 xcvm.
1798 2276 1967 2319 morte
1987 2275 2310 2332 praeventus,
2324 2266 2553 2317 nondum

1488 2361 1582 2397 eos
1606 2347 1798 2410 reipsa
1817 2346 2108 2410 promovit;
2142 2344 2233 2395 sed
2257 2360 2373 2395 eam
2389 2344 2553 2396 desti-

1487 2422 1751 2472 nationem
1780 2406 2024 2484 ⁸explevit
2054 2421 2332 2484 Trajanus,
2357 2420 2552 2471 Nerva

1489 2509 1777 2547 successor.
1818 2495 1998 2545 Nihilo
2019 2495 2188 2545 minus
2213 2495 2438 2559 Plinius,
2454 2510 2554 2560 pro

1490 2572 1625 2636 grati
1647 2570 1803 2621 animi
1837 2570 1919 2620 sui
1961 2570 2182 2634 pietate,
2217 2571 2423 2634 utrique
2459 2572 2554 2622 im·

1490 2645 1722 2710 peratori
1741 2648 1876 2696 huuc
1902 2646 2149 2695 bonorem
2172 2655 2448 2710 acceptum
2470 2660 2558 2698 re·

1489 2722 1675 2772 tulisse
1719 2721 1943 2779 videtur,
1987 2721 2156 2786 Epist.
2198 2735 2254 2772 x.
2288 2726 2371 2772 2⁰.
2407 2726 2455 2771 1.
2496 2728 2555 2773 et

1489 2810 1658 2848 xxiv.
1680 2802 1732 2848 3.
1797 2797 1966 2849 Quam
1990 2797 2430 2849 circumstantiam
2449 2811 2553 2847 non

1490 2874 1621 2925 satis
1647 2873 2017 2924 animadvertit
2041 2875 2120 2924 vir
2141 2875 2368 2938 alioquin
2402 2888 2555 2925 accu-

1490 2952 1795 3015 ratissimus,
1815 2951 1904 3003 Jo.
1925 2951 2162 3015 Messon,
2183 2950 2304 3000 dnm
2329 2951 2556 3014 putavit,

1489 3027 1718 3078 Plinium
1742 3029 1884 3077 nullo
1919 3026 2072 3077 modo
2095 3027 2288 3078 Nervae
2310 3025 2555 3077 debuisse

1490 3101 1857 3168 proefectnram
1892 3102 2080 3153 erarii.
2147 3102 2279 3154 Quae
2321 3116 2437 3152 cum
2477 3102 2557 3151 ita

1489 3179 1611 3235 sint,
1625 3178 1738 3242 jam
1770 3185 2011 3229 constare
2036 3183 2182 3241 puto,
2204 3191 2298 3226 eur
2318 3176 2457 3226 hunc
2477 3177 2555 3227 lo·-

1489 3268 1608 3305 cum
1631 3254 1792 3304 Plinii
1815 3254 1887 3304 ita
1907 3252 2289 3305 restituendum
2314 3259 2369 3302 et
2391 3252 2558 3317 expli·

1489 3329 1712 3382 candum
1736 3330 2100 3392 existimarim,
2132 3335 2188 3379 at
2206 3345 2310 3389 nos,
2341 3331 2436 3380 etsi
2465 3327 2558 3378 m·-

1490 3423 1581 3459 nus
1597 3408 1903 3473 promoverit,
1938 3412 1994 3457 ut
2026 3407 2167 3457 bonos
2196 3412 2352 3455 tamea
2369 3419 2558 3470 promog-

1489 3498 1601 3535 eere
1619 3485 1778 3535 vellet.
1841 3483 2063 3534 Scilicet
2086 3482 2298 3533 verbum
2312 3495 2558 3546 promove-

1488 3560 1577 3616 rit,
1600 3561 1710 3610 sive
1728 3564 2039 3624 promoveret,
2074 3559 2155 3606 vel
2190 3556 2385 3607 dudum
2414 3557 2559 3608 exci-

1490 3634 1593 3691 dit,
1637 3648 1699 3684 ac
1735 3648 1873 3683 nunc
1909 3633 2119 3684 restitui
2154 3632 2343 3694 debet;
2388 3632 2558 3691 lenius

1492 3715 1670 3760 antem
1705 3707 1775 3770 id,
1813 3709 1959 3774 cujus
1983 3708 2201 3771 vestigia
2229 3708 2339 3772 jam
2365 3713 2558 3772 praesto

1491 3792 1616 3835 sunt
1640 3785 1692 3835 in
1718 3790 1887 3847 textu,
1914 3799 2068 3849 quam
2091 3799 2306 3850 prorsus
2331 3785 2558 3835 alienum

1491 3861 1729 3923 verbum,
1744 3861 2081 3923 restituitnr;
2114 3861 2197 3910 vel
2220 3861 2407 3910 saltem
2431 3859 2559 3910 κατὰ

1488 3936 1735 4002 σύλληψιν
1758 3938 1929 3988 animo
1948 3944 2032 3988 est
2053 3936 2399 4000 supplendum
2415 3951 2433 3986 ε
2467 3952 2559 3987 cn·

1479 4014 1710 4080 jusmodi
1745 4012 2027 4076 συλλήψεως
2056 4011 2297 4074 exempla
2319 4011 2557 4075 quoedam

1482 4092 1591 4157 jam
1614 4106 1775 4156 supra
1803 4090 1974 4140 notavi
2009 4089 2074 4138 ad
2113 4099 2363 4137 Lxxxtx.
2384 4091 2433 4137 8.
2466 4089 2558 4139 nbi

1489 4168 1732 4221 similiter
1761 4167 1964 4217 Plinius
1998 4165 2231 4227 dixerat,
2263 4168 2279 4193 ⁸
2305 4163 2428 4213 Non
2462 4164 2558 4213 mi·

1490 4260 1590 4298 nor
1621 4252 1796 4297 tamen
1819 4252 1995 4296 vestra
2016 4244 2146 4306 laus,
2178 4240 2315 4307 qnod
2341 4241 2440 4291 ista
2461 4255 2560 4305 per

1493 4322 1680 4393 fllium,
1699 4320 2039 4391 (mernistis,)
2066 4333 2224 4389 quam
2246 4318 2294 4372 si
2326 4318 2429 4388 ipsi
2449 4330 2560 4371 me-
