3017 4942
475 410 651 493 1044

543 576 686 632 Quod
717 575 1027 640 pertinaciter
1067 575 1218 640 amet]
1253 576 1427 626 Etiam
1463 575 1550 626 hic

477 655 621 705 locus
654 661 900 717 gravatur
935 652 1141 721 mendo.
1207 653 1404 703 Omnes
1437 667 1547 702 om-

476 731 598 779 niuo
653 729 860 780 codices
901 730 1048 778 ‘Mss.
1106 742 1232 792 quos
1287 730 1544 792 consului,

473 807 705 871 itemque
774 805 1092 870 antiquiores
1157 804 1435 868 editiones,
1485 813 1541 855 et

472 894 611 932 nunc
673 882 935 932 recentior
997 880 1288 936 Arntzenii‚
1344 880 1540 931 babent

477 961 631 1015 Quem
652 959 966 1021 pertinaciter
985 962 1131 1009 amet.
1193 958 1251 1009 Si
1274 959 1540 1021 legeretur

476 1036 631 1091 Quem
649 1036 962 1098 pertinaciter
982 1051 1123 1097 ames,
1150 1049 1253 1085 non
1292 1035 1436 1085 illico
1462 1050 1538 1085 re-

460 1113 684 1175 jicerem
712 1114 844 1164 hauc
867 1113 1166 1164 lectionem.
1231 1113 1375 1162 Tunc
1397 1113 1534 1163 enim

467 1189 681 1239 verbum
698 1205 826 1240 ames
844 1188 1142 1240 referretur
1155 1188 1218 1237 ad
1243 1189 1547 1267 principem·

465 1266 871 1332 Trajanum‚qui
906 1264 1216 1329 praefectum
1257 1264 1537 1328 pertinaci·

466 1348 547 1392 ter
566 1357 741 1393 amare
755 1343 1040 1393 diceretur.
1073 1342 1147 1391 At
1166 1341 1373 1391 verbum
1385 1347 1533 1405 amet,

467 1431 584 1467 cum
620 1419 926 1482 pronomine
960 1432 1093 1482 quem
1119 1418 1205 1467 vix
1243 1417 1414 1466 locum
1444 1419 1530 1467 ha·

462 1492 587 1544 bere
609 1501 803 1558 potest.
848 1494 1001 1547 Quod
1021 1495 1062 1542 si
1087 1493 1222 1542 enim
1245 1507 1532 1557 pronomen

461 1584 599 1632 quem
636 1568 832 1620 referas
869 1570 936 1620 ad
976 1570 1283 1633 precedens
1315 1572 1531 1633 eundem,

461 1648 496 1696 i.
520 1662 569 1696 e.
592 1648 658 1697 ad
687 1646 1027 1713 prefectum3
1067 1653 1193 1697 tunc
1234 1661 1337 1695 non
1370 1648 1530 1696 tertia

461 1737 688 1786 persona
710 1730 853 1781 amet,
878 1724 968 1774 sed
1010 1722 1241 1773 secunda
1273 1738 1419 1783 omes,
1439 1724 1528 1772 ba·

459 1801 553 1851 bet
580 1802 783 1864 locum3
819 1803 940 1867 quia
966 1802 1166 1852 Plinius
1181 1802 1286 1864 jam
1312 1802 1527 1865 alloqui·

459 1883 548 1927 tur
570 1879 886 1942 Trajanum3
910 1880 1044 1928 unde
1061 1878 1286 1928 secunda
1306 1891 1527 1943 persona

460 1959 696 2020 proxime
762 1959 1053 2022 praecessit,
1106 1960 1255 2021 cedis,
1304 1958 1527 2016 vinceris,

456 2035 641 2084 velletis
657 2050 678 2092 ‚-
733 2034 1021 2099 eademque
1079 2048 1199 2083 mox
1272 2035 1526 2098 sequitur,

452 2126 561 2161 cnm
591 2112 689 2174 ipse
709 2112 777 2161 sis
798 2112 1053 2162 distentus.
1086 2113 1300 2169 Verum,
1315 2113 1520 2162 tertiam

454 2200 729 2250 personam
751 2195 875 2238 amet
900 2189 1109 2238 codices
1134 2191 1262 2238 Mss.
1287 2196 1342 2239 et
1364 2190 1522 2240 editi-

437 2276 578 2328 ones
597 2265 910 2328 antiquiores
932 2265 1273 2328 pertinaciter
1289 2271 1522 2318 tuentur.

456 2340 787 2390 Boxbornius
809 2341 961 2399 adeo,
984 2350 1232 2405 quantum
1257 2344 1378 2392 milti
1399 2358 1521 2394 con-

453 2422 581 2474 stat,
603 2418 799 2480 primus
823 2418 947 2469 illud
985 2425 1131 2493 aguet,
1169 2434 1270 2470 non
1309 2421 1518 2485 quidem

453 2508 519 2543 ex
545 2496 863 2546 auctoritate
884 2498 1124 2547 codicum¹
1146 2505 1400 2563 veterum,
1423 2500 1516 2548 sed

452 2584 519 2619 ex
544 2572 859 2622 necessitate
883 2572 1104 2638 quadam
1125 2581 1289 2624 certae
1313 2571 1527 2625 senten-⁴

450 2645 540 2696 ttae
595 2648 989 2712 constituendae,
1031 2665 1094 2699 ae
1143 2664 1260 2700 cum
1313 2652 1518 2715 reliqua

450 2726 685 2776 oratione
733 2727 1131 2790 connectendas,
1175 2729 1516 2780 commutavit

448 2801 502 2850 in
537 2803 817 2854 secundam
852 2817 1129 2867 personam
1161 2818 1309 2868 omes,
1341 2812 1402 2856 ut
1440 2808 1515 2857 sio

448 2877 612 2933 fluant
671 2883 785 2933 haec
844 2883 1022 2940 verba,
1072 2887 1358 2948 eundemque
1398 2886 1516 2947 otio,

445 2971 582 3018 quem
599 2959 915 3021 pertinaciter
932 2975 1077 3020 ames,
1096 2962 1311 3010 reddere.
1344 2961 1511 3014 Quam

446 3036 1004 3086 correctionem‘etiam
1040 3037 1259 3087 adscivit
1295 3037 1512 3087 Cellari·

445 3122 523 3158 us.
592 3111 778 3176 Neque
801 3125 899 3175 ego
922 3126 1036 3161 eam
1061 3127 1390 3177 aspernarer,
1415 3114 1511 3164 nisi

444 3199 621 3236 omnes
654 3188 859 3237 omnino
889 3196 1094 3238 veteres
1132 3189 1252 3239 libri
1285 3191 1512 3240 habeant

441 3268 588 3323 uniet,
630 3269 686 3312 et
729 3264 847 3326 nisi,
889 3266 1064 3315 nescio
1111 3265 1235 3329 quid
1279 3269 1509 3318 contorti

442 3338 494 3388 in
523 3340 618 3389 hac
651 3340 975 3389 correctione
1013 3340 1215 3391 haerere
1247 3342 1507 3407 videatur,

443 3416 578 3480 quod
608 3428 887 3479 pronomen
916 3432 1052 3480 quem
1083 3416 1269 3478 ἆμέσως
1296 3419 1505 3483 subjici·

441 3500 528 3542 tur
553 3492 745 3543 nomini
769 3493 885 3543 otio.
954 3493 1126 3544 Alium
1153 3509 1276 3545 vero
1299 3497 1505 3548 modum

438 3570 749 3633 emendandi
790 3570 943 3633 hujus
981 3571 1081 3622 loci
1125 3571 1239 3621 iniit
1279 3572 1505 3638 Lipsius,

439 3646 544 3710 qui,
583 3661 697 3696 cum
735 3647 848 3710 jam
892 3647 1149 3697 Livineius
1187 3648 1236 3696 iu
1272 3650 1504 3712 margine

437 3722 679 3772 editionis
723 3738 827 3772 suae
881 3723 1182 3780 monuisset,
1231 3722 1371 3773 forte
1410 3739 1503 3787 pro

434 3813 571 3862 quem
593 3798 863 3862 legendum
900 3813 1015 3848 esse
1053 3798 1503 3863 quod,hocipsum

438 3890 721 3939 pronomen
755 3879 880 3939 quod
918 3877 1159 3939 diguatus
1191 3883 1274 3925 est
1310 3877 1501 3928 honore

434 3959 734 4009 contextus,
751 3953 1068 4016 retinuitque
1088 3953 1299 4002 verbum
1324 3955 1498 4006 tertiae

435 4042 668 4090 personae
694 4034 841 4089 amet,
865 4031 917 4081 in
942 4029 1176 4078 omnibus
1199 4030 1343 4079 libris
1367 4032 1497 4081 anti·

432 4103 546 4167 quis
570 4105 798 4166 obvium,
823 4114 881 4156 ut
909 4104 1166 4155 referatur
1190 4106 1253 4156 ad
1280 4104 1498 4169 praefec-

432 4186 541 4229 tum
585 4183 840 4246 praetorii,
886 4184 975 4246 qui
1012 4183 1340 4247 pertinaciter,
1373 4184 1521 4233 h.e.‘

433 4257 717 4320 pertinacia
741 4258 1043 4321 quadam‚et
1063 4266 1244 4310 contra
1264 4260 1496 4310 volunta·

433 4339 540 4382 tem
585 4332 815 4396 Trajani,
855 4334 1016 4385 otium
1062 4350 1232 4387 amare
1269 4335 1496 4398 dicitur3

510 4810 686 4932 Ιι

1179 431 1398 480 NOTAE
1449 430 1859 482 vARtoRUM
1914 433 1995 482 ΙΝ

1626 589 1742 626 cum
1763 577 2022 640 Trajanus
2044 575 2226 626 melius
2250 575 2562 640 praefectum
2586 592 2703 628 con-

1620 658 1827 714 stanter,
1851 669 2002 717 quam
2030 655 2361 717 pertinaciter,
2381 670 2560 705 amare
2584 655 2699 720 dic-

1623 735 1706 779 tus
1751 727 1955 780 fuisset.
2024 730 2157 781 Cum
2192 731 2322 781 adeo
2353 732 2513 780 lectio
2549 731 2697 781 codi-

1619 820 1735 855 cum
1771 807 1903 856 Mss.
1941 813 1996 856 et
2029 807 2358 872 antiquarum
2402 808 2694 858 editionum

1616 884 1727 933 sine
1751 883 1954 932 medela
1977 883 2041 933 sit
2064 884 2351 941 obscurior,
2375 899 2547 949 neque
2572 899 2691 934 cum

1615 966 1867 1009 contextu
1901 961 2025 1009 satis
2047 961 2359 1023 conveniat3
2383 976 2503 1009 cnm
2527 963 2691 1011 etiam

1614 1035 1711 1085 ista
1736 1050 1929 1099 genera
1950 1037 2186 1100 ejusdem
2203 1037 2516 1101 pronominis
2541 1040 2691 1100 qnod,

1612 1121 1667 1163 et
1680 1128 1832 1176 quem,
1850 1122 2066 1177 propter
2082 1115 2500 1177 compendiosam
2515 1115 2689 1177 scrip·

1613 1197 1799 1245 turam,
1845 1191 1910 1240 ab
1954 1191 2211 1240 inertibus
2257 1191 2488 1241 librariis
2528 1189 2686 1240 facile

1611 1265 1862 1317 confundi
1890 1268 2156 1331 potuerint
2176 1284 2191 1329 ς
2212 1266 2569 1331 recipiendam
2595 1281 2688 1316 ex-

1611 1343 1834 1395 istimavi
1882 1344 2298 1395 emendationem
2362 1343 2686 1407 Lipsianam,

1611 1437 1727 1487 quae
1753 1423 1874 1472 mibi
1906 1424 2016 1472 visa
2047 1429 2128 1473 est
2153 1422 2471 1486 planissima,
2506 1437 2569 1472 ac
2592 1436 2680 1470 ne-

1609 1510 1864 1564 quaquam
1891 1499 2151 1560 violenta3
2174 1512 2324 1562 quam
2349 1498 2507 1546 etiam
2531 1513 2684 1549 secu-

1612 1576 1650 1624 ti
1694 1582 1816 1625 sunt
1862 1576 2247 1638 Berneggerus,
2304 1573 2567 1635 Hackius,
2608 1578 2685 1636 et,

1610 1661 1803 1716 praeter
1817 1652 1963 1716 alios,
1977 1666 2114 1701 nunc
2133 1650 2412 1701 Gesnerns.
2434 1651 2683 1702 Salamara.

1674 1729 1873 1785 Quietis
1913 1729 2122 1792 gloriam
2160 1728 2389 1792 *cuiqam
2441 1726 2684 1790 invidere]

1607 1806 1809 1856 Vellem
1834 1815 1891 1857 ut
1917 1809 1967 1856 in
1996 1806 2262 1856 codicibus
2279 1807 2410 1854 Mss.
2434 1818 2526 1869 pro
2548 1819 2681 1854 voce

1600 1882 1812 1944 gloriam
1856 1882 2165 1946 reperissem
2205 1881 2418 1943 gratiam
2437 1897 2459 1939 ‚·
2511 1880 2681 1944 major

1605 1958 1740 2006 enim
1765 1957 1858 2007 otii
1882 1964 1937 2008 et
1969 1957 2158 2022 quietis
2183 1956 2371 2018 gratis,
2394 1970 2546 2021 quam
2573 1957 2682 2019 glo-

1605 2034 1700 2095 ria,
1725 2049 1840 2084 esse
1875 2039 2082 2099 potest;
2116 2033 2225 2090 sed,
2259 2032 2496 2082 omnibus
2527 2033 2678 2082 codi-

1602 2108 1751 2159 cibus
1776 2111 1828 2160 in
1859 2113 2118 2174 vulgatam
2156 2110 2428 2160 lectionem
2464 2110 2676 2172 conspi-

1604 2187 1854 2245 rantibus,
1873 2187 1995 2237 nihil
2032 2193 2192 2236 muto.
2224 2185 2295 2234 At
2321 2187 2505 2235 maluit
2533 2186 2675 2235 Arn-

1602 2264 1803 2313 tzenius
1845 2264 2021 2327 legere
2048 2263 2223 2325 gloria,
2257 2261 2311 2310 iu
2344 2276 2470 2311 casu
2495 2268 2673 2325 sexto,

1599 2353 1751 2403 quam
1784 2341 2011 2402 gloriam,
2045 2340 2098 2388 in
2128 2353 2249 2389 casu
2274 2346 2495 2402 quarto;
2528 2340 2673 2404 quia,

1597 2416 1650 2465 ni
1675 2414 1846 2477 fallor,
1881 2416 2170 2479 elegantius
2201 2421 2352 2479 putat
2375 2415 2497 2470 dici,
2533 2416 2670 2465 ‘ali-

1598 2495 1681 2544 cui
1710 2493 1947 2544 invidere
1972 2496 2154 2558 gloria,
2179 2493 2452 2554 felicitate,
2474 2493 2675 2555 laude,'

1598 2585 1771 2637 quam,
1810 2573 2001 2629 ‘alicui
2024 2572 2258 2620 invidere
2282 2570 2515 2633 gloriam,
2550 2569 2668 2620 feli-

1596 2649 1832 2710 citatem,
1847 2647 2090 2698 laudem.'
2125 2648 2296 2713 Atque
2317 2662 2464 2711 ecce,
2480 2648 2529 2695 in
2545 2661 2667 2697 meo

1593 2725 1776 2775 codice
1816 2726 2066 2789 scriptum
2103 2731 2184 2774 est
2223 2725 2421 2786 glor-ia,-
2461 2738 2670 2787 verum,

1590 2800 1726 2865 quod
1750 2801 1932 2850 mirum
1958 2811 2058 2857 est,
2076 2801 2126 2850 in
2156 2801 2253 2850 boc
2277 2801 2429 2850 unico
2454 2799 2662 2858 codice,

1589 2879 1671 2926 cui
1696 2877 1746 2926 in
1770 2878 1870 2928 hoc
1899 2880 2020 2928 ioco
2053 2892 2118 2927 ne
2142 2877 2345 2943 quidem
2372 2878 2539 2927 codex
2556 2878 2662 2927 Sa-

1589 2954 1949 3017 lisburgensis,
1986 2956 2065 3005 uti
2093 2956 2141 3004 in
2166 2954 2276 3004 aliis
2299 2953 2559 3017 plurimis,
2582 2968 2664 3004 as·

1588 3032 1828 3082 sentitur.
1894 3029 2506 3095 Animadverti-quidem,
2527 3030 2660 3080 Cor-

1589 3109 1738 3166 tium,
1775 3109 1939 3158 virum
1974 3108 2164 3172 alioqui
2197 3107 2454 3171 quondam
2478 3106 2660 3175 erudi-

1588 3192 1695 3234 tum
1721 3193 1776 3236 et
1817 3185 2241 3249 perindustrium‚
2271 3183 2516 3246 Epistolis
2543 3184 2659 3233 Pli-

1585 3263 1770 3320 nianis,
1794 3264 2093 3327 ubicunque
2116 3261 2330 3310 verbum
2350 3266 2366 3288 ‘
2386 3259 2624 3310 invidere
2643 3260 2664 3283 '

1584 3339 1831 3402 occurrit,
1874 3339 2146 3388 intrusisse
2199 3336 2460 3385 insolitam
2504 3336 2657 3388 illam

1581 3425 1901 3469 structuram
1926 3431 2042 3466 cum
2067 3414 2272 3464 nomine
2303 3428 2454 3463 casus
2478 3414 2649 3475 sexti3

1581 3509 1697 3546 cum
1719 3502 1898 3545 contra
1914 3493 2138 3543 omnium
2160 3491 2467 3556 reliquorum
2483 3492 2657 3556 scrip-

1582 3577 1750 3623 torum
1804 3584 2210 3633 excusorumque
2251 3568 2500 3618 librorum
2545 3569 2651 3619 dis·

1579 3663 1799 3712 sensum,
1816 3649 1966 3698 unius
1990 3646 2187 3697 codicis
2212 3644 2445 3694 Medicei
2468 3651 2651 3694 ancto-

1580 3725 1740 3776 ritate
1765 3726 1831 3774 sit
1864 3725 2032 3774 nixus.
2101 3721 2356 3786 Equidem
2395 3721 2519 3769 mihi
2544 3735 2650 3771 non

1578 3811 1753 3863 vacat,
1766 3803 1876 3866 jam
1902 3801 1967 3850 de
1993 3801 2095 3848 ista
2115 3806 2379 3864 structura
2400 3797 2548 3848 verbi
2569 3799 2649 3848 in·

1575 3877 1740 3928 videre
1761 3892 1826 3927 ex
1850 3877 2090 3926 instituto
2113 3888 2268 3938 agere
2288 3889 2302 3922 t
2325 3874 2432 3923 scio
2452 3880 2647 3932 tamen,

1577 3954 1832 4006 Quinctil.
1852 3951 2028 4003 Instit.
2053 3950 2200 4000 Orat.
2225 3963 2300 3999 tx.
2325 3954 2374 3998 3.
2396 3950 2646 4011 indicare,

1575 4031 1824 4096 quosdam
1848 4045 1940 4080 suo
1974 4042 2086 4078 aevo
2119 4028 2193 4076 ita
2227 4027 2366 4089 loqui
2402 4028 2645 4091 coepisse,

1575 4116 1634 4157 ut
1667 4121 1841 4157 casum
1877 4113 2083 4156 sextum
2116 4103 2485 4167 conjunxerint
2522 4118 2642 4157 cum

1576 4182 1735 4233 verbo
1755 4183 1971 4232 invidere
1984 4197 2004 4239 ;
2038 4187 2092 4229 at
2116 4180 2267 4227 istam
2291 4178 2536 4242 loquendi
2560 4194 2642 4228 ra·

1573 4260 1766 4310 tionem
1782 4258 1930 4309 idem
1961 4256 2216 4307 nou-satis
2256 4255 2465 4318 probat,
2497 4269 2639 4305 eam·

1570 4351 1672 4402 que
1699 4336 1860 4388 tradit
1882 4335 1999 4386 usui
2021 4340 2276 4396 veterum,
2292 4339 2348 4382 et
2368 4332 2639 4396 sigillatim
