3017 4942
729 436 798 488 ο.
841 433 1084 486 rmuu
1135 433 1468 486 saeuum
1519 432 1799 485 ranno.
1869 434 1922 487 1.
1965 417 2077 486 28.

297 581 380 644 lis,
400 578 588 644 sepius
608 578 882 645 quadrata,
898 576 1176 645 aliquando
1197 577 1363 630 hemi·

299 656 431 722 cycli
469 654 657 715 forma,
701 662 929 720 erectus,
971 663 1030 706 et
1069 656 1126 706 in
1162 668 1362 705 summo

299 733 500 798 planus,
534 738 597 782 ut
630 732 682 782 in
705 746 771 782 eo
803 746 904 782 uon
932 732 1098 783 solum
1122 732 1251 783 sella
1272 743 1373 783 cu·=

299 810 423 858 solis
445 808 798 871 imperatoris,
822 814 914 859 aut
933 809 1327 872 magistratuum
1344 817 1364 869 ς

299 884 389 940 sed
412 893 467 935 et
490 886 600 946 alii,
635 885 860 935 maxime
897 885 987 951 qui
1012 899 1044 935 a
1076 884 1367 936 ministerio

296 968 467 1023 eraut,
489 968 629 1012 stare
653 966 879 1027 possent.
937 961 1248 1026 Hujusmodi
1270 962 1366 1012 tri·

297 1038 503 1092 buualis
536 1049 659 1089 usus
693 1053 800 1089 non
833 1040 998 1092 solum
1022 1037 1125 1090 fuit
1147 1039 1202 1089 in
1229 1037 1365 1103 foro,

297 1123 352 1167 et
396 1116 452 1166 in
496 1106 713 1166 basilica
752 1115 915 1180 Julia,
950 1115 1038 1166 ubi
1077 1115 1368 1179 agebantur

202 1187 208 1194 ’
290 1191 498 1257 judicia
521 1208 538 1254 ς
559 1192 653 1241 sed
674 1192 831 1242 etiam
855 1192 907 1242 in
924 1192 1127 1254 eastris,
1142 1192 1185 1242 si
1203 1203 1366 1257 quan-

297 1272 363 1319 do
380 1270 693 1331 imperator.
710 1275 801 1318 aut
808 1267 901 1332 jus
925 1268 1154 1325 dicebat,
1176 1276 1270 1318 aut
1290 1268 1367 1318 ai·

294 1343 615 1404 loquebatur
648 1343 875 1404 milites3
904 1345 1030 1408 quin
1065 1349 1122 1394 et
1166 1344 1218 1392 in
1254 1342 1395 1393 aliis*

296 1419 722 1470 solennitatibus.
787 1419 987 1471 Plinius
1005 1419 1256 1484 hocloco,
1278 1420 1371 1470 ubi

293 1498 409 1562 agit
431 1496 501 1548 de
532 1498 742 1562 Trajani
776 1497 1055 1563 congiariis
1078 1504 1134 1547 et
1157 1497 1370 1547 alimen⁴

291 1575 380 1638 tis,
396 1574 757 1639 significanter
771 1574 1032 1625 meminit‘
1050 1572 1323 1625 tribunalis
1339 1572 1373 1623 :'

293 1654 420 1721 quia
441 1656 750 1719 imperator,
769 1653 1109 1717 promissurus
1131 1659 1187 1703 et
1209 1652 1372 1716 assig-

292 1737 520 1781 naturus
550 1730 809 1795 ejusmodi
842 1728 1286 1781 extraordinarias
1311 1729 1373 1779 li-

294 1805 630 1871 beralitates,
645 1803 865 1857 sedebat
878 1821 1034 1872 snper
1055 1803 1181 1856 sella
1201 1803 1373 1857 curuli

293 1882 349 1933 iu
378 1882 678 1935 istiusmodi
712 1889 962 1949 suggestu
998 1883 1188 1948 posita·
1251 1882 1373 1934 Hoc

294 1965 416 2009 erat
436 1958 688 2021 tribunal,
709 1957 848 2023 quod
882 1963 1263 2021 repraesentant
1282 1969 1375 2007 vec-

293 2042 441 2087 tusta
477 2036 809 2093 numismata.
832 2035 887 2086 in
914 2031 1213 2087 memoriam
1252 2048 1372 2084 con·

294 2115 584 2180 giariorum
606 2119 666 2165 et
688 2114 1050 2165 alimentorum
1072 2123 1219 2164 cusa.
1262 2114 1379 2163 Ua·-

295 2192 365 2244 de
389 2193 518 2252 satis
537 2196 766 2249 constat,
788 2203 1041 2242 annonam
1065 2196 1122 2241 et
1152 2191 1375 2241 alimen·

296 2275 354 2319 ta
398 2283 509 2319 nou
539 2268 606 2318 de
650 2268 804 2333 plano
838 2268 892 2317 in
931 2266 1065 2331 foro,
1106 2281 1278 2333 neque
1320 2267 1375 2317 iu

297 2347 553 2413 gradibus
578 2343 969 2410 amphitheatri,
1002 2344 1164 2396 divisa
1189 2351 1246 2396 et
1269 2344 1378 2394 dis·

299 2423 510 2473 tributa
552 2436 667 2472 esse
711 2422 926 2486 populo.
991 2421 1277 2472 Salmasius
1321 2421 1377 2472 iu

294 2499 443 2551 notis
483 2498 551 2547 ad
585 2498 866 2563 Vopiscum
901 2498 953 2548 in
990 2497 1294 2556 Aureliano,
1328 2508 1377 2550 c.

295 2581 387 2630 35.
424 2575 669 2639 tradidit,
699 2589 880 2628 omues
923 2576 1041 2626 illas
1077 2576 1282 2641 argenti
1321 2581 1381 2627 et

295 2662 504 2705 tessera
511 2668 621 2703 rum
636 2691 641 2696 <
656 2649 1112 2705 frumental-iarum
1145 2654 1381 2718 largitio·

296 2744 415 2789 nes,
452 2744 519 2781 ac
552 2729 762 2792 deinde,
800 2730 993 2782 secutis
1037 2730 1379 2794 temporibus,

299 2820 500 2873 panum
543 2806 843 2863 divisiones,
897 2807 948 2856 in
991 2806 1379 2872 amphitheatri,

300 2885 392 2935 vei
454 2884 671 2941 theatri.
730 2884 974 2947 gradibus
1030 2898 1146 2935 esse
1187 2884 1379 2936 factas.

200 3013 205 3016 Α
301 2963 354 3016 A
390 2975 498 3027 qua
544 2961 1209 3013 sententiadiscesserunt
1250 2962 1379 3027 Lip-

302 3037 432 3102 sius,
500 3035 882 3103 Gotbofredus,
953 3046 1010 3090 et
1076 3040 1383 3105 cumprimis

303 3116 690 3180 spanhemius;
722 3117 813 3182 qui
846 3125 1136 3181 postremus
1168 3118 1401 3178 demonio,

305 3199 462 3255 strat,
488 3194 541 3242 in
565 3194 786 3253 minimis
821 3195 1101 3259 veteribus,
1121 3194 1189 3245 ob
1211 3196 1380 3245 solen·

308 3270 530 3321 uitatem
572 3269 828 3334 ejusmodi
868 3272 1202 3335 largitionum
1261 3285 1381 3337 per-⁶

308 3345 499 3401 cussis,
555 3347 790 3412 conspici
845 3355 1083 3399 ereetum
1132 3348 1383 3407 tribunal,

308 3437 394 3474 seu
420 3429 744 3487 suggestum,
763 3437 878 3475 cum
902 3426 1175 3489 gradibus,
1192 3426 1381 3492 quibus

308 3503 371 3553 sd
395 3504 528 3554 illud
553 3500 1008 3566 adscendebaturg
1041 3506 1168 3554 item
1197 3504 1382 3555 sedeu-

311 3585 415 3629 tem
452 3579 509 3629 iu
528 3579 695 3630 curuli
718 3580 1125 3643 imperatorem3
1160 3589 1383 3645 proeter«

310 3668 373 3704 ea
393 3662 600 3705 stantes
625 3668 788 3719 prope
822 3657 877 3707 in
910 3656 1094 3708 eodem
1131 3665 1385 3722 suggesto

310 3744 486 3794 unam,
520 3732 607 3782 vel
632 3732 839 3795 ⁵plures,
880 3748 999 3783 cum
1045 3734 1251 3797 congio,
1289 3740 1384 3792 aut

312 3801 529 3865 tessera,
573 3806 799 3871 figuras3
841 3821 959 3874 quae
1009 3807 1382 3860 frumentarias

314 3898 529 3949 nempe,
554 3890 647 3934 aut
679 3887 995 3936 nummarias
1030 3893 1259 3937 tesseras
1281 3887 1391 3936 dis-t

318 3960 635 4026 tribuerent,
656 3960 874 4024 singulis
905 3977 998 4025 per
1032 3962 1243 4012 eosdem
1267 3977 1407 4032 gra-l

317 4037 411 4086 dus
450 4036 567 4088 illas
603 4038 994 4102 recipientibus.
1061 4040 1204 4091 Cave
1241 4054 1389 4105 vero,

318 4118 493 4176 putes,
516 4127 744 4178 semper,
763 4114 1039 4166 ordinariis
1075 4118 1234 4167 etiam
1258 4118 1387 4168 libe·-

319 4190 628 4247 ralitatibus‚
652 4198 708 4239 et
731 4188 974 4242 frumenti
1000 4193 1391 4245 alimentorum-

322 4266 805 4329 quedivisiouibus,
823 4268 1167 4331 imperatores
1191 4283 1388 4335 praese·

324 4339 453 4392 disse
488 4342 542 4391 in
585 4340 861 4398 tribunali:
897 4343 949 4393 id
981 4343 1141 4398 fiebat
1182 4353 1386 4400 tautum

446 4422 628 4487 Delph·
648 4427 699 4474 et
728 4421 843 4477 Ver.
873 4425 1003 4478 Clas.

1282 4427 1471 4488 Paneg.
1503 4424 1614 4477 Vet-

2366 408 2546 488 577‘

1436 576 1491 628 iu
1507 575 1940 630 extraordinariis
1957 577 2071 629 istis
2086 578 2501 648 solennitatibus,

1435 661 1495 705 et
1537 655 1857 720 cumprimis,
1897 640 1985 706 u'bi
2031 656 2251 720 primum
2295 657 2502 710 civibus

1434 730 1882 797 promittebantur
1895 737 1952 782 et
1969 733 2371 797 assignabantur
2386 736 2502 800 ejus

1437 807 1643 873 generis
1678 823 1894 860 munera
1925 814 1983 860 et
2027 809 2298 861 beneficia.
2362 813 2502 865 Foro

1437 892 1614 937 autem
1646 885 1895 943 Romano,
1939 885 2077 936 iuter
2111 886 2231 943 alia,
2275 887 2503 939 ricinum

1439 960 1601 1012 fuisse
1623 960 1877 1026 ejusmodi
1914 970 2238 1027 suggestum,
2270 965 2507 1016 ostendit

1437 1041 1776 1104 Spauhemius
1816 1056 1883 1091 ex
1925 1043 2043 1093 loeo
2080 1044 2225 1093 Flav.
2263 1044 2505 1109 Josepbi,

1442 1116 1533 1167 ubi
1574 1116 1768 1167 dicitur
1801 1116 1985 1181 ὑψηλόν
2013 1136 2072 1169 τε
2104 1119 2211 1170 ἐστὶ
2241 1119 2301 1170 τὸ
2329 1119 2506 1183 στέγος

1442 1192 1508 1245 sis
1528 1193 1622 1253 τὴν
1646 1192 1827 1261 ἀγορὰν
1858 1194 2023 1261 φέρον,
2044 1197 2275 1250 Sublimis
2293 1213 2405 1250 cero
2430 1205 2509 1250 est

1439 1272 1525 1322 ille
1542 1277 1816 1335 suggestus,
1835 1275 2009 1324 ducens
2023 1274 2278 1335 inferam.
2325 1276 2507 1327 Facile

1443 1354 1618 1398 tamen
1653 1348 1834 1410 credo,
1866 1348 2057 1430 deinde
2092 1352 2268 1415 piures
2302 1367 2399 1417 per
2421 1367 2509 1403 ur·

1442 1423 1525 1474 bis
1555 1424 1798 1487 regiones
1830 1426 2071 1476 extitisse
2096 1428 2355 1491 ejusmodi
2386 1443 2507 1491 sug-

1445 1508 1643 1567 gestus,
1664 1512 1756 1552 seu
1784 1502 2018 1553 tabulata
2047 1504 2278 1570 publica,
2309 1506 2363 1555 in
2392 1506 2510 1571 qui·

1445 1578 1543 1629 bus
1564 1584 1828 1629 steterunt
1844 1579 1938 1643 illi,
1957 1581 2045 1646 qni
2062 1596 2315 1632 annonam
2341 1589 2397 1633 et
2415 1584 2510 1634 ali-

1445 1663 1625 1707 menta
1651 1656 2028 1708 distribuerent
2050 1659 2264 1723 singulis
2290 1675 2320 1711 e
2344 1675 2508 1725 popu-

1444 1734 1519 1798 lo,
1540 1732 1726 1797 quibus
1748 1732 2003 1798 ejusmodi
2019 1733 2328 1787 beneficium
2348 1736 2507 1799 assig-

1446 1815 1628 1860 natum
1672 1815 1809 1875 erat,
1850 1810 2046 1862 viritim
2091 1817 2147 1861 et
2197 1812 2365 1876 palam
2413 1826 2510 1875 per

1446 1885 1639 1951 gradus
1661 1884 2112 1951 adscendentibus,
2134 1894 2290 1953 atque
2304 1889 2357 1938 iu
2369 1899 2511 1939 sum*

1447 1976 1535 2012 mo
1590 1962 1752 2025 gradu
1806 1976 2062 2014 annonam
2111 1966 2511 2029 accipientibus.

1448 2037 1535 2088 Ad
1574 2039 1827 2103 ejusmodi
1860 2045 2179 2104 suggestum,
2207 2045 2267 2091 ‘et
2301 2043 2514 2094 modum

1448 2116 1787 2181 dispensandi
1816 2115 2105 2183 ‘congiaria
2148 2127 2204 2170 et
2248 2121 2513 2184 alimenta,

1449 2194 1683 2257 respexit
1716 2193 1974 2245 Prudent.
2009 2194 2129 2246 adv.
2156 2195 2452 2260 symmach.
2473 2207 2515 2246 1.

1450 2272 1568 2320 689.
1604 2275 1618 2299 ⁸
1644 2269 1715 2320 Et
1748 2284 1901 2335 quem
1940 2272 2089 2335 panis
2121 2271 2220 2324 alit
2266 2272 2513 2336 gradibus

1449 2345 1725 2409 dispensus
1749 2347 1814 2396 ab
1837 2346 1999 2398 altis.’
2066 2348 2185 2400 Quo
2218 2349 2375 2400 etiam
2398 2361 2515 2414 per·

1452 2422 1626 2473 tinent
1644 2423 1934 2474 locutiones
1957 2424 2078 2482 illae,
2094 2425 2145 2474 in
2162 2425 2515 2491 inscriptioni-

1451 2499 1546 2550 bus
1571 2498 1820 2564 antiquis,
1851 2500 1904 2549 iu
1930 2499 2113 2552 codice
2141 2501 2522 2568 Theodosiauo,

1451 2582 1508 2626 et
1531 2576 1675 2633 alibi,
1700 2577 1890 2640 obvim,
1921 2589 2034 2628 reu.
2053 2590 2271 2629 olunvs
2308 2577 2516 2642 mv'rsA,

1453 2666 1517 2705 ur
1540 2667 1846 2717 unumve,
1878 2665 1969 2705 aut
2004 2667 2184 2706 rsus
2220 2667 2538 2720 (summus,=

1451 2730 1544 2795 qui
1567 2730 1774 2782 demum
1798 2730 1863 2781 ab
1886 2730 2159 2781 Aureliani
2197 2732 2518 2796 temporibus

1453 2807 1699 2858 distribui
1728 2813 2021 2871 coeperunt.
2086 2807 2189 2857 11ae
2227 2816 2403 2858 autem
2442 2809 2520 2858 lo·-

1453 2884 1647 2950 queudi
1670 2882 1907 2935 formulae
1931 2884 2217 2948 respiciunt
2238 2885 2355 2935 illos
2377 2885 2520 2949 ipsos

1455 2958 1669 3024 gradus,
1709 2967 1834 3010 ante
1890 2959 2161 3011 sublimem
2216 2969 2524 3025 suggestum

1454 3044 1678 3095 erectos,
1701 3051 1732 3087 e
1766 3036 1954 3102 quibus
1990 3043 2202 3088 tesserae
2236 3035 2523 3088 frumenta·

1454 3113 1566 3170 τίω.
1599 3120 1691 3164 aut
1725 3113 2052 3176 nummarias,
2075 3127 2137 3164 ac
2171 3113 2364 3165 deinde
2388 3120 2403 3144 ‘
2428 3127 2522 3179 pa-

1453 3204 1548 3241 nes
1592 3189 1853 3255 gradiles,’
1896 3190 2287 3242 dividebantur.
2355 3192 2520 3243 Plura

1454 3266 1522 3317 de
1557 3267 1657 3319 hoc
1690 3276 2002 3333 argumento
2034 3275 2338 3333 suggerunt.
2361 3281 2526 3335 quan»

1457 3357 1610 3408 quam
1631 3356 1735 3400 nou
1768 3344 1949 3395 eadem
1984 3345 2269 3407 sententia,
2288 3345 2521 3396 Turneb.

1455 3417 1684 3470 Advers.
1715 3433 1879 3471 xxvt.
1914 3422 1998 3471 34.
2032 3421 2177 3485 Lips.
2218 3422 2449 3473 Elector.
2482 3436 2527 3473 1.

1455 3500 1506 3547 8.
1537 3503 1593 3545 et
1619 3495 1690 3545 de
1712 3496 2011 3560 Magnitud.
2037 3496 2189 3548 Rom.
2212 3511 2279 3548 11.
2304 3502 2386 3547 10.
2418 3498 2524 3550 Cu·

1447 3573 1563 3638 jac.
1589 3574 1739 3626 ‚Obs.
1774 3586 1944 3625 xxvi.
1982 3578 2063 3624 17.
2095 3574 2284 3626 Jacob.
2322 3574 2524 3625 Gotho·

1456 3649 1594 3701 fred.
1638 3650 1706 3700 ad
1750 3650 1880 3700 Cod.
1911 3650 2166 3701 Theodos.
2204 3649 2269 3699 de
2307 3652 2528 3703 annonis

1457 3728 1658 3790 civicis,
1679 3733 1735 3777 et
1750 3739 1888 3792 pane
1912 3726 2136 3791 gradili;
2172 3726 2407 3790 inprimis
2431 3742 2530 3778 au-.

1458 3811 1568 3857 tem
1588 3805 1871 3870 spanhem.
1890 3803 1959 3854 de
1983 3805 2178 3854 Praest.
2200 3811 2254 3855 et
2275 3806 2389 3854 Usu
2414 3805 2528 3855 Nu-

1458 3880 1627 3937 mism.
1653 3889 1778 3931 tom.
1797 3895 1863 3932 ιι.
1885 3896 1941 3946 p.
1961 3885 2078 3931 531.
2101 3895 2250 3946 seqq.
2284 3881 2437 3934 Idem.

1526 3958 1859 4010 Gaudentibus
1888 3959 2126 4025 gaudens]
2161 3958 2292 4010 Haec
2324 3959 2528 4012 addidit

1460 4036 1688 4098 Plinius,
1729 4042 1790 4085 ut
1843 4035 2162 4091 ostenderet.
2206 4037 2529 4100 congiarium

1460 4112 1682 4178 Trajani
1710 4111 1921 4163 omuino
1943 4109 2187 4162 babuisse
2213 4112 2314 4163 vim
2345 4121 2401 4164 et
2433 4128 2529 4164 ua·

1462 4194 1632 4242 turam
1669 4188 1780 4239 veri
1819 4186 2085 4238 beneficii:
2122 4192 2308 4251 utpote
2343 4189 2434 4254 qui
2471 4189 2530 4239 id
2604 4245 2612 4252 ‚

1462 4281 1567 4318 non
1590 4273 1682 4318 aut
1694 4264 1919 4330 superbe
1940 4263 2185 4328 injecerit
2202 4268 2414 4329 populo.
2435 4274 2530 4319 aut

1463 4345 1632 4395 iratus
1677 4341 1975 4411 impegerit,
2006 4347 2098 4396 aut
2138 4338 2438 4407 difficulter,
2470 4352 2528 4398 et

2278 4426 2311 4474 2
2346 4422 2394 4473 O
