3017 4942
708 472 776 521 c.
821 470 1069 520 rainu
1115 468 1456 521 securim
1506 471 1782 520 Panse.
1864 472 1916 521 1.
1942 453 2056 521 65.

2342 456 2475 525 ΒΘ

285 613 358 664 bis
379 613 644 678 particulis
677 613 966 680 promiscue
996 614 1074 665 uti
1098 613 1337 667 videtum
1400 615 1547 681 jures
1583 615 1746 666 vestri
1782 615 1982 666 exuviis
2004 613 2227 667 nauticis
2251 622 2307 665 et
2341 617 2477 666 clas-

285 704 368 741 111.
388 694 471 740 21.
503 692 520 721 ‘
541 691 750 742 Octavii
784 692 1010 742 consulis
1042 699 1206 756 caput
1242 707 1336 758 pro
1368 694 1371 699 ’

283 767 458 817 rostris
481 767 793 833 exponitur?
826 783 906 819 lv.
923 774 974 819 6.
1008 767 1027 796 ‘
1047 769 1225 819 Roma
1251 784 1340 820 ca-

283 844 388 906 pita
423 858 673 893 caesorum
719 858 1011 908 proponere
1047 845 1100 894 in
1137 845 1338 904 rostris,

272 919 379 983 jam
414 921 662 970 usitatum
704 927 852 983 erat3
884 934 1064 971 verum
1099 921 1177 972 sic
1213 936 1337 988 quo·

280 1011 375 1061 que
409 998 596 1048 civitas
629 998 880 1061 lacrymas
911 1004 1092 1047 tenere
1117 1012 1219 1047 uon
1245 1013 1334 1062 po·

280 1076 391 1135 tuit,
439 1089 557 1124 cum
609 1074 830 1124 recisum
871 1075 1135 1125 Ciceronis
1175 1081 1339 1139 caput

279 1150 442 1199 inillis
462 1152 567 1201 suis
586 1153 770 1201 rostris
789 1148 1094 1201 rideretur)
1126 1151 1337 1215 Negare

277 1232 442 1276 tamen
459 1229 633 1286 nolim,
650 1228 924 1293 aliquando
941 1237 1234 1297 utrumque,
1250 1235 1269 1259 ‘
1283 1229 1337 1279 iu

275 1304 485 1366 rostris,'
500 1312 556 1354 et
574 1306 588 1331 ‘
598 1319 692 1369 pro
707 1303 921 1369 rostris,’
940 1304 1098 1355 etiam
1114 1305 1219 1354 late
1233 1303 1337 1354 dici

277 1393 368 1442 pro
389 1380 509 1430 loco
531 1378 633 1430 fori
653 1380 795 1430 circa
819 1387 989 1429 rostra
1010 1381 1130 1430 sito.
1167 1386 1183 1411 ‘
1202 1380 1336 1429 Ros·

276 1461 353 1504 trs
369 1454 385 1476 ’
406 1470 534 1505 vero
556 1455 703 1505 fuere
725 1456 869 1506 locus
891 1456 1101 1517 editior,
1133 1470 1199 1505 ex
1234 1471 1336 1521 quo

205 1527 210 1532 ’
277 1546 307 1580 ι
347 1533 742 1597 magistratibus
786 1532 1110 1583 habebantur
1164 1534 1337 1584 conci·

274 1623 392 1659 ones
428 1609 497 1659 ad
540 1610 807 1673 populum,
844 1609 911 1659 de
956 1610 1159 1675 legibus
1198 1612 1333 1661 aliis-

276 1699 369 1749 que
393 1686 551 1736 rebus
575 1687 640 1736 ad
665 1687 1038 1750 rempublicam
1071 1687 1336 1753 pertinen·

274 1764 437 1826 tibus;
492 1764 621 1815 item
667 1764 1015 1815 laudabantur
1063 1764 1333 1817 defunctiz

271 1843 569 1906 cumprimis
593 1857 716 1893 vero
740 1844 978 1894 consules
1006 1845 1232 1894 muueris
1255 1844 1335 1895 sui

272 1921 554 1985 auspicium
592 1921 664 1970 ibi
702 1919 987 1986 faciebant,
1023 1929 1114 1972 aut
1149 1923 1336 1986 magis·

272 2005 458 2048 tratum
484 1998 858 2063 deponebant3
891 1998 1013 2049 dum
1048 1999 1153 2050 illic
1176 2014 1231 2050 se
1254 2016 1335 2051 os-

275 2069 554 2128 tenderunt
579 2080 787 2143 populo,
822 2086 979 2144 atque
1015 2080 1064 2128 in
1101 2079 1335 2144 ingressu

270 2156 562 2205 consulatus
588 2155 856 2220 jurarunt.
880 2171 935 2206 se
969 2157 1334 2219 observaturos

271 2245 378 2281 esse
422 2233 604 2295 leges3
657 2231 711 2280 iu
761 2233 907 2282 exitu
955 2240 1150 2295 autem,
1189 2234 1331 2297 leges

272 2321 301 2357 a
343 2322 398 2358 se
447 2306 611 2358 fuisse
666 2309 984 2359 observatas.
1037 2311 1169 2360 Erat
1214 2325 1334 2373 pro-

269 2386 376 2450 prie
423 2391 725 2451 suggestus,
760 2387 813 2436 in
867 2402 1017 2452 quem
1063 2401 1160 2451 per
1215 2402 1332 2451 gra·

269 2459 361 2514 (lus
385 2461 839 2526 adscendebatur-3
866 2458 1003 2514 unde
1027 2463 1332 2514 Ammianus

270 2539 505 2592 Marcell.
546 2541 637 2592 lib.
675 2553 795 2591 xvt.
832 2539 947 2591 fere
989 2540 1180 2606 medio,
1219 2543 1333 2591 dix·

269 2615 308 2665 it
349 2617 580 2668 ‘elatum
616 2617 822 2667 vertice
847 2617 1076 2667 scansili
1116 2631 1330 2682 sugges·

271 2698 375 2742 tum
419 2695 709 2758 consulum,
756 2700 814 2744 et
858 2694 1090 2759 priorum
1138 2694 1332 2759 priuci-

269 2764 385 2832 uum
420 2771 747 2821 imitamenta
784 2770 1117 2836 portantem.’
1182 2772 1333 2843 pici-

269 2853 351 2897 tur
383 2849 542 2899 etiam
581 2848 758 2898 Plinio
795 2848 990 2912 Majori
1031 2849 1335 2906 ‘tribunal‚'

272 2930 453 2976 xvi-8.
486 2925 697 2974 ‘Antea
729 2932 896 2976 rostra
928 2925 1135 2974 navium
1168 2926 1332 2976 tribu·

267 3003 367 3051 nali
404 3001 621 3067 praefixa
657 3000 760 3052 fori
798 3002 960 3051 decus
1003 3001 1187 3052 eraut.’
1254 3003 1333 3052 Ea

269 3086 482 3142 propter
515 3080 654 3127 enim
686 3076 787 3127 boc
821 3077 1068 3141 tribunal,
1104 3080 1213 3127 sive
1245 3072 1331 3128 bic

261 3162 553 3218 suggestus,
577 3155 749 3205 vocari
786 3155 1056 3206 consuevit
1087 3153 1333 3219 ‘rusti-83⁹

266 3231 500 3296 quoniam
523 3232 577 3279 lu
602 3230 873 3281 tribunalis
894 3229 1048 3294 hujus
1069 3237 1219 3294 parte
1242 3244 1330 3279 an-

267 3306 452 3358 teriore
505 3306 663 3358 affixa
716 3315 866 3358 erant
912 3308 1117 3357 ‘rostra
1172 3313 1332 3357 oerata

266 3382 505 3441 navinm‚’
558 3398 684 3449 quas
740 3382 967 3433 Romani
1021 3381 1089 3433 A.
1144 3382 1215 3432 U.
1270 3382 1334 3432 C.

265 3471 521 3512 ccccxvr.
552 3461 775 3511 devictis
799 3459 1100 3510 Antiatibus
1122 3459 1330 3509 ademe-

266 3544 394 3586 rant.
460 3537 602 3588 Plio.
650 3550 854 3588 xxxiv.
886 3543 937 3588 5.
985 3537 1222 3588 ‘Eodem
1274 3537 1327 3586 in

267 3615 531 3665 consulatu
562 3614 652 3680 (C.
689 3615 871 3665 Maenii
893 3621 949 3664 et
980 3615 1044 3665 1..
1064 3615 1205 3664 Furii
1229 3614 1330 3665 Ca-

267 3687 433 3754 milli.)
472 3691 526 3740 in
573 3698 824 3755 suggestu
877 3699 1060 3748 rostra,
1104 3691 1329 3741 devictis

268 3760 774 3831 Antinum-,fixerat
792 3768 1016 3832 populus
1029 3765 1329 3819 Romanus:

266 3838 333 3890 Et
372 3842 485 3893 Liv.
529 3857 654 3894 vm.
702 3847 785 3894 14.
836 3844 1075 3907 ‘Rostris
1118 3846 1326 3896 navium

267 3913 551 3969 Antiatium
568 3927 870 3985 suggestum
890 3919 942 3970 iu
961 3919 1074 3972 foro
1089 3929 1326 3974 exstruc-

267 3999 371 4043 tum
413 3996 652 4047 adornari
696 3998 915 4063 placuit,
958 4005 1229 4065 rostraque
1269 4000 1323 4050 id

267 4073 507 4136 templum
531 4073 887 4139 appellatum?
931 4076 1041 4127 Cic.
1065 4090 1160 4140 pro
1183 4075 1326 4140 Lege

266 4142 445 4199 Msnil.
483 4165 529 4200 c.
569 4155 648 4200 18.
680 4150 838 4201 ‘Non
872 4150 1104 4216 pudebat
1140 4153 1326 4216 magis·

269 4229 426 4276 tratus
447 4228 626 4293 populi
650 4227 871 4278 Romani
901 4229 955 4278 in
989 4229 1130 4279 hunc
1153 4229 1323 4293 ipsum

1409 694 1540 744 sium
1598 693 1777 759 spoliis
1823 699 2061 743 ornatum
2107 693 2476 758 reliquissent.’

1411 771 1498 824 Cf.
1536 773 1678 823 Flor.
1715 787 1758 824 1.
1796 776 1878 822 11.
1943 768 2066 822 Non
2106 779 2280 821 autem
2308 772 2476 821 solum

1409 850 1527 900 Liv.
1548 850 1584 899 1.
1606 851 1656 900 ὀ.
1679 849 1771 899 sed
1793 848 1952 898 etiam
1986 848 2098 897 Cic.
2132 848 2185 897 iu
2211 848 2390 898 Vatin.
2424 862 2475 898 c.

1410 929 1491 974 10.
1517 934 1688 977 rostra
1710 932 1959 975 vocarunt
1993 923 2308 987 ‘templum'
2371 926 2387 955 ‘
2409 924 2476 974 In

1411 1001 1626 1064 rostris,'
1657 1003 1844 1066 inquit,
1877 1002 2162 1065 ‘augurato
2192 1000 2389 1065 templo
2413 1016 2476 1051 ac

1410 1075 1574 1140 loco;’
1606 1091 1710 1127 non
1735 1076 1880 1141 quasi
1903 1091 1962 1126 re
1987 1090 2126 1138 vera,
2149 1074 2288 1142 quod
2316 1077 2476 1127 Bion-

1410 1152 1504 1203 dus
1540 1153 1780 1217 opinatus
1814 1160 1912 1211 est,
1945 1151 2223 1204 aedilicium
2254 1152 2475 1217 alicujus

1411 1231 1661 1298 templiQ‘
1680 1230 1992 1281 rostrorum’
2024 1231 2232 1280 nomine
2261 1231 2474 1296 insigui-

1412 1307 1472 1372 ti,
1488 1308 1561 1358 ibi
1579 1306 1739 1358 fuerit
1757 1325 1773 1370 ;
1809 1308 1900 1358 sed
1919 1308 2158 1374 quoniam
2177 1309 2317 1359 locus
2329 1322 2476 1359 sacer

1409 1390 1466 1434 et
1509 1385 1723 1449 autgario
1760 1392 1942 1445 captus
1974 1383 2261 1448 generatim
2299 1383 2475 1434 dictus

1408 1468 1492 1511 est
1522 1464 1539 1490 ⁸
1560 1459 1844 1523 templum?
1908 1459 2153 1523 Duplicia
2176 1474 2302 1510 vero
2334 1460 2476 1510 ‘ros-

1408 1542 1522 1588 tra’
1552 1536 1700 1587 fuere
1738 1537 1948 1586 Romaez
1984 1537 2216 1593 ‘vetera,
2254 1537 2307 1585 in
2342 1534 2478 1598 foro,

1408 1621 1532 1663 ante
1575 1613 1769 1663 curiam
1810 1611 2128 1662 Hostiliam.’
2191 1611 2363 1665 Varro
2405 1610 2475 1664 de

1410 1691 1469 1741 L.
1495 1689 1559 1740 1..
1582 1702 1658 1739 lv.
1681 1692 1732 1738 2.
1763 1686 1779 1714 ‘
1796 1687 1935 1738 Ante
1951 1689 2080 1738 banc
2096 1685 2319 1753 (curiam
2335 1688 2477 1739 Hos·

1406 1767 1594 1825 tiliam,
1622 1781 1653 1816 a
1688 1780 1812 1830 rege
1853 1766 2085 1831 Hostilio
2118 1764 2478 1832 aedificstam,)

1407 1852 1608 1906 rostra3
1634 1842 1818 1908 quibus
1838 1842 1891 1892 id
1912 1842 2384 1907 vocabulum‚quod
2407 1858 2477 1894 ex

1407 1920 1641 1970 hostibus
1666 1926 1823 1983 capta
1847 1918 1951 1969 fixa
1975 1926 2095 1968 sunt
2121 1918 2322 1970 rostra?
2356 1921 2476 1970 Ste-

1409 2001 1587 2046 terunt
1629 1994 1741 2044 haec
1787 2001 1991 2044 ‘rostra
2029 1993 2240 2044 vetera’
2286 1994 2339 2044 in
2382 1995 2476 2046 illo

1366 2086 1373 2092 ·
1406 2073 1573 2123 latere
1609 2072 1764 2121 medii
1805 2070 1926 2133 fori,
1962 2072 2101 2123 unde
2138 2077 2374 2123 oratores
2407 2072 2476 2122 ad

1406 2150 1708 2200 Palatinum
1748 2158 1912 2214 terga,
1933 2151 2129 2200 vultum
2167 2149 2233 2200 ad
2265 2151 2478 2215 Capito·

1407 2229 1554 2289 lium,
1600 2236 1990 2278 converterunt.
2059 2228 2199 2277 Vide
2243 2228 2478 2279 Minuto·

1410 2305 1516 2356 lum
1541 2305 1592 2354 in
1613 2304 1835 2355 Dissert.
1861 2318 1961 2353 vn.
1981 2304 2046 2352 de
2065 2303 2311 2355 AEdificiis
2324 2305 2477 2357 Judi-

1408 2382 1646 2433 cialibus.
1703 2388 1719 2412 ‘
1734 2383 1927 2432 Rostra
1946 2380 2115 2445 ιονιξ
2137 2382 2245 2432 sive
2267 2382 2283 2410 ‘
2300 2382 2481 2440 Julian:

1407 2460 1566 2508 etiam
1600 2459 1652 2508 in
1681 2457 1800 2509 foro
1818 2459 1919 2507 sita
1940 2457 2105 2515 fuere,
2131 2458 2225 2507 sed
2249 2457 2315 2507 ad
2340 2459 2477 2508 radi-

1408 2551 1499 2586 ces
1543 2536 1762 2598 Palatii,
1807 2543 1863 2584 et
1905 2535 1969 2585 ad
2007 2535 2173 2584 sedem
2211 2536 2286 2587 D.
2315 2536 2477 2597 Julii3

1406 2613 1646 2679 quonism
1669 2613 1778 2665 Jul.
1808 2612 1990 2661 Caesar
2009 2626 2074 2661 ea
2095 2611 2202 2661 illic
2224 2612 2479 2663 constitu·

1409 2696 1543 2740 erat.
1584 2690 1939 2753 utrorumque
1961 2688 2205 2738 indicium
2227 2687 2354 2738 facit
2373 2689 2476 2739 Dio

1407 2768 1549 2818 Cass.
1570 2768 1609 2816 l.
1627 2781 1740 2817 ινι.
1762 2780 1815 2831 p.
1831 2770 1943 2816 ⁶92.
1964 2765 2054 2815 ubi
2071 2765 2138 2815 de
2157 2764 2380 2829 Augusti
2398 2765 2480 2815 fu·

1406 2858 1535 2894 nere
1560 2843 1763 2900 scribit,
1789 2850 2087 2908 narratque,
2110 2841 2345 2893 defuncti
2368 2842 2479 2894 An·

1406 2921 1545 2985 gusti
1581 2922 1775 2971 lectum
1811 2918 2028 2969 feralem
2062 2920 2288 2984 positum
2315 2918 2475 2971 fuisse

1406 2996 1485 3049 ἐπὶ
1504 2997 1594 3047 τοῦ
1614 2997 1930 3059 δημηγορικυῦ
1942 2996 2176 3059 βήματος,
2189 2998 2243 3046 in
2259 2997 2473 3047 tribune·

1405 3075 1443 3124 ιι·
1463 3074 1826 3129 condonatur-io,
1852 3074 1889 3122 ἰ.
1911 3088 1959 3122 e.
1989 3075 2041 3123 in
2074 3073 2255 3123 rostris
2284 3073 2476 3123 veteri-

1404 3151 1522 3213 bus,
1560 3165 1629 3200 ex
1663 3150 1845 3215 quibus
1879 3148 2310 3215 frequentissima
2352 3163 2476 3199 con·

1405 3228 1586 3278 ciones
1606 3227 1831 3288 babitae3
1867 3234 1920 3276 et
1942 3241 2008 3275 ex
2030 3226 2109 3275 his
2134 3225 2315 3275 rostris
2330 3225 2474 3276 Dru·

1402 3319 1516 3354 sum
1547 3305 1832 3354 orationem
1866 3302 2137 3353 funebrem
2173 3304 2242 3353 de
2277 3305 2475 3367 scripto

1407 3381 1688 3444 recitasse-3
1722 3389 1799 3445 at,
1823 3380 1917 3431 ἀπὸ
1937 3378 1990 3431 δὲ
2007 3383 2106 3430 τῶν
2125 3379 2299 3445 ἑτέρων
2327 3378 2472 3442 ἐμβό-

1403 3465 1503 3507 λων
1542 3460 1642 3507 τῶν
1680 3457 1904 3516 Ἰουλίων,
1948 3473 2035 3522 pro
2076 3458 2245 3508 allois
2283 3460 2473 3521 rom-is,

1402 3536 1559 3585 Juniis
1596 3536 1775 3599 dictis,
1817 3537 2085 3587 Tiberium
2130 3551 2196 3587 ex
2239 3545 2471 3586 senatus·

1404 3613 1639 3663 consulto
1683 3628 1970 3678 perorasse.
2046 3614 2204 3663 Paria
2247 3626 2471 3663 comme·

1403 3699 1576 3740 morat
1597 3691 1811 3740 Sueton.
1834 3691 1886 3739 iu
1904 3689 2040 3754 Aug.
2063 3706 2110 3740 c.
2133 3695 2244 3741 100.
2267 3687 2472 3754 Augus-

1403 3770 1484 3815 tus
1519 3765 1786 3816 ‘bifariam
1815 3767 2057 3817 laudatus
2090 3775 2200 3817 est:
2237 3780 2334 3830 pro
2354 3766 2471 3816 aede

1400 3843 1475 3893 D.
1497 3843 1625 3895 Julii
1650 3858 1679 3892 a
1702 3843 1948 3904 Tiberim
1982 3852 2035 3893 et
2062 3858 2157 3907 pro
2181 3846 2361 3894 rostris
2380 3859 2469 3894 ve-

1404 3918 1601 3968 teribus
1626 3932 1658 3967 a
1681 3920 1877 3979 Druso,
1899 3919 2093 3968 Tiberii
2117 3919 2262 3969 filio.’
2308 3920 2469 3970 Utro-

1402 4010 1617 4061 rumque
1653 4003 1936 4046 rostrorum
1978 3995 2192 4047 formem
2230 3998 2470 4048 exanti-

1400 4074 1516 4139 quis
1550 4072 1767 4123 nummis
1805 4072 2037 4121 ostendit
2074 4074 2354 4139 Spanbem.
2399 4074 2468 4126 (le

1401 4151 1684 4200 Praestant.
1708 4156 1764 4198 et
1787 4149 1895 4198 Usu
1925 4150 2176 4200 Numism.
2200 4152 2300 4201 vol.
2324 4166 2386 4202 n.
2412 4150 2465 4217 p:

1399 4232 1516 4279 191.
1539 4240 1667 4292 quos
1686 4238 1922 4276 nummos
1945 4227 1997 4275 iu
2021 4242 2196 4278 eorum
2222 4231 2463 4293 gratiam,

266 4296 426 4354 iocum
441 4305 907 4372 adscendere‚cum
923 4319 1044 4358 eum
1056 4304 1207 4356 vobis
1218 4320 1323 4369 ma·
1395 4305 1586 4372 quibus
1620 4304 1736 4368 ejus
1772 4304 1979 4368 generis
2008 4304 2134 4356 libri
2159 4321 2260 4357 non
2285 4307 2462 4358 statim
