3017 4942
770 432 836 480 0.
882 427 1125 480 PLINII
1174 425 1507 478 SEOUNm
1560 425 1837 476 PANEG·

325 573 621 632 Ciceronis,
641 572 919 624 adversari.
936 573 992 623 Si
1010 572 1146 627 enim
1172 577 1399 622 mentem

334 650 671 704 Quinctiliani
695 657 836 700 recte
860 650 1034 714 capio,
1060 651 1137 699 ita
1160 649 1301 698 illum
1328 649 1400 697 lo-

333 739 452 776 cum
482 727 619 790 lego,
642 726 729 791 qui
758 725 888 774 alias
914 726 1065 774 variis
1086 724 1400 775 lectionibus

332 815 436 852 non
474 817 655 866 parum
690 808 967 865 corruptus
1007 810 1115 851 est:
1152 802 1243 851 ‘Si
1268 800 1401 850 anti-

334 893 490 942 quum
513 891 799 927 sermonem
824 884 999 926 nostro
1023 891 1397 940 comparemus,

333 968 486 1016 paene
503 955 634 1016 jam,
663 953 911 1018 quidquid
937 952 1400 1019 loquimur‚·figura

333 1033 448 1078 est:
486 1034 565 1089 ut,
585 1028 672 1078 Ιιασ
699 1043 751 1077 re
771 1028 1024 1086 invidae,-
1064 1044 1186 1089 non,
1207 1037 1265 1078 ut
1291 1043 1395 1077 om-

335 1119 426 1155 nes
444 1112 667 1169 veteres,
691 1111 747 1155 et
763 1107 946 1155 Cicero
972 1106 1258 1169 praecipue,
1278 1106 1399 1154 hanc

329 1183 470 1246 γεω]
505 1185 607 1232 &c.
668 1182 834 1232 Sicuti
869 1196 994 1246 ergo
1036 1184 1120 1231 vix
1152 1182 1399 1231 credibile

331 1265 433 1315 est,
479 1258 706 1308 Plinium
749 1260 956 1308 omnino
998 1261 1257 1322 sprevisse
1299 1261 1397 1308 hoc

334 1336 693 1399 Quinctiliani,
727 1337 1068 1399 praeceptoris
1094 1337 1189 1392 sui,
1206 1335 1400 1399 judici-

331 1428 456 1474 nm3
497 1413 594 1475 ita,
625 1413 678 1462 in
716 1418 798 1462 tot
840 1412 1088 1462 librorum
1126 1426 1399 1468 consensu,

330 1490 512 1554 ntique
538 1489 853 1539 tutissimum
876 1496 975 1550 est,
997 1489 1141 1554 sequi
1166 1490 1278 1538 eam
1295 1490 1402 1538 lec·

332 1567 529 1618 tionem
553 1582 670 1632 quae
713 1566 975 1616 veteribus
1003 1566 1236 1629 probatae
1261 1566 1399 1614 Lati·

331 1645 516 1694 nitatis
539 1643 859 1706 auctoribus,
883 1650 939 1692 et
963 1643 1224 1707 praecipue
1250 1643 1398 1692 Cice-

331 1722 469 1784 roni,
513 1728 592 1770 est
637 1719 917 1770 conformis
947 1736 959 1766 =
1016 1734 1131 1769 cum
1157 1708 1399 1768 *maxime

329 1799 447 1862 ipse
483 1799 621 1850 Plin.
656 1798 826 1861 Epist.
863 1811 902 1847 1.
933 1802 981 1846 5.
1018 1795 1281 1860 professus
1315 1798 1399 1852 sit,

331 1875 433 1925 sibi
457 1889 569 1924 esse
591 1889 709 1924 cum
730 1874 984 1923 Cicerone
1002 1875 1401 1935 aemulationem,

331 1965 505 2016 neque
529 1965 587 2000 se
620 1964 736 1999 esse
768 1956 1073 2000 contentum
1103 1950 1401 2014 eloquentia

335 2028 516 2081 saeculi
540 2027 637 2077 sni.
672 2028 826 2077 Idem.
1149 2045 1158 2051 ’

399 2105 471 2153 Et
519 2104 755 2167 exercita]
810 2103 877 2153 In
919 2103 1101 2154 codice
1142 2103 1400 2153 Vaticano

329 2184 480 2231 3461.
504 2180 987 2245 Guelpherbytano,
1005 2181 1211 2230 Veneto
1236 2187 1278 2231 l.
1297 2182 1401 2230 Pa·

325 2256 527 2313 nivino,
551 2257 782 2322 itemque
802 2257 968 2306 altero
988 2255 1121 2305 libro
1137 2256 1401 2318 Gudiano,

331 2347 428 2396 pro
472 2334 703 2391 exercita,
744 2334 963 2397 legimus
1014 2333 1355 2383 exercitatione
1380 2349 1400 2392 ‚-

330 2411 595 2472 vulgatam
640 2416 814 2459 tamen
851 2410 1127 2459 lectionem
1174 2408 1401 2459 nondum

329 2485 447 2535 loco
492 2500 693 2535 moveo.
759 2485 886 2535 Viro
931 2484 1227 2548 christoph.
1264 2483 1401 2548 Aug.

332 2561 646 2623 Heumanno
670 2563 871 2612 Plinius
907 2561 1116 2611 videtur
1159 2560 1400 2612 recorda·

331 2645 416 2688 tus
439 2654 553 2688 esse
580 2640 852 2689 verborum
878 2639 1142 2689 Ciceronis
1162 2653 1224 2687 ex
1251 2630 1401 2688 Orat.

329 2731 427 2781 pro
442 2717 660 2773 Milone,
678 2731 795 2778 cap.
818 2721 868 2765 2.
891 2716 906 2743 ‘
928 2714 1068 2767 Quid
1090 2715 1239 2765 nobis
1257 2715 1398 2765 labo-

329 2793 533 2850 riosius,
579 2792 706 2858 quid
739 2792 900 2854 magis
935 2792 1242 2848 exercitum,
1276 2792 1400 2856 dici,

330 2877 422 2919 aut
438 2869 584 2933 fingi,
616 2874 791 2933 potest
814 2867 853 2919 i’
871 2867 1125 2932 Equidem
1152 2869 1274 2917 nibil
1293 2869 1400 2919 sin·

330 2948 511 3010 gulare
540 2954 642 3010 est,
678 2946 720 2994 si
753 2945 982 2995 homines
1015 2945 1257 2997 dicantur
1293 2946 1398 2995 ‘la-

327 3022 549 3075 boriosi'
588 3032 645 3074 et
685 3021 987 3085 ‘exerciti,'
1024 3022 1102 3071 uti
1149 3023 1202 3070 in
1241 3022 1398 3072 allato

330 3099 603 3152 Ciceronis
627 3101 775 3162 loc03
799 3105 853 3148 et
875 3098 1011 3161 apud
1037 3091 1260 3148 Plinium
1288 3113 1399 3148 nos-

329 3183 490 3237 trum,
513 3175 682 3239 Epist.
700 3190 753 3224 v.
777 3180 857 3224 18.
879 3182 892 3204 ⁸
912 3175 1218 3237 Unquamne
1242 3176 1398 3225 vidis·

330 3254 371 3302 ti
395 3266 686 3317 quenquam
707 3259 811 3300 tam
839 3248 1147 3299 laboriosum
1163 3257 1224 3307 ⁴et
1248 3266 1397 3299 exer·

328 3330 509 3391 citum,
538 3344 693 3393 quam
729 3330 991 3378 Varenum
1028 3343 1197 3377 meum
1218 3327 1256 3377 θ’
1323 3328 1399 3381 At

326 3420 434 3455 non
470 3405 567 3454 nisi
605 3419 701 3468 per
729 3412 938 3469 tropum
975 3404 1088 3452 aliae
1124 3405 1281 3453 etiam
1314 3419 1398 3461 res

327 3482 577 3532 dicuntur
600 3480 878 3531 laboriosae·
895 3487 951 3528 et
982 3480 1249 3542 exereitae,
1283 3495 1397 3545 quoe

326 3558 476 3609 nobis
499 3557 716 3607 multum
752 3555 943 3605 laboris
970 3554 1255 3612 facessunt,
1279 3571 1396 3605 nos·

328 3649 432 3699 que
451 3635 590 3683 curis
607 3633 783 3687 multis
797 3639 852 3682 et
871 3632 1093 3695 negotiis
1112 3640 1362 3682 exercent
1379 3647 1395 3695 ς

326 3712 407 3761 uti
430 3711 666 3760 hocloco
690 3708 895 3773 imperii
921 3709 1302 3759 administratio
1323 3709 1396 3757 di·

326 3788 466 3838 eitur
509 3789 706 3847 ‘statio
746 3788 1000 3837 laboriosa
1034 3794 1090 3836 et
1131 3785 1401 3836 exercita!

329 3865 422 3915 Sic
447 3878 570 3913 vero
606 3864 809 3913 Plinius
846 3870 1030 3913 noster.
1047 3863 1205 3915 etiam
1229 3863 1397 3928 Epist.

327 3954 436 3991 vn.
462 3945 512 3990 2.
548 3941 565 3969 ‘
587 3940 769 3990 Patiar
804 3953 933 4001 ergo
961 3945 1194 3989 aestatem
1231 3940 1397 4005 inqui·

326 4024 468 4067 etam
509 4016 654 4066 vobis
702 4016 1092 4080 exercitamque
1140 4025 1396 4066 transcur-

327 4092 480 4144 rere.'
551 4094 622 4142 Et
646 4091 800 4154 infra,
823 4092 1022 4154 Paneg.
1047 4106 1163 4141 xcx.
1187 4098 1234 4143 1.
1270 4096 1285 4123 ‘
1305 4093 1397 4143 Of-

327 4169 975 4225 ficium-laboriosissimum
1006 4177 1061 4219 et
1087 4171 1402 4221 maximum!

326 4248 531 4300 Plinius
576 4247 751 4310 Major
790 4259 891 4295 vn.
930 4249 979 4294 8.
1018 4247 1082 4295 de
1117 4244 1394 4310 Agrippa:

325 4332 342 4356 ⁴
362 4325 563 4376 Misera
579 4323 822 4384 Juventa‚
856 4322 1094 4372 exercito
1125 4336 1236 4372 aevo
1256 4323 1397 4374 inter

1917 427 1970 478 Ι.
2000 409 2111 476 86.
2367 408 2541 475 1045

1472 585 1616 621 arma
1640 569 1950 635 motusque.’
2018 571 2233 620 Sueton.
2261 567 2378 619 Tib.
2409 583 2455 618 c.
2491 572 2542 617 5.

1473 645 1794 696 ‘Infantiam
1841 645 2217 711 pueritiamque
2249 643 2432 694 babuit
2464 643 2541 693 la-

1476 724 1731 774 boriosam
1754 728 1808 771 et
1833 721 2156 773 exercitam.’
2191 723 2343 771 Idem.
2394 746 2397 751 -

1483 814 1492 824 ·
1540 788 1796 848 Labor-tosa
1839 798 1934 846 ista
1973 797 2175 846 statione
2215 803 2263 847 et
2305 795 2542 860 exercita]

1474 875 1676 927 Auctor
1699 877 1869 939 Epist.
1892 889 1974 924 vt.
1999 878 2080 924 13.
2101 875 2117 902 ‘
2143 869 2449 939 Unqudmne
2465 875 2540 924 vi·

1474 955 1601 1004 disti
1645 969 1954 1019 quemquam
2001 960 2104 1002 tam
2139 952 2451 1002 laboriosum
2486 956 2543 1000 et

1474 1033 1782 1086 exercitum,
1827 1046 1980 1095 quam
2018 1030 2279 1079 Varenum
2321 1043 2487 1079 meum
2505 1027 2545 1078 2¹

1475 1109 1690 1158 Sueton.
1713 1107 1826 1156 Tib.
1855 1121 1973 1170 cap.
2005 1110 2054 1154 6.
2075 1111 2090 1134 ‘
2110 1103 2390 1154 Infantiam
2417 1119 2543 1171 pue·

1477 1185 1749 1248 ritiamque
1772 1183 1951 1232 babuit
1981 1181 2289 1232 laboriosam
2313 1189 2368 1232 et
2391 1195 2541 1230 exer-

1476 1260 1652 1321 citam,
1674 1274 1844 1309 eomes
1874 1272 2241 1324 usquequaque
2266 1265 2543 1323 parentum

1475 1334 1653 1400 fugae.’
1707 1336 1828 1385 Scio
1854 1335 2010 1384 aliter
2028 1334 2225 1397 vulgari
2245 1348 2259 1393 3
2283 1334 2372 1382 sed
2391 1334 2544 1383 Lam·

1474 1413 1596 1462 bino
1635 1412 1890 1461 assentior
1942 1410 2016 1459 sic
2071 1410 2270 1472 legenti
2321 1410 2399 1458 vel
2443 1408 2542 1459 bac

1475 1489 1697 1538 maxime
1728 1488 1880 1537 Plinii
1907 1485 2239 1536 auctoritate.
2310 1485 2422 1534 Cic.
2440 1479 2543 1548 ‘pro

1476 1566 1592 1615 Mil.
1618 1573 1632 1595 ‘
1657 1564 1796 1617 Quid
1831 1565 1969 1613 enim
1992 1562 2140 1611 nobis
2165 1561 2387 1625 duobus,
2403 1563 2545 1625 judi·

1475 1657 1585 1704 ees,
1627 1641 1951 1704 laboriosius,
1986 1638 2112 1705 quid
2147 1639 2308 1701 magis
2353 1638 2543 1688 sollici-

1478 1727 1607 1782 tnm,
1632 1719 1796 1781 magis
1824 1718 2114 1767 exercitum
2147 1716 2269 1772 dici,
2294 1723 2384 1766 aut
2419 1714 2545 1779 fingi

1478 1794 1705 1859 potest?
1741 1793 1904 1843 Livin.

1544 1873 1646 1920 Res
1677 1870 1882 1934 optima]
1915 1869 2108 1921 Quidni
2152 1869 2383 1932 optima?
2427 1884 2542 1919 meo

1476 1947 1661 1998 intimo
1685 1949 1873 2003 animo,
1896 1953 1950 1995 et
1978 1945 2208 1996 Socratis
2231 1944 2390 2007 dicto,
2413 1949 2542 2008 Σχο-

1385 2054 1392 2059 -
1473 2023 1539 2083 λὴ
1565 2022 1833 2074 κάλλιστον
1865 2020 2136 2081 κτημάτων,
2175 2021 2340 2077 Quies,
2365 2023 2545 2086 optima

1475 2119 1649 2153 rerum.
1683 2103 1789 2153 Adi
1809 2103 2056 2152 Senecam
2073 2106 2306 2151 nostrum
2330 2101 2393 2150 de
2415 2102 2545 2151 Bre-

1479 2183 1573 2231 vit.
1597 2197 1712 2244 cap.
1737 2186 1785 2230 5.
1824 2181 1962 2244 Lips.

1545 2259 1880 2319 Confusionem
1914 2257 2067 2320 tuam]
2104 2255 2167 2304 Id
2199 2260 2279 2304 est
2307 2255 2544 2304 moestiti·

1477 2349 1560 2384 am
1580 2343 1632 2384 et
1649 2334 2108 2398 perturbationem,
2124 2331 2379 2394 σύγχυσιν.
2402 2330 2543 2381 Aue·

1477 2419 1564 2462 tor
1587 2412 1758 2476 Epist.
1778 2426 1815 2462 1.
1831 2416 1916 2461 22.
1940 2412 1955 2441 ‘
1973 2409 2087 2459 Erit
2105 2408 2394 2458 confusioni
2413 2420 2544 2460 meae

1475 2501 1578 2536 non
1625 2487 1888 2537 mediocre
1928 2485 2189 2541 solatium,
2232 2485 2274 2533 si
2317 2492 2372 2533 tu
2412 2484 2543 2535 »nibil

1476 2562 1745 2629 quereris)
1781 2577 1870 2613 111.
1894 2567 1973 2613 10.
2007 2562 2024 2590 ‘
2045 2563 2315 2612 Praeterea
2345 2561 2542 2609 veritus

1475 2655 1609 2706 sum,
1631 2655 1697 2690 ne
1731 2645 1821 2690 vos
1856 2638 2010 2689 festis
2041 2638 2227 2688 diebus
2256 2635 2544 2689 confunde-

1476 2732 1607 2781 rem,
1641 2717 1683 2765 si
1719 2717 1770 2766 in
1806 2715 2106 2765 memoriam
2130 2713 2414 2777 gravissimi
2436 2715 2543 2763 luc·

1475 2801 1559 2844 tus
1587 2791 1937 2844 reduxissem.'
1977 2793 2049 2841 Et
2068 2790 2192 2840 alibi
2219 2789 2542 2856 frequenter.

1473 2871 1747 2924 Juvenalis
1769 2870 1883 2920 Sat.
1905 2882 1995 2917 111.
2034 2875 2047 2897 ⁸
2070 2867 2319 2918 Quamvis
2344 2867 2543 2930 digres÷

1477 2963 1540 2998 su
1565 2947 1756 2997 veteris
1776 2943 2020 2995 confusus
2036 2941 2228 3004 amici,'
2247 2945 2344 2990 ὅτε.
2378 2941 2542 2994 Livia.

1545 3021 1901 3084 Confusionem]
1935 3019 2241 3075 Tristitiam‚
2259 3020 2417 3068 animi
2437 3025 2544 3068 tur,

1474 3101 1760 3161 bationem,
1808 3098 2083 3160 utiturque
2114 3097 2231 3160 plus
2270 3094 2430 3144 semel
2467 3095 2543 3144 ita

1473 3178 1692 3234 Plinius,
1715 3184 1769 3226 et
1793 3175 1907 3239 ejus
1931 3172 2031 3222 aevi
2055 3174 2355 3236 scriptores.
2387 3171 2539 3236 Lips.⁴

1490 3286 1496 3291 -
1544 3252 1878 3312 Confusionem
1902 3248 2055 3311 tuam]
2107 3249 2152 3297 1.
2176 3264 2225 3299 e.
2242 3248 2542 3297 moestitiam

1473 3336 1530 3380 et
1552 3329 1709 3379 animi
1747 3325 2112 3379 turbationem.
2130 3364 2147 3373 -
2180 3325 2361 3375 Codex
2383 3325 2543 3373 Pata,

1457 3394 1623 3455 'vinus
1660 3414 1714 3454 et
1762 3403 1892 3453 liber
1933 3401 2214 3451 Vossianus
2262 3415 2543 3464 perperam

1471 3483 1722 3533 exhibent
1742 3479 2081 3540 confessionem.
2107 3484 2254 3527 tuam.
2327 3477 2542 3542 Noster,

1472 3560 1645 3622 Epist.
1686 3571 1723 3606 1.
1760 3560 1842 3606 22.
1874 3559 1891 3584 ‘
1913 3554 2028 3604 Erit
2074 3551 2371 3603 confusioni.
2409 3568 2540 3605 meas

1473 3649 1577 3684 non
1597 3634 1857 3683 mediocre
1877 3628 2155 3680 solatium.'
2191 3629 2324 3678 ven.
2349 3643 2410 3679 11.
2431 3634 2544 3681 124.

1473 3710 1649 3764 §.Quid
1694 3717 1818 3758 tunc
1851 3706 2080 3755 homines
2116 3704 2542 3770 timuerint,quae

1471 3796 1681 3839 senatus
1704 3782 2004 3847 trepidatio,
2030 3796 2145 3844 quae
2164 3782 2338 3843 populi
2359 3782 2541 3831 consu.

1474 3866 1572 3928 sio,
1597 3863 1709 3929 quis
1733 3860 1867 3911 orbis
1894 3857 2096 3914 metus?
2118 3862 2218 3907 &c.
2261 3859 2372 3908 Val.
2397 3859 2542 3911 Max.

1473 3956 1564 3992 ln.
1585 3945 1633 3990 8.
1657 3944 1706 3988 6.
1729 3940 1744 3967 ‘
1765 3937 1827 3986 In
1852 3934 2075 3984 maxima
2091 3934 2395 3984 confusione
2415 3937 2542 3988 nibil

1474 4035 1507 4070 a
1549 4026 1752 4068 tuorum
1798 4010 2144 4076 amplitudine
2191 4012 2542 4075 degenerasti-

1474 4099 1669 4147 Coacta
1692 4109 1748 4144 es
1774 4107 1837 4141 eo
1858 4089 2252 4149 loci-insistere,
2288 4089 2374 4139 ubi
2401 4091 2545 4152 prin.

1472 4174 1646 4237 cipum
1669 4167 1894 4220 civitatis
1919 4164 2213 4230 perturbari
2242 4163 2384 4212 frons
2410 4168 2543 4216 sole.

1475 4247 1603 4298 bat.’
1638 4247 1988 4305 Petron.cap.
2015 4244 2125 4291 101.
2148 4242 2162 4269 ‘
2184 4241 2393 4290 Poteris
2406 4242 2540 4299 hane

1474 4321 1877 4383 simulationem,
1914 4324 1969 4367 et
2002 4316 2262 4381 lacrymis,
2291 4322 2347 4366 et
2373 4319 2541 4369 vultus
