3017 4942
732 373 800 422 c.
846 369 1087 424 ΡωΝιι
1126 366 1468 421 saeuum
1519 369 1800 422 ranno.
1873 368 1923 421 ι.
1966 353 2078 421 40.

296 514 359 567 iu
378 511 575 580 stagm'.'
597 528 687 579 ap.
716 515 894 566 Burni.
916 531 970 580 p.
993 519 1111 568 668.
1144 513 1161 544 ‘
1180 514 1263 567 Ac
1285 520 1362 566 to·

301 600 393 644 tua
421 592 517 643 tibi
546 593 712 650 servit
742 593 940 643 honor.'
1006 592 1110 643 Sed
1139 593 1369 648 occurrit

297 669 355 720 in
378 669 479 719 hoc
514 668 674 719 verbo
707 671 941 735 quaedam
976 670 1224 719 varietas.
1258 669 1368 718 Pu·

301 745 561 811 molanus,
593 747 901 811 Beroaldus,
942 748 1240 811 cataneus,
1275 745 1367 797 At-

297 823 415 881 dus,
435 824 804 888 cuspinianus,
817 826 1004 881 Junta,
1019 824 1370 888 Phuensium,

297 900 600 959 Rhenanus,
626 902 694 952 R.
729 909 786 953 et
816 902 890 952 Η.
924 902 1196 967 Stephani,
1228 901 1368 965 Gry·

298 983 474 1048 phius,
509 983 814 1047 Sichardus,
838 982 1057 1036 Navius,
1080 981 1370 1043 Livineius,

299 1060 533 1125 Lipsius,
577 1062 860 1123 Gruterus,
894 1067 951 1109 et
990 1059 1077 1110 alii
1118 1058 1369 1109 exhibent

297 1143 534 1188 servetur.
605 1137 803 1187 Contra
856 1136 1029 1188 codex
1081 1135 1369 1185 Vaticanus

296 1217 450 1265 3461.
477 1213 987 1278 Gu'elplterbytanus,
1003 1220 1062 1263 et
1084 1211 1214 1262 liber
1239 1213 1367 1261 Vos-

296 1290 475 1340 sianus
515 1290 713 1340 liabent
755 1295 905 1340 totam
945 1291 1178 1353 sepulcro.
1221 1294 1369 1340 town

284 1365 481 1430 funeri,
501 1372 675 1417 servet.
740 1368 959 1429 Verum,
982 1367 1034 1415 in
1057 1366 1240 1418 codice
1261 1366 1367 1414 Ve-

295 1451 424 1494 neto
449 1443 692 1507 legimus,
715 1451 873 1508 prout
907 1444 1233 1507 evulgamus,
1266 1447 1370 1492 tota

293 1521 529 1583 sepulcro,
572 1525 677 1570 totu
702 1520 894 1583 funeri,
936 1521 1131 1570 serem-
1196 1519 1369 1571 Quam

294 1597 581 1650 lectionem
592 1598 707 1660 jam
730 1597 784 1646 in
799 1598 1033 1662 margine
1052 1593 1368 1648 annotirunt

293 1673 586 1738 Gryphius,
620 1675 918 1735 Sichardus‚
952 1674 1021 1724 H.
1054 1674 1372 1737 Stephanus,

296 1749 554 1801 Claudius
574 1750 772 1808 Minoe,
793 1752 1018 1808 Elzevir‚
1054 1757 1109 1801 et
1132 1750 1368 1807 Rivinus,

297 1826 627 1892 eandemque
652 1828 762 1892 jam
795 1828 851 1877 in
884 1836 1191 1888 contextum
1212 1828 1369 1877 orati·

296 1903 413 1954 onis
447 1910 769 1967 receperunt
800 1904 1146 1960 Boxhoruius‚
1180 1900 1367 1956 Kirch·

294 1981 548 2043 maier-us,
579 1980 852 2042 cellarius,
881 1980 1118 2045 Patet-ol,
1147 1988 1205 2030 et
1234 1981 1369 2030 Tho·

294 2070 405 2106 mas
427 2056 682 2119 Hearne3
720 2058 807 2108 eui
840 2058 1000 2107 etiam
1034 2071 1172 2110 nuuc
1196 2058 1368 2108 locum

295 2133 451 2186 dedit
472 2134 760 2186 Gesnerus.
827 2134 1026 2184 Omnes
1047 2133 1258 2199 quidem
1288 2134 1368 2186 ho

294 2220 409 2266 tres
443 2212 704 2262 lectiones
745 2211 987 2262 videntur
1020 2211 1232 2275 habere,
1265 2225 1369 2275 quo

295 2304 354 2341 ae
380 2296 657 2354 tueantur,
676 2288 1072 2352 ambiguamque
1106 2288 1258 2338 nobis
1292 2285 1372 2336 fa·

295 2367 447 2417 ciant
486 2368 774 2430 optionem.
840 2366 1028 2429 Neque
1063 2364 1234 2416 codex
1267 2364 1373 2414 Ms.

293 2444 634 2502 Pantanus,
656 2457 823 2510 neque
837 2441 1264 2507 salisburgensis,
1282 2454 1372 2490 ne·

297 2535 403 2587 que
425 2528 633 2584 nester,
664 2522 931 2585 explicant
964 2520 1217 2581 dubium3
1252 2533 1372 2569 cum

297 2597 353 2648 in
374 2598 459 2649 his
481 2598 648 2649 tribus
680 2613 956 2663 perperam
990 2598 1245 2660 scriptum
1279 2596 1371 2660 sit,

296 2681 365 2742 et,
381 2677 431 2729 si
451 2678 528 2728 ita
549 2683 723 2739 gratas
746 2678 881 2728 lum
909 2677 1054 2736 volet,
1076 2680 1190 2747 ‘totu
1215 2674 1372 2738 sepul·

295 2755 715 2820 ere,totasaneri,
736 2759 913 2805 servet.
979 2752 1107 2803 Pari
1130 2751 1268 2802 enim
1292 2764 1372 2799 ra-

298 2833 449 2884 tione
491 2832 721 2890 haesites,
754 2841 928 2882 utrum
973 2830 1029 2880 in
1072 2830 1173 2879 hoc
1213 2826 1374 2878 verbo

305 2909 465 2961 litera
488 2910 512 2959 a·
532 2910 684 2972 elisa,
699 2914 854 2958 servet
878 2906 1162 2970 repositum
1182 2904 1254 2955 sit
1278 2918 1374 2967 pro

301 2985 479 3038 serviet
492 3001 516 3045 ‚·
544 3000 636 3047 an,
660 2984 955 3035 decurtatis
973 2982 1164 3031 ultimis
1179 2980 1376 3031 duabus

300 3063 494 3128 literis,
525 3077 606 3124 ur,
627 3069 738 3117 ant,
767 3060 955 3111 omisso
984 3059 1165 3110 harum
1201 3058 1376 3108 litera·

302 3151 418 3190 ram
452 3138 823 3203 compendioso
857 3136 1027 3199 signo,
1064 3139 1243 3197 servet,
1276 3148 1373 3199 pro

303 3223 535 3275 servetur,
551 3217 720 3266 locum
738 3213 1028 3273 invenerim
1061 3225 1131 3262 an,
1147 3210 1302 3275 deniq
1311 3224 1374 3261 ue

305 3294 357 3343 in
380 3294 642 3357 adjectivo
652 3297 776 3349 tota,
790 3291 871 3340 bis
895 3288 1247 3354 proetermissa
1262 3285 1375 3337 fue-

308 3371 376 3422 rit
397 3372 585 3422 ultima
606 3371 763 3420 litera
797 3384 866 3429 m,
899 3373 991 3418 aut
1021 3366 1175 3431 hujus
1206 3365 1373 3415 litera

308 3448 532 3513 signum.
578 3446 799 3497 Interim
822 3445 1016 3496 retinui
1040 3442 1253 3493 verbum
1277 3456 1376 3491 ser-

304 3526 420 3591 viet,
452 3524 595 3591 qnod
632 3525 909 3588 perspicue
932 3521 1185 3587 exprimit
1207 3520 1376 3571 codex

305 3603 569 3667 Venetus,
605 3610 662 3652 et
694 3600 833 3666 qnod
868 3600 1078 3650 ratione
1110 3596 1380 3661 temporis,

307 3681 496 3746 magis,
516 3694 672 3744 quam
695 3678 909 3728 verbum
936 3681 1113 3738 servet,
1136 3675 1378 3739 congruit

309 3769 425 3807 cnm
445 3756 615 3820 primo
638 3755 792 3819 hujus
816 3752 1017 3818 periodi
1042 3751 1224 3811 verbo,
1244 3764 1378 3800 care·

310 3834 399 3898 bit,
421 3842 479 3885 et
501 3849 617 3884 eum
637 3833 836 3889 ultimo,
852 3830 1074 3881 adsistet.
1096 3829 1356 3879 Schwarz.

370 3913 531 3962 Nemo
545 3908 841 3972 observator]
865 3907 928 3957 Id
951 3911 1051 3969 est,
1074 3914 1247 3960 nemo,
1269 3906 1379 3954 aive

307 3988 620 4053 publicanus
655 3988 767 4038 sive
802 3985 933 4035 alius
967 3983 1032 4034 ab
1064 3983 1163 4032 hoc
1198 3982 1378 4031 subor-

309 4072 486 4126 natus,
514 4071 762 4129 tanquam
794 4068 970 4112 custos
1003 4059 1261 4124 publicus,
1287 4056 1376 4106 ad-

313 4141 496 4198 stabit,
519 4147 578 4190 ut
601 4142 865 4196 observet,
878 4153 944 4189 ac
965 4138 1286 4201 speculetur,
1311 4148 1377 4184 an

316 4218 441 4268 nihil
479 4219 534 4267 in
563 4216 804 4268 fraudem
842 4216 1098 4265 vicesima
1135 4212 1253 4274 fiat;
1291 4226 1378 4262 ne-

256 4321 261 4326 ·
319 4308 419 4359 que
461 4300 519 4345 ut
561 4294 816 4359 inquirat,
858 4291 985 4357 quid
1024 4287 1380 4356 reprehendat

2259 354 2506 426 ’671

1444 530 1508 569 ac
1536 514 1799 568 coerceat.
1861 516 1878 545 ‘
1900 516 2199 568 Observare
2225 513 2242 540 ’
2263 515 2402 569 enim
2427 525 2510 570 est

1445 594 1642 659 aliquid
1658 595 1819 646 oculis
1833 594 2105 661 animoque
2122 592 2188 643 ad
2204 593 2372 644 instar
2393 609 2511 660 spe·

1444 673 1697 722 colatoria
1750 679 1807 722 et
1860 671 2174 722 insidiatoris
2232 671 2513 723 custodire.

1445 748 1605 800 Unde
1646 749 1808 800 verba
1845 749 1957 800 liaec
1999 748 2267 813 conjunxit
2310 749 2420 802 Cic.
2455 748 2511 798 in

1446 825 1599 878 Orat.
1620 841 1667 877 c.
1688 830 1772 877 62.
1796 827 1813 854 ‘
1831 828 1951 877 Non
1967 826 2105 878 enim
2130 826 2181 875 id
2206 826 2333 889 agit,
2356 832 2413 876 ut
2433 825 2511 880 in·

1444 901 1685 967 sidietur,
1708 911 1764 953 et
1787 903 2064 966 observem
2098 902 2190 953 aed
2215 903 2328 966 jam
2350 901 2515 965 favet,

1440 978 1764 1053 dicendique
1786 981 1889 1031 vim
1913 980 2196 1045 admirans,
2220 993 2319 1032 nou
2345 979 2512 1045 inqui-

1442 1056 1538 1119 rit,
1560 1058 1701 1121 quod
1736 1056 2124 1121 reprehendat)
2191 1057 2264 1106 Et
2302 1056 2369 1109 Q.
2398 1056 2513 1108 Cic·

1445 1132 1513 1185 de
1533 1133 1702 1184 Petit.
1724 1134 1936 1185 Consul.
1952 1146 2001 1182 c.
2014 1137 2094 1183 14.
2109 1133 2127 1162 ‘
2146 1132 2269 1193 Fac,
2288 1139 2347 1183 ut
2368 1145 2510 1183 cotn-

1445 1211 1700 1275 petitores
1727 1226 1785 1262 se
1823 1210 1917 1261 abs
1957 1218 2012 1261 te
2056 1208 2308 1260 custodiri
2351 1216 2510 1273 atque

1444 1290 1712 1342 observari
1736 1288 1942 1340 sciant-³
2009 1288 2151 1339 Hinc
2174 1286 2386 1337 ducitur
2419 1301 2512 1338 nov

1446 1380 1568 1417 ineu
1606 1368 1620 1393 ‘
1643 1362 2002 1425 observator‚'
2039 1379 2144 1429 quo
2182 1366 2342 1414 etiam
2389 1378 2510 1415 usus

1445 1451 1529 1493 est
1573 1444 1774 1498 Seneca
1805 1442 1974 1505 Epist.
2010 1443 2096 1494 41.
2129 1441 2145 1469 ‘
2168 1439 2331 1491 Sacer
2371 1440 2510 1491 intra

1446 1534 1541 1570 nos
1585 1519 1804 1583 spiritus
1845 1515 2016 1580 sedet,
2060 1518 2310 1568 malorum
2356 1518 2514 1567 bono·

1447 1610 1662 1663 rumque
1687 1603 1975 1646 nostrorum
1994 1594 2299 1644 observator
2318 1603 2373 1644 et
2393 1610 2511 1645 cus·

1445 1673 1561 1726 tos!
1627 1674 1733 1724 Pro
1756 1676 1873 1736 hoc,
1895 1679 1911 1703 ⁸
1929 1671 2300 1737 speculatoris’
2323 1685 2516 1722 nomen

1446 1751 1622 1814 posuit
1643 1750 1901 1801 Prudent.
1920 1750 1973 1799 iu
1996 1749 2208 1813 Hymno
2224 1748 2512 1804 Matutino,

1446 1842 1524 1877 vs.
1553 1832 1665 1879 166.
1700 1834 1715 1859 ‘
1737 1827 2048 1892 speculator
2069 1824 2246 1875 adstat
2266 1824 2510 1887 desuper,

1446 1904 1553 1956 Qui
1591 1919 1686 1956 nos
1724 1905 1908 1955 diebus
1953 1903 2191 1954 omnibus
2241 1901 2511 1966 Actusque

1445 1985 1652 2030 nostros
1674 1977 1970 2045 prospicit.’
2028 1980 2045 2008 ⁸
2065 1977 2366 2042 castigator
2384 1976 2399 1998 '
2419 1992 2511 2027 au·

1445 2062 1554 2108 tem
1580 2058 1797 2120 proprie
1829 2055 2044 2112 dicitur,
2074 2054 2167 2119 qui
2205 2053 2419 2106 coiit-cet
2453 2059 2512 2106 et

1446 2131 1764 2198 moderatur,
1799 2140 1961 2199 atque
1994 2131 2191 2197 aliquid
2231 2131 2371 2181 intra
2407 2143 2512 2180 mo·

1446 2209 1570 2259 dnm
1604 2223 1752 2262 suum
1785 2216 1845 2259 et
1884 2209 2126 2259 decorem
2169 2205 2389 2271 redigit3
2421 2221 2514 2271 ge-

1445 2287 1666 2338 neratim
1713 2301 1857 2350 vero,
1899 2285 1990 2351 qui
2036 2286 2217 2351 quovis
2258 2283 2414 2335 modo
2458 2285 2512 2334 in

1447 2373 1730 2427 peccantes
1754 2362 2148 2414 animadvertit.
2203 2362 2293 2413 Sic
2314 2361 2515 2412 Plinius

1447 2440 1639 2504 Major,
1662 2453 1830 2491 xvtu.
1860 2443 1941 2490 1⁷.
1973 2438 1992 2470 ⁴
2015 2438 2248 2491 Luxuria
2275 2445 2514 2501 segetum

1447 2517 1737 2582 castigatur
1778 2517 1939 2568 dente
1981 2515 2186 2580 pecoris
2241 2505 2303 2564 in'
2351 2515 2514 2565 herba

1447 2593 1743 2645 duntaxat.’
1813 2592 1945 2644 Vide
1983 2594 2268 2644 Burmann.
2306 2592 2371 2642 ad
2407 2592 2514 2642 Pe·

1446 2675 1586 2720 tron.
1622 2685 1678 2733 p.
1712 2674 1828 2721 288.
1866 2670 2082 2720 Terent.
2110 2669 2309 2720 Heaut.
2341 2682 2428 2718 ιιι.
2461 2671 2513 2716 8.

1447 2749 1529 2800 31.
1554 2752 1831 2812 utrumque
1852 2745 2088 2803 verbum,
2113 2760 2145 2796 a
2165 2759 2269 2810 quo
2285 2745 2399 2795 hoec
2421 2759 2514 2795 no·

1446 2825 1587 2874 mina
1609 2822 1958 2885 descendunt,
1990 2821 2296 2886 conjungitz
2332 2828 2347 2851 ‘
2370 2821 2512 2874 Quid

1449 2902 1592 2952 illum
1618 2916 1772 2965 porro
1789 2900 1961 2951 credis
1978 2897 2261 2957 facturum,
2276 2898 2514 2961 Chreme,

1450 2978 1569 3028 Nisi
1593 2992 1732 3042 eum,
1753 2983 2003 3043 quantum
2024 2975 2116 3026 tibi
2132 2975 2246 3039 opis
2260 2974 2348 3023 Dii
2368 2974 2517 3032 dant,

1450 3069 1640 3112 servas,
1665 3053 1728 3119 [i.
1751 3069 1799 3105 e.
1821 3051 2111 3117 observas,]
2136 3051 2379 3114 castigas,
2407 3065 2516 3101 mo-

1449 3145 1544 3184 nes
1561 3130 1599 3180 ?'
1659 3132 1929 3196 Ceterum,
1949 3144 2046 3193 pro
2069 3127 2312 3193 sequenti
2339 3127 2519 3183 verbo.

1447 3210 1669 3264 adsidet.
1692 3208 1899 3259 Cevain
1923 3206 2154 3258 editione
2167 3219 2263 3258 sna
2284 3205 2518 3255 exhibuit

1447 3289 1670 3345 adsidet,·
1705 3285 1799 3336 scd
1837 3285 2044 3346 dubito,
2081 3297 2149 3333 an
2184 3297 2252 3332 ex
2290 3281 2515 3348 quodam

1448 3363 1633 3416 codice
1652 3364 1756 3415 Ms.
1793 3363 1948 3413 Idem.
2513 3401 2518 3408 .

1521 3442 1796 3505 Cuicumque
1816 3440 2000 3490 modica
2028 3436 2252 3502 pecunia]
2287 3434 2350 3485 In
2375 3434 2518 3486 codi-

1448 3531 1512 3567 ce
1547 3518 1653 3569 Ms.
1677 3517 1937 3567 Vaticano
1961 3519 2107 3565 1475.
2139 3514 2193 3562 iu
2219 3511 2520 3573 Parisieusi‚

1451 3594 1674 3656 Veneto,
1706 3591 2103 3655 Salisburgensi‚
2136 3594 2194 3638 et
2231 3587 2363 3637 libro
2382 3587 2517 3636 Vos-

1449 3662 1629 3734 siauo;
1658 3672 1782 3721 item
1808 3670 1860 3718 in
1885 3666 2119 3732 plurimis
2133 3663 2277 3716 libris
2294 3663 2518 3720 excusis,

1450 3748 1594 3797 locus
1618 3746 1700 3798 liic
1722 3746 1797 3798 sic
1817 3756 2092 3807 expressus
2107 3739 2317 3803 legitur,
2343 3738 2522 3800 Citius·

1450 3838 1629 3887 cuque
1673 3821 1801 3872 modi
1836 3836 1894 3871 eu
1923 3817 2128 3883 pecunia
2160 3831 2223 3865 ex
2255 3815 2521 3865 hereditate

1450 3899 1656 3962 alicuius
1674 3896 1932 3947 obvenerit.
2003 3892 2266 3943 Livineius
2301 3895 2357 3939 et
2393 3890 2520 3953 Lip-

1451 3978 1556 4028 sius
1594 3978 1646 4027 in
1686 3975 1991 4040 quibusdam
2030 3971 2176 4022 libris
2214 3976 2522 4033 repererant
2625 4017 2634 4026 ,

1448 4055 1761 4119 cujuscunque
1777 4052 1960 4101 modica
1975 4048 2212 4114 pecunia,-
2241 4060 2396 4111 quam
2418 4046 2521 4095 lec-

1453 4133 1647 4184 tionem
1683 4131 1837 4180 iidem
1872 4126 2099 4178 noudum
2132 4122 2341 4189 quidem
2377 4135 2522 4172 rece-

1454 4203 1692 4275 perunt‚'
1711 4205 1805 4260 sed
1859 4205 2152 4270 probarunt
2207 4205 2401 4256 tamen,
2444 4199 2524 4248 ita

1455 4299 1597 4349 vero,
1619 4291 1677 4333 ut
1700 4290 1753 4333 et
1777 4295 1872 4346 pro
1904 4276 2242 4345 subsequenti
2265 4288 2392 4326 voce
2430 4273 2522 4323 ali·
