3017 4942
788 348 853 397 c.
905 345 1152 397 emm:
1201 345 1537 399 SEcUNm
1586 346 1860 399 nunc.
1937 348 1986 396 1.
2017 331 2125 398 82.
2386 332 2564 405 1015

354 489 423 545 iis
447 504 576 556 quas
613 503 821 556 semper
851 489 1089 543 intellexi
1121 489 1175 543 in
1197 497 1251 543 te
1275 491 1421 554 sitas,

357 567 492 621 Fide
503 573 559 617 et
583 566 983 619 taciturnitate.'
1016 567 1100 618 Ad
1120 583 1236 633 quae
1262 568 1424 621 verba

352 645 629 699 Donatus:
673 646 690 675 ‘
707 646 808 697 Ars
846 645 940 697 ἀπὸ
969 647 1057 705 τῆς
1085 645 1252 715 ἀρετῆς
1280 645 1423 699 dicta

355 736 455 787 per
486 737 785 788 syncopam.
848 721 1016 787 Ἀρετὴ
1061 733 1236 777 autem
1269 724 1425 777 virtus

354 799 474 851 est.'
538 800 706 851 Sicuti
742 815 863 851 vero
890 801 1165 853 Terentius
1192 802 1255 853 ad
1282 809 1423 855 artes

353 875 523 929 refert
550 868 790 940 virtutes,
827 878 984 933 fidem
1009 893 1196 941 nempe
1217 888 1272 931 et
1295 880 1422 931 taci-

348 954 660 1007 turnitatem
683 969 700 1015 ς
727 955 801 1004 ita
834 956 931 1007 hoc
965 956 1079 1005 loco
1102 955 1302 1007 Plinius
1328 970 1423 1018 per

356 1030 567 1083 ‘artes’
603 1031 854 1096 intelligit
896 1032 1118 1083 maxime
1158 1031 1421 1083 fortitudi-

354 1120 475 1159 nem
499 1112 555 1159 et
583 1107 908 1170 industriam,
941 1110 1050 1159 sive
1088 1109 1246 1159 vitam
1282 1109 1422 1159 labo·

354 1185 545 1237 tionem
564 1203 582 1248 3
604 1202 757 1252 quam
781 1187 1013 1251 inprimis
1032 1187 1422 1256 venandi—navi·

354 1261 617 1327 gaudique
657 1263 831 1313 studio
875 1262 1104 1328 prodidit
1147 1263 1421 1327 Trajanus.

291 1363 301 1369 ·
356 1336 500 1389 Quas
538 1345 677 1391 artes
720 1341 878 1389 etiam
920 1353 1077 1403 supra
1108 1337 1423 1403 designavit,

353 1425 559 1467 Lxxxx.
579 1418 630 1464 2.
670 1415 802 1467 ‘His
834 1415 1031 1464 artibus
1064 1413 1228 1465 futuri
1261 1414 1422 1465 duces

352 1488 761 1543 imbuebantur!
800 1491 1043 1543 Ceterum
1068 1490 1275 1543 codices
1294 1491 1424 1543 Mss.

353 1565 641 1619 Vaticanus
692 1570 865 1619 3461.Δ
910 1567 1423 1633 Guelpherbytanus‚

354 1641 786 1706 Satisburgensis,
824 1650 877 1694 et
917 1658 1084 1705 meus,
1121 1658 1217 1707 pro
1263 1643 1423 1695 verbo

354 1724 644 1786 composito
683 1724 982 1786 inclaruisse,
1016 1723 1268 1777 exhibent
1304 1723 1423 1772 sim·

356 1801 480 1867 plex
503 1804 747 1855 claruisse.
813 1803 1028 1857 Sueton.
1046 1803 1114 1855 de
1133 1803 1424 1855 Grammat.

350 1893 472 1942 cap.
516 1883 593 1931 17.
632 1880 650 1908 ‘
673 1880 911 1931 Valerius
947 1880 1165 1932 Flaccus
1200 1877 1425 1929 docendi

352 1969 548 2017 genere
573 1956 793 2007 maxime
819 1956 1058 2007 inclaruit
1077 1948 1111 2018 ς’
1132 1970 1423 2021 quanquam

354 2037 413 2085 et
450 2031 523 2081 ibi
561 2032 771 2095 quidam
804 2031 1014 2085 codices
1046 2033 1292 2095 habeant,
1323 2036 1421 2084 clu·

352 2107 473 2159 ruit.
529 2108 698 2161 Tacit.
729 2108 919 2160 Annal.
952 2122 1058 2161 xu.
1080 2113 1161 2158 37.
1198 2115 1212 2138 ⁸
1236 2109 1423 2175 Neque

351 2198 471 2241 mea
496 2182 726 2245 fortuna,
760 2201 927 2251 neque
957 2193 1047 2236 tue
1071 2182 1239 2250 gloria
1259 2186 1421 2237 incla-

352 2259 576 2315 ruisset)
610 2262 715 2315 Sed
739 2263 819 2315 hic
834 2263 991 2323 etiam
1016 2263 1243 2326 simplici
1264 2263 1423 2313 verbo

352 2339 540 2402 passim
575 2340 779 2401 utitur;
812 2354 864 2391 v.
900 2354 952 2403 g.
986 2339 1075 2391 ‘Is
1111 2354 1316 2404 quoquo
1345 2337 1423 2391 fa·

347 2415 534 2470 cincre
590 2431 843 2482 properus
886 2418 1179 2471 clarescere
1222 2415 1424 2481 coepit.'

352 2489 600 2551 Scaeam.

419 2569 527 2627 Ista
579 2571 719 2623 ludus
764 2574 814 2623 et
863 2575 1218 2623 avocamentum
1259 2569 1423 2635 huius]

352 2643 652 2697 Pronomen
692 2646 790 2697 ista
834 2661 933 2702 non
974 2645 1157 2708 ἀμέσως
1197 2645 1421 2698 referen-

352 2720 479 2775 dum
506 2729 586 2775 est
617 2724 681 2773 ad
707 2737 863 2773 voces
888 2725 1167 2787 proximas,
1203 2724 1280 2775 Itis
1299 2723 1422 2775 arti·

353 2796 454 2855 bus,
498 2797 590 2848 sed
630 2798 694 2849 ad
736 2804 901 2851 totam
937 2799 1269 2854 sententiam,
1304 2813 1422 2862 quae

351 2881 699 2940 precesserat
718 2873 783 2925 de
801 2874 1264 2928 exercitationibus
1284 2875 1424 2927 labo-

353 2950 673 3014 riosissimis,
703 2942 911 3016 quibus,
947 2967 1042 3003 seu
1073 2952 1127 3003 iu
1160 2952 1424 3006 montibus

352 3026 725 3090 venando„se11
749 3027 801 3077 in
836 3028 966 3081 mari
1001 3027 1310 3093 navigando,
1334 3043 1422 3079 ex·

352 3103 630 3171 emebatur
651 3105 926 3168 Traianus.
998 3106 1119 3157 Cum
1153 3107 1251 3159 sint
1285 3108 1426 3161 ludus

351 3178 506 3241 estius,
541 3181 577 3233 i.
601 3195 651 3231 e.
688 3182 919 3245 Trajaui,
958 3182 1207 3245 principis
1241 3183 1422 3237 nostri.

353 3257 523 3313 Ludus
551 3258 677 3309 alias
714 3258 1004 3319 generatim
1039 3257 1253 3321 dicitur,
1274 3259 1423 3324 quid·

353 3334 479 3400 quid
500 3334 562 3390 fit
585 3335 743 3387 animi
767 3335 1105 3399 corporisque
1131 3336 1424 3401 recreandi,

353 3414 712 3478 seriorumque
741 3413 977 3465 laborum
1001 3415 1176 3478 quiete
1200 3414 1421 3479 quadam

350 3490 854 3555 distinguendorum,
888 3504 1090 3543 cauisse.
1157 3491 1244 3541 Ita
1289 3492 1424 3543 dici-

350 3581 469 3618 mur
491 3568 624 3630 alea,
656 3566 779 3631 pila,
818 3564 1036 3626 facetiis,
1073 3568 1306 3619 versibus
1340 3569 1421 3617 lu·

353 3644 498 3696 dere.
531 3644 652 3697 Huc
676 3645 945 3708 pertinent
973 3644 1131 3695 etiam
1158 3644 1264 3697 ludi
1284 3659 1426 3695 cam-

353 3726 579 3786 pestres,
600 3722 710 3770 sive
734 3720 1139 3773 exercitationes
1162 3720 1213 3777 iu
1239 3735 1425 3786 campo

353 3797 573 3860 Martio,
595 3797 717 3849 item
745 3797 1064 3860 venationes,
1090 3797 1423 3860 piscationes,

352 3884 411 3929 et
444 3875 632 3929 similia
668 3876 883 3939 negotia
914 3875 1263 3939 jucundiora3
1304 3891 1423 3939 quse

353 3952 421 4011 ad
440 3950 637 4006 ‘ludes'
657 3952 842 4005 referri
858 3960 1092 4015 possunt.
1121 3953 1209 4005 Sic
1227 3953 1338 4003 Cic.
1357 3952 1423 4005 de

355 4028 512 4083 offic.
548 4044 587 4080 1.
622 4034 705 4095 29.
741 4028 1128 4094 ‘Suppeditant
1157 4036 1332 4083 autem
1368 4035 1424 4080 et

354 4121 571 4171 campus
591 4112 793 4168 noster,
818 4115 877 4157 et
897 4106 1069 4159 studia
1086 4105 1429 4163 venandi‚ho·

352 4190 508 4235 nesta
522 4183 760 4247 exempta
774 4181 1027 4237 ludendi!
1057 4183 1322 4247 Ejusmodi
1336 4198 1424 4248 ge·

351 4273 482 4315 nere
504 4260 885 4315 recreationem
906 4265 964 4329 et
984 4260 1288 4319 solatiorum
1312 4261 1425 4319 Pli-

1498 491 1618 545 nius
1641 491 1799 545 etiam
1822 499 1978 545 vocat
1997 490 2016 521 ‘
2031 499 2369 545 avocamenta
2385 492 2418 555 ς’
2441 494 2564 559 quia

1498 582 1593 621 nos
1619 585 1649 619 a
1674 569 1953 631 laboribus,
1968 559 2000 621 a
2014 571 2172 632 curiS,
2188 572 2565 643 molestiisque,

1499 653 1557 699 et
1589 662 1619 701 a
1654 647 1889 712 tristitia,
1919 649 2291 717 aliquantisper
2324 658 2561 702 avocant.

1501 724 1642 777 Ptin.
1677 725 1844 788 Epist.
1879 740 2005 777 vm.
2020 714 2078 776 '5.
2114 728 2252 778 ‘Ero
2289 742 2416 790 ergo
2451 743 2562 778 sus.

1500 816 1690 867 pensus
1732 817 1828 866 pro
1861 802 2068 857 homine
2095 804 2418 863 amicissimo,
2440 804 2563 859 dum

1496 880 1777 933 admittere
1799 889 2135 933 avocamenta
2160 882 2221 947 (i.
2248 898 2293 932 e.
2316 884 2563 939 solamina

1497 957 1720 1009 animum
1744 973 1774 1009 a
1797 973 2013 1011 moerore
2035 958 2334 1023 avocantis)
2355 967 2410 1010 et
2428 960 2566 1011 cica-

1497 1033 1681 1084 tricem
1707 1034 1815 1098 pati
1842 1034 2042 1098 possit.'
2071 1034 2220 1084 Idem
2248 1036 2418 1099 Epist.
2443 1050 2566 1087 vlu.

1496 1113 1582 1165 23.
1604 1117 1619 1140 ‘
1641 1111 1832 1163 Omnia
1847 1111 1970 1161 mihi
1987 1112 2176 1168 studia,
2198 1126 2376 1163 omnes
2391 1127 2564 1174 curas,

1497 1187 1670 1239 omnia
1694 1193 2051 1243 avocamenta,
2072 1186 2136 1252 (i.
2160 1203 2208 1238 e.
2237 1188 2378 1237 lusus
2403 1192 2458 1237 et
2484 1202 2563 1239 re-

1498 1262 1836 1328 creationes.)
1860 1265 2074 1329 exemit,
2109 1264 2355 1327 excussit,
2372 1266 2565 1329 eripuit

1498 1338 1685 1390 dolor.’
1753 1340 2059 1393 Lactantius
2095 1339 2161 1390 de
2193 1340 2417 1403 Opificio
2441 1341 2565 1405 Dei,

1498 1431 1616 1481 cap.
1644 1421 1723 1470 18.
1746 1417 1761 1445 ‘
1781 1417 1934 1469 Mens
1953 1418 2048 1468 sibi
2069 1426 2402 1469 avocamenta
2421 1417 2563 1467 inve-

1499 1493 1596 1555 nit,
1620 1507 1684 1543 ne
1709 1493 2089 1543 saluberrimam
2125 1493 2353 1558 quietem
2379 1508 2564 1559 corpo·

1498 1569 1571 1623 ris
1609 1568 1992 1634 interrumpat.'
2058 1570 2224 1621 Immo
2259 1577 2315 1620 et
2352 1570 2563 1623 verbum

1496 1653 1513 1678 ‘
1537 1646 1793 1711 avotaress
1842 1647 2151 1710 simpliciter
2185 1647 2433 1712 positum,
2474 1647 2567 1699 ali·

1497 1723 1704 1788 quando
1747 1722 2020 1786 significat,
2055 1715 2317 1784 recreare.
2351 1730 2406 1773 et
2447 1721 2563 1775 reti·

1498 1811 1641 1869 cere,
1665 1799 1698 1849 i.
1722 1815 1770 1850 e.
1798 1815 2019 1853 avocare
2044 1815 2073 1850 a
2094 1800 2316 1864 negotiis
2340 1806 2394 1850 et
2409 1802 2566 1869 curis,

1497 1875 1686 1940 quibus
1708 1876 2082 1940 distringimur.
2147 1879 2285 1929 Ptin.
2322 1879 2495 1942 Epist.
2525 1892 2564 1929 1.

1496 1955 1582 2002 24.
1608 1952 1622 1979 ‘
1640 1953 1978 2005 Mediocritas
2014 1955 2170 2019 villae,
2208 1953 2388 2004 modus
2415 1953 2564 2011 ruris.

1498 2028 1590 2093 qui
1625 2035 1811 2083 avocet
1843 2031 2026 2095 magis,
2061 2045 2211 2095 quam
2247 2028 2566 2095 distringat.’

1500 2105 1810 2169 Lactantius
1833 2108 1868 2156 l.
1885 2123 1932 2161 c.
1956 2116 1972 2138 ‘
1990 2107 2258 2161 Avocatur
2274 2122 2400 2171 ergo
2419 2122 2564 2161 mens

1498 2184 1808 2249 simulacris,
1839 2185 2003 2239 donec
2038 2175 2270 2237 membra
2291 2199 2475 2249 sopore
2497 2186 2566 2234 ir·

1500 2259 1671 2325 rigata
1698 2261 2040 2325 vegetentur.⁸
2076 2262 2255 2314 Sidon.
2281 2261 2569 2326 Apollinar.

1499 2337 1672 2403 Epist.
1697 2352 1748 2388 v.
1773 2343 1853 2393 17.
1879 2342 1893 2367 ‘
1914 2339 2256 2404 Nunquamne
2282 2347 2335 2387 te
2361 2346 2563 2391 tentum

1499 2414 1732 2475 venatio,
1761 2414 1963 2479 civitas,
1987 2428 2130 2478 ager,
2154 2423 2358 2477 avocat,
2380 2422 2440 2464 ut
2464 2428 2564 2464 non

1497 2490 1671 2541 obiter
1696 2491 1965 2555 voluptate
2001 2491 2266 2541 literarum
2305 2499 2513 2539 teneare
2529 2490 2566 2539 ?’

1498 2567 1604 2619 Sed
1628 2575 1684 2617 et
1709 2569 1833 2619 talia
1868 2568 2224 2619 remissionum
2258 2572 2412 2631 atque
2445 2582 2566 2617 avo·

1496 2646 1854 2693 camentorhm
1887 2658 2083 2707 genera
2112 2643 2234 2691 Val.
2269 2643 2414 2693 Max.
2439 2656 2564 2695 vur.

1498 2723 1549 2769 8.
1573 2720 1805 2785 appellat
1826 2718 1843 2747 ‘
1867 2718 2176 2770 diverticula
2193 2717 2225 2766 ε’
2260 2725 2275 2748 ‘
2295 2719 2566 2784 Scaevola,’

1498 2797 1688 2861 inquit,
1710 2798 1726 2825 ‘
1749 2796 1947 2861 optime
1973 2797 2077 2859 pila
2100 2796 2283 2845 lusisse
2311 2795 2563 2846 traditur:

1499 2874 1621 2938 quia
1659 2872 1909 2924 videlicet
1953 2872 2018 2921 ad
2061 2874 2157 2925 boc
2196 2872 2564 2923 diverticulum

1499 2950 1721 3002 animum
1759 2964 1904 3001 suum
1939 2947 2230 2999 forensibus
2263 2949 2564 3000 ministeriis

1495 3025 1792 3093 fatigatum,
1831 3023 2115 3077 transferre
2142 3022 2377 3073 solebat.'
2446 3025 2578 3077 Nec-

1498 3105 1626 3167 scio,
1650 3119 1715 3155 an
1737 3103 1836 3153 huc
1855 3103 2010 3153 etiam
2034 3100 2193 3152 faciat
2211 3100 2337 3150 illud
2354 3101 2464 3151 Liv.
2481 3115 2567 3152 ιι.

1499 3183 1582 3233 17.
1623 3182 1639 3208 ‘
1662 3179 1807 3231 Nihil
1837 3179 2002 3229 minus
2027 3178 2298 3243 quaesitum
2323 3193 2351 3226 a
2375 3178 2565 3243 priuci-

1497 3258 1584 3321 pio
1607 3258 1761 3322 hujus
1784 3257 1955 3325 operis
1983 3256 2146 3306 videri
2180 3263 2374 3320 potest,
2411 3271 2562 3322 quiam

1498 3343 1557 3385 ut
1580 3367 1595 3384 .
1633 3368 1648 3386 .
1687 3368 1701 3384 .
1733 3334 2028 3399 legentibus
2066 3333 2211 3383 velut
2254 3333 2565 3383 diverticula

1496 3426 1719 3472 amoene,
1743 3417 1798 3461 et
1824 3410 2051 3475 requiem
2078 3409 2249 3459 animo
2269 3424 2403 3475 meo,
2423 3424 2563 3475 quae-

1498 3486 1707 3541 rerem.'
1744 3489 1894 3539 Idem.

1559 3564 1931 3616 Aeooamentum
1964 3562 2122 3624 bajas,
2157 3579 2263 3626 quae
2286 3568 2564 3628 quanteque

1494 3641 1595 3693 sint
1628 3640 1750 3707 illoe]
1785 3640 2151 3691 Avocamentum
2183 3632 2320 3701 liujus
2351 3641 2455 3702 ina,
2483 3642 2566 3705 ⁸5⁶·

1499 3717 1667 3769 Livin.
1690 3717 1740 3766 in
1770 3722 1954 3778 textu;
1994 3715 2085 3767 sed
2111 3718 2161 3767 in
2187 3719 2435 3780 margine,
2453 3710 2563 3769 αὐο-

1494 3797 1761 3845 eamentum
1804 3792 1962 3857 hujus,
1996 3807 2102 3855 quoe
2146 3798 2424 3858 quantaeque
2460 3794 2566 3847 sint

1495 3871 1592 3921 itlae
1616 3870 1677 3919 C.
1698 3869 1917 3931 optime.
1955 3869 2198 3919 Rittersh.

1546 3947 1691 4003 ,Quoe
1712 3949 1992 4009 quantaeque
2017 3943 2140 4007 sint]
2194 3946 2275 3994 De
2295 3944 2373 3994 his
2397 3944 2562 4000 tribus

1497 4022 1675 4073 verbis
1714 4027 1889 4073 actum
1945 4010 2101 4076 esse't,
2138 4020 2238 4069 nisi
2284 4034 2371 4073 eas
2413 4022 2563 4073 uobis

1497 4107 1757 4156 servasset
1785 4098 2153 4163 Cuspinianus.
2214 4098 2422 4151 Omissa
2444 4102 2565 4155 sunt

1495 4178 1551 4231 in
1585 4176 1842 4238 omuibus,
1879 4190 2005 4243 quos
2040 4162 2471 4240 cubitales-emilii
2501 4175 2563 4225 li-

1497 4256 1628 4323 cuit,
1661 4252 1926 4333 codicibus
1955 4253 2089 4309 Mss-
2145 4253 2320 4311 Quidt
2344 4254 2481 4337 quod
2507 4253 2563 4309 iu
2616 4280 2631 4287 κ
