3017 4942
762 441 834 489 C·
880 440 1132 489 PLINII
1183 437 1515 488 SECUNDI
1573 438 1847 488 PANEG.

319 583 569 648 panditur,
590 583 765 646 omnis,
784 586 867 647 ξε.
937 584 1058 633 Cam
1078 576 1385 646 exp'onditar,

322 664 359 713 i.
396 677 444 711 e.
483 661 693 726 qnando
713 661 1041 724 exspatiatur
1063 659 1293 721 effusior,
1331 665 1386 709 et

319 738 579 789 latissime
620 752 677 787 se
721 737 992 800 expandit.
1075 738 1387 801 Quanquam

320 814 449 863 mihi
480 827 582 862 nec
614 813 892 875 displiceat
928 812 1112 863 modus
1143 811 1394 876 conjunc·‘

320 891 462 942 tivus
493 904 601 939 eum
630 891 959 953 expandam,-
991 890 1081 954 qui
1114 889 1295 939 modus
1334 890 1387 938 in

317 966 509 1018 codice
551 967 839 1016 Parisieusi
896 966 1178 1030 indicatur,
1226 973 1387 1029 atque

317 1045 373 1093 iu
406 1044 542 1095 libro
561 1045 839 1105 vossiano,
866 1058 971 1094 una
991 1057 1107 1094 cum
1129 1044 1389 1107 particula

315 1137 447 1184 cm,
467 1122 794 1184 exprimitur.
831 1121 920 1173 Sic
947 1121 1180 1173 feliciter
1207 1128 1387 1172 extur-

314 1198 440 1248 bavi
463 1213 645 1249 vocem
666 1200 936 1249 barbaram
956 1213 986 1247 e
1005 1199 1251 1248 diuturna
1273 1212 1388 1262 pos-

317 1276 574 1339 sessione,
603 1289 756 1340 quam
779 1276 832 1325 in
856 1275 1090 1325 omnibus
1125 1275 1384 1339 exempla·

318 1353 463 1403 ribus
499 1353 763 1417 impressis
798 1354 951 1416 hujus
974 1353 1306 1417 Panegyrici,
1329 1357 1388 1402 et

317 1431 445 1480 inde
488 1432 540 1479 in
574 1431 813 1481 omuibus
853 1431 1082 1492 Lexicis,
1119 1431 1384 1493 hucusque

317 1512 582 1557 tenuerat.
615 1510 696 1559 De
712 1523 815 1574 qua
831 1509 1197 1558 emendatione
1214 1509 1387 1570 paullo

320 1585 475 1647 plura
496 1585 737 1649 -exposui
791 1586 845 1634 in
904 1586 1123 1635 Excurs.
1178 1597 1389 1635 xxxiv.

318 1662 568 1713 Schwen-

386 1740 533 1790 Intra
563 1745 794 1804 usurpata
825 1755 1006 1803 semper
1032 1738 1244 1803 collium]
1280 1740 1388 1789 Pro

317 1814 473 1877 intre,
518 1816 652 1866 liber
705 1816 987 1866 Vossianus
1035 1817 1197 1867 habet
1240 1818 1388 1874 inter,

321 1898 383 1941 ut
421 1897 479 1941 et
517 1892 685 1942 codex
725 1893 1162 1956 Salishurgensis3
1209 1907 1385 1957 quam·

322 1982 478 2032 quam
512 1970 565 2018 in
595 1969 690 2019 hoc
719 1971 829 2033 jam
867 1972 1078 2034 antiqua
1100 1985 1277 2020 manus
1303 1986 1387 2020 su-

321 2048 651 2112 perscripsit,
667 2048 945 2111 legendum
966 2063 1079 2098 esse
1100 2048 1251 2098 intra.
1296 2049 1386 2097 Sic

323 2131 381 2173 et
415 2124 623 2173 Plinius
660 2125 839 2188 Major
883 2140 938 2175 v.
978 2130 1029 2174 9.
1063 2126 1156 2189 ait,
1191 2128 1207 2155 4
1236 2126 1389 2176 Nilus

323 2200 376 2249 iu
413 2207 586 2250 totum
625 2208 908 2252 revocatur
949 2203 1092 2253 intra
1130 2204 1290 2264 ripas.
1334 2203 1388 2253 in

325 2277 524 2329 Libra.'
557 2279 629 2328 Et
648 2279 854 2329 Solinus
877 2293 993 2343 cap.
1013 2283 1098 2329 43.
1129 2282 1145 2309 4
1171 2280 1387 2330 Flumen

324 2355 479 2419 Nigri
504 2385 521 2403 .
542 2387 558 2402 .
578 2356 716 2404 intra
750 2356 889 2419 ripas
919 2363 1042 2405 tunc
1075 2371 1277 2421 qnoque
1307 2371 1389 2406 re·

325 2433 425 2495 dit,
470 2447 587 2483 cum
630 2439 911 2483 contentus
963 2440 1045 2481 est
1100 2434 1250 2483 alveo
1295 2448 1390 2484 suo

325 2509 517 2561 Nilus!
582 2509 756 2560 Poeta
793 2525 916 2559 vero
953 2509 1193 2560 Lucanus
1227 2511 1393 2559 utitur

321 2588 407 2637 hic
425 2588 795 2652 praepositione
811 2587 1001 2647 ‘inter‚’
1016 2601 1070 2637 x.
1086 2590 1202 2637 327.
1222 2587 1238 2614 ‘
1251 2588 1392 2639 Hinc

323 2672 531 2715 montes
587 2671 776 2712 natura
832 2665 993 2726 magis
1047 2664 1394 2716 circumdedit

322 2742 498 2805 undis,
539 2742 611 2790 Et
654 2741 834 2805 Libyas
879 2747 953 2802 te,
1001 2742 1141 2804 Nile,
1183 2751 1394 2807 negant,

322 2833 451 2883 quos
484 2818 622 2867 inter
651 2817 702 2866 in
738 2818 840 2867 alta
873 2818 927 2867 It
949 2820 1181 2868 convalle
1208 2828 1391 2869 tacens

316 2894 427 2957 jam
463 2894 690 2944 motibus
723 2893 860 2944 unda
894 2896 1119 2959 quietis.'
1184 2896 1394 2946 Mavult

323 2979 500 3021 tamen
528 2971 837 3021 Arntzenius
867 2972 1280 3034 praepositionem
1313 2973 1393 3022 in-

325 3056 419 3105 tra,
454 3049 541 3098 hic
564 3064 661 3113 pro
682 3048 812 3109 infra
834 3063 1121 3113 exponere,
1157 3058 1214 3099 ut
1240 3050 1392 3100 Nilus

325 3141 390 3175 ne
414 3125 630 3191 quidem
653 3126 718 3174 ad
742 3133 1039 3176 consuetam
1065 3126 1391 3177 altitudinem

324 3204 534 3252 collium
593 3203 707 3252 sive
767 3203 994 3266 riparum
1058 3202 1393 3260 adscendisse

323 3281 552 3333 dicatur«
621 3281 726 3332 Sed
763 3281 830 3331 ad
862 3296 972 3331 rem
1003 3282 1170 3347 ipsam
1209 3297 1390 3347 parum

324 3359 564 3416 interest,
599 3359 713 3408 sive
742 3359 899 3422 intra,
936 3360 1045 3409 sive
1076 3358 1218 3409 infra
1249 3360 1390 3424 ripas

322 3443 608 3485 consuetas
645 3449 761 3484 sese
797 3443 923 3485 tunc
956 3436 1187 3487 tenuerit
1220 3438 1393 3499 Nilus,

324 3513 607 3563 durmnodo
637 3526 707 3561 ne
736 3512 997 3562 exundare
1019 3513 1241 3578 dicatur,
1275 3514 1393 3577 quia

326 3591 483 3644 Nilus
522 3589 678 3639 etiam
710 3587 927 3638 inferior
957 3590 1061 3638 suis
1087 3589 1214 3652 ripis
1236 3591 1392 3641 nihilo

324 3668 497 3717 minus
530 3668 546 3695 4
574 3666 715 3715 intra
745 3665 887 3729 ripas
913 3666 1195 3716 subsistere
1232 3674 1392 3731 atque

322 3741 561 3801 haerere,'
592 3750 741 3792 recte
764 3742 972 3793 dicitur.
1023 3744 1289 3807 Ceterum,
1309 3757 1392 3793 co·

322 3820 426 3871 dex
462 3808 790 3884 Guelph'icus
823 3821 876 3868 in
909 3819 985 3868 his
1021 3819 1197 3869 verbis
1222 3820 1395 3869 omisit

324 3898 634 3950 adverbium
666 3912 870 3961 semper,
907 3897 992 3947 cui
1021 3904 1197 3948 tamen
1234 3896 1390 3947 nolim

319 3977 469 4026 litem
494 3975 790 4025 intendere.
839 3974 1079 4038 Usurputu
1098 3990 1279 4038 semper
1298 3976 1395 4024 col·

324 4055 461 4114 liam,
497 4053 825 4117 Graecorum,
864 4066 964 4102 nec
986 4052 1234 4102 Romanis
1257 4054 1391 4101 inso-

325 4130 476 4193 lenti,
499 4142 660 4186 more,
686 4128 822 4177 dixit
843 4128 1062 4185 Plinius,
1086 4143 1182 4193 pro
1199 4130 1215 4158 4
1231 4130 1392 4179 colles

326 4220 531 4269 semper
547 4205 857 4269 usurpatos!
919 4206 1173 4257 Similiter
1188 4206 1394 4257 Seneca

328 4283 560 4348 loquitur
599 4283 728 4333 Nat.
769 4283 971 4334 Quaest.
1003 4297 1081 4333 lv.
1121 4287 1172 4333 2.
1229 4284 1246 4312 4
1287 4285 1394 4333 Ροι·

329 4372 453 4422 φιοε
499 4358 713 4410 canales
754 4366 978 4422 angusta
1016 4360 1221 4425 rupium
1266 4359 1395 4412 effu-

331 4435 513 4499 giunt?
560 4436 769 4489 Solinus
804 4438 886 4487 82.
915 4438 932 4465 ⁴
957 4451 1052 4501 per
1084 4450 1253 4502 opaca
1287 4438 1395 4489 col·

1934 439 1983 485 ι.
2029 423 2139 490 30.
2396 419 2532 488 597

1460 581 1585 631 lium
1605 581 1640 645 ς’
1666 589 1721 632 et
1740 597 1855 646 cap.
1881 587 1963 633 45.
1984 583 1999 611 ‘
2020 582 2174 633 Nilus
2198 582 2355 633 tantis
2373 585 2540 649 agmi-

1464 658 1613 708 nibus
1635 660 1899 709 attollitur
1923 660 2061 708 inter
2085 658 2293 723 objecta
2314 661 2536 724 rupium,

1463 736 1528 802 (i.
1562 753 1609 787 e.
1644 739 1887 803 objectas
1929 736 2128 804 rupes,)
2163 746 2224 789 ut
2258 753 2409 790 ruere
2445 755 2540 804 po-

1466 816 1589 872 tius,
1625 830 1777 880 quam
1803 829 2028 872 manare,
2065 813 2346 867 credatur!
2413 817 2538 868 Non

1466 893 1597 942 adeo
1611 908 1826 944 necesse
1844 900 1941 952 est,
1965 901 2021 942 ut
2039 907 2154 943 cum
2178 892 2369 943 Bebrio
2385 898 2539 956 putes

1465 971 1857 1020 rescribendum
1899 984 2013 1020 esse
2046 969 2181 1030 infra
2202 975 2430 1033 usurpato
2452 984 2536 1019 sa·

1456 1046 1661 1110 persilio
1680 1046 1888 1096 collium·
1921 1045 2092 1096 Idem.

1529 1123 1711 1187 Supina
1735 1123 1878 1172 etiam
1899 1138 1957 1172 oc
1972 1122 2210 1172 detinenti
2240 1122 2362 1186 solo]
2398 1124 2414 1151 ‘
2439 1122 2538 1172 Su·

1422 1254 1428 1259 ,
1465 1200 1649 1264 pinus’
1684 1202 1897 1264 proprie
1927 1201 2139 1266 dicitur,
2162 1202 2248 1267 qui
2273 1201 2427 1250 dorso
2457 1201 2536 1250 in·

1464 1276 1682 1341 cambit,
1725 1285 1786 1327 ut
1828 1275 2014 1328 faciem
2061 1286 2399 1343 ventremque
2444 1278 2536 1326 ha⁴

1466 1351 1590 1403 beat
1613 1367 1816 1402 sursum
1842 1362 2169 1417 spectantem
2202 1354 2266 1402 ad
2304 1355 2489 1403 coelum
2512 1369 2532 1414 ς

1465 1440 1526 1480 ut
1547 1430 1828 1479 Martinius
1852 1431 2103 1491 explicat.
2150 1429 2374 1486 Deinde,
2400 1444 2535 1493 prae-

1464 1513 1547 1554 ter
1600 1506 2014 1568 metaphoricam
2079 1505 2534 1570 significationem,

1465 1596 1562 1646 pro
1590 1582 1756 1631 otioso
1781 1589 1832 1629 et
1859 1583 2067 1644 ignavo,
2089 1583 2153 1630 ad
2181 1583 2348 1631 varias
2371 1583 2533 1632 etiam

1463 1675 1549 1710 res
1595 1662 1722 1709 alias
1764 1660 2206 1722 accommodatur,
2250 1661 2326 1710 ita
2370 1668 2431 1712 ut
2476 1668 2534 1712 et

1463 1737 1657 1787 ‘colles
1691 1736 1898 1799 supini,'
1954 1745 2006 1785 et
2050 1738 2065 1764 ‘
2090 1738 2251 1787 valles
2294 1737 2539 1803 supinae,’

1465 1813 1813 1876 appellentur.
1881 1813 1969 1863 Sic
2003 1814 2189 1876 virgil.
2225 1814 2423 1878 Georg.
2457 1820 2533 1867 ”u-

1462 1893 1579 1940 276.
1612 1890 1765 1954 dixit,
1797 1891 1814 1918 ⁴
1837 1891 2034 1941 acclive
2059 1893 2240 1957 solum,
2271 1894 2535 1958 collesque

1464 1967 1713 2032 supinos!
1781 1968 1961 2018 Livius
1987 1977 2159 2018 autern
2182 1983 2262 2020 tv.
2284 1973 2366 2020 46.
2390 1970 2407 1998 4
2428 1970 2536 2020 Re-

1464 2045 1682 2107 pentino
1713 2045 1913 2109 impetu
1946 2045 2226 2110 AEquorum
2269 2062 2363 2109 per
2392 2045 2538 2109 supi·

1465 2134 1587 2169 narn
1622 2122 1808 2171 vallem
1842 2121 1945 2171 fusi
1981 2129 2101 2171 sunt
2139 2120 2394 2172 Romani.'
2462 2123 2537 2173 Et

1467 2210 1544 2247 vr.
1568 2201 1651 2248 24.
1688 2200 1703 2228 4
1726 2199 1921 2249 Versus
1964 2199 2145 2263 itaque
2185 2201 2238 2249 iu
2280 2200 2536 2249 victorem

1469 2279 1660 2338 terror,
1682 2282 1739 2325 et
1756 2290 1890 2325 novo
1908 2278 2077 2333 hoste,
2096 2285 2152 2332 et
2174 2278 2360 2340 supina
2380 2277 2540 2338 valle,

1465 2351 1754 2402 Romanam
1773 2354 2041 2403 inclinavit
2061 2352 2262 2403 aciem.’
2308 2355 2415 2404 Cur
2434 2361 2541 2404 tam

1457 2429 1681 2487 ‘colles‚'
1699 2445 1849 2496 quam
1874 2431 2094 2491 ‘valles‚'
2116 2432 2213 2482 hoc
2228 2431 2443 2481 ἐπίθετον
2454 2431 2546 2481 ad·

1467 2508 1705 2570 mittant,
1743 2508 1854 2571 ejus
1894 2509 1969 2557 rei
2007 2508 2246 2558 idoneam
2287 2510 2543 2559 rationem

1468 2582 1645 2633 reddit
1669 2584 1956 2644 Gesnerus,
1977 2584 2040 2633 ad
2067 2586 2116 2633 b.
2140 2585 2178 2634 l.
2244 2574 2433 2635 Potest
2457 2598 2541 2633 er·

1467 2676 1536 2726 go
1570 2660 1846 2724 ‘supinum
1888 2662 2054 2711 solum
2079 2659 2094 2684 ’
2130 2662 2225 2711 boc
2266 2663 2379 2711 loco
2421 2662 2548 2711 satis

1469 2743 1594 2801 apte
1621 2737 1875 2802 explicari
1913 2752 2006 2799 per
2028 2745 2043 2766 ⁴
2058 2737 2248 2786 humile
2270 2735 2286 2760 ’
2319 2746 2375 2787 et
2398 2737 2414 2765 ‘
2433 2738 2545 2799 pla·

1468 2813 1643 2874 numg'
1677 2821 1832 2877 prout
1866 2813 2005 2876 apud
2046 2812 2205 2876 Apul.
2244 2814 2386 2863 Flor.
2419 2828 2542 2876 pag.

1468 2897 1583 2944 348.
1618 2894 1634 2922 4
1653 2894 1788 2946 Quae
1823 2894 1995 2943 Deum
2026 2899 2263 2955 potestas
2297 2893 2349 2941 iu
2382 2894 2540 2942 terris

1470 3005 1488 3022 .
1509 3005 1526 3021 .
1549 2971 1671 3021 alibi
1703 2970 1952 3020 montium
1977 2969 2207 3019 vertices
2239 2970 2426 3019 arduos
2449 2983 2543 3018 ex·

1470 3050 1620 3111 tulit;
1659 3048 1784 3097 alibi
1816 3061 2116 3111 camporum
2156 3046 2392 3111 supinam
2430 3048 2542 3111 pla·

1466 3127 1655 3177 niciem
1673 3122 2006 3189 coaequavit.'
2042 3123 2195 3176 Quod
2217 3125 2260 3173 si
2275 3138 2400 3173 vero
2418 3137 2542 3173 con-

1467 3202 1649 3252 cedam
1686 3201 1989 3264 Arntzenio,
2026 3201 2418 3265 commentanti,
2440 3201 2541 3251 hoc

1467 3280 1625 3331 etiam
1672 3281 1786 3330 loco
1831 3282 1847 3309 4
1871 3279 2112 3342 supinum
2152 3279 2314 3328 solum
2339 3277 2355 3301 '
2399 3292 2536 3336 esse,

1466 3357 1601 3422 quod
1626 3356 1853 3406 molliter
1870 3355 2178 3417 descendat,
2201 3356 2402 3420 qualem
2428 3355 2539 3418 ple·

1468 3449 1684 3499 rumque
1725 3431 1947 3482 formam
1992 3431 2275 3480 exhibeant
2325 3431 2535 3482 radices

1466 3511 1717 3561 montium
1742 3517 1797 3559 et
1821 3509 2051 3563 collium,
2074 3516 2348 3572 antequam
2371 3508 2538 3560 omni·

1467 3604 1536 3638 no
1569 3588 1622 3637 in
1662 3588 1813 3651 plana
1836 3585 2212 3645 demittantur;
2251 3592 2375 3633 tunc
2399 3588 2536 3634 mul«

1466 3673 1522 3715 to
1547 3664 1707 3727 magis
1732 3664 2081 3712 necessarium
2106 3674 2219 3709 esse
2245 3660 2448 3723 judico,
2472 3667 2536 3711 ut

1467 3741 1781 3791 retineamus
1806 3740 2025 3787 alterurn
2042 3735 2274 3791 ἐπίθετον,
2294 3736 2534 3786 detinenti

1464 3818 1582 3879 solo,
1605 3831 1708 3880 quo
1729 3814 2041 3865 luculentius
2065 3813 2405 3876 designentur
2429 3813 2532 3862 eti-

1467 3907 1549 3942 am
1596 3893 1758 3941 valles
1801 3896 1856 3940 et
1889 3891 2006 3940 loca
2048 3890 2245 3953 plana;
2295 3889 2538 3955 adeoque

1467 3969 1690 4031 Plinius,
1732 3968 1880 4033 quasi
1913 3968 2170 4030 gradatim
2211 3981 2560 4031 progressusr

1466 4044 1746 4110 significet,
1792 4045 1847 4093 in
1893 4043 1980 4093 illa
2023 4044 2235 4106 inopina
2278 4045 2540 4109 siccitate,

1468 4140 1625 4191 aquas
1648 4124 1760 4174 Nili
1785 4136 1886 4172 non
1911 4122 2073 4171 solu'm
2098 4122 2234 4172 inter
2258 4131 2536 4174 consuetas

1469 4203 1609 4267 ripas
1632 4199 1963 4260 substitisse;
1996 4198 2084 4247 sed
2110 4213 2140 4247 e
2166 4199 2360 4262 supinis
2378 4201 2538 4250 etiam

1469 4288 1528 4331 et
1550 4278 1837 4329 declivibus
1865 4276 1993 4326 locis
2018 4290 2076 4326 se
2101 4278 2362 4339 recepisse
2387 4278 2437 4325 in
2462 4278 2540 4326 al-

1472 4371 1658 4417 veumg
1691 4357 1845 4406 immo
1868 4359 1924 4404 et
1944 4368 2010 4403 ex
2049 4354 2217 4417 planis
2240 4354 2541 4404 humilibus-

1470 4449 1577 4501 que
1616 4433 1813 4500 campis
1850 4445 1965 4484 sese
2004 4429 2299 4483 abstulisse·
2351 4429 2548 4484 ‘Deti-
