3017 4942
421 382 577 484 ‚520

445 543 580 595 bont
621 547 809 594 tantun
849 546 1080 603 comtum
1137 542 1351 608 plurimi
1394 543 1525 593 tnta·

448 625 585 671 tuan
619 617 846 670 coastat!
905 618 1106 684 Aliqui,
1137 619 1297 669 sciant
1333 626 1526 672 tum,-

449 701 653 759 coastet,
689 696 1058 762 propositioque,
1096 700 1179 760 qo.
1265 697 1428 754 Puto,
1471 697 1527 746 in

453 773 824 824 vetustioribus
878 773 1187 838 quibusdam
1254 773 1526 825 codicibus

454 850 705 913 scriptum
727 848 914 907 fuisse,
938 853 1027 908 trit,
1049 865 1147 914 pro
1173 856 1332 901 tumen
1347 867 1369 910 ‚·
1402 851 1527 901 inde

456 934 525 977 cx
555 927 853 991 ignorantia
894 942 926 977 a
952 928 1265 993 quibusdam
1301 929 1528 979 librariis

455 1010 680 1063 mum:
715 1005 779 1055 ab
812 1004 929 1055 aliis
962 1010 1115 1062 tm,
1146 1003 1308 1055 fuisse
1332 1005 1529 1070 reposi-

458 1089 600 1144 tnm;
658 1088 716 1133 et
771 1097 841 1132 ex
885 1081 1152 1147 adscripto
1198 1085 1532 1148 glossemate,

460 1162 627 1227 quanti
666 1164 868 1217 constet,
913 1159 1053 1210 forte
1095 1168 1365 1225 receptum
1411 1176 1531 1211 esse

459 1238 675 1288 verbum
699 1242 921 1297 constan
953 1245 1113 1302 atque
1142 1238 1208 1288 ab
1238 1238 1354 1288 aliis
1378 1239 1534 1289 aliter

460 1316 566 1367 ista
587 1316 748 1366 verba
781 1331 899 1367 csse
930 1314 1128 1369 reficta.
1195 1317 1337 1382 Ergo
1356 1318 1532 1369 malim

462 1394 605 1445 hunc
645 1394 814 1444 locum
862 1394 938 1443 ita
981 1393 1320 1456 concinnare,
1363 1395 1533 1458 velint,

461 1472 634 1535 nolint,
655 1470 815 1521 sciant
845 1476 1004 1521 tumen
1017 1486 1040 1528 3
1067 1470 1433 1537 propositisque,
1448 1472 1534 1535 ξε.

463 1545 549 1597 Ne
572 1560 697 1596 vcro
719 1547 870 1597 nimis
887 1546 1057 1597 audax
1079 1547 1312 1611 viderer,
1332 1547 1375 1596 si
1399 1546 1536 1596 banc

462 1622 819 1688 conjecturam
847 1625 960 1690 jam
995 1625 1280 1675 insererem
1316 1632 1535 1676 contex-

464 1701 577 1763 tui,
621 1701 903 1765 tantisper,
948 1703 1070 1751 dum
1116 1703 1314 1751 certius
1361 1701 1535 1750 lumen

468 1776 680 1827 aliunde
725 1774 993 1840 afferatur,
1037 1777 1300 1840 vulgatam
1345 1776 1537 1825 retinui

466 1852 768 1908 lectionem,
807 1854 1162 1917 praetcrmisao
1206 1853 1317 1902 solo
1351 1867 1540 1916 prono·

467 1931 610 1980 mine
632 1936 783 1986 tuan,
815 1929 954 1995 quod
979 1930 1152 1979 necin
1188 1931 1367 1993 paucis
1390 1931 1539 1984 libris

471 2017 558 2058 cst
619 2007 1049 2071 pretermissum.
1117 2006 1264 2057 Tanti
1313 2003 1543 2056 uastat!

470 2085 511 2135 i.
534 2097 586 2134 e.
608 2084 743 2133 tanti
765 2091 866 2141 est,
894 2089 955 2132 ut
986 2082 1174 2147 sciant,
1196 2082 1320 2147 quid
1342 2084 1542 2147 impen-

472 2175 590 2211 aum
617 2161 1016 2225 absumtumque
1039 2160 1127 2210 sit.
1177 2161 1426 2211 Rationes
1447 2160 1543 2210 hu·

463 2239 556 2304 jus
576 2239 897 2302 conjectum
919 2245 976 2289 et
994 2238 1375 2289 emendationis
1398 2239 1547 2302 paul·

472 2317 526 2367 lo
549 2317 785 2381 pluribus
808 2317 1071 2381 expositas
1106 2317 1228 2368 vide
1250 2318 1302 2368 iu
1326 2318 1549 2368 Excurs-

478 2405 621 2448 ειν.
657 2394 814 2443 Idem.

549 2469 697 2519 Tanti
736 2471 949 2536 comat]
996 2471 1200 2522 Tantas·
1232 2476 1440 2535 mutat,
1470 2473 1549 2523 ita

475 2544 730 2609 scriptum
755 2553 813 2597 et
844 2548 900 2598 in
933 2548 1003 2597 V.
1027 2561 1199 2613 neque
1229 2549 1387 2599 aliter
1407 2550 1462 2600 iu
1485 2550 1549 2602 C.

481 2620 553 2674 G.
587 2623 754 2675 Lirin.

547 2698 698 2750 Tanti
734 2701 948 2766 matut]
991 2700 1139 2752 Tanti
1170 2707 1306 2753 tuan
1347 2708 1552 2754 constat.

477 2775 846 2829 Adminiculer
879 2794 997 2844 ego,
1018 2786 1075 2830 et
1107 2781 1391 2832 rescribam
1420 2782 1551 2832 tanti

477 2855 604 2905 itum
621 2863 827 2914 οοιιαιαι,
843 2856 1122 2909 manifesta
1141 2861 1422 2910 sententia.
1458 2861 1551 2911 In·

481 2931 567 2982 fra
596 2948 822 3001 quoque,
851 2935 873 2964 ⁴
903 2935 1046 2987 Quin
1079 2936 1238 2986 etiam
1272 2939 1446 2987 Deum
1470 2938 1551 3001 ip·

484 3024 601 3061 sum
634 3018 779 3062 tuum
815 3014 1029 3076 praerip.
1063 3014 1266 3076 volupt.
1288 3028 1437 3078 oper.
1470 3016 1553 3066 sui

485 3095 729 3151 percept.
751 3086 1105 3151 crediderim,'
1134 3087 1367 3139 fidenter
1387 3091 1553 3140 corri-

485 3176 624 3224 gam,
647 3169 663 3192 ·
685 3165 861 3213 Deum
883 3164 1052 3227 ipsum
1078 3172 1185 3214 tum
1203 3166 1430 3232 praerip0'
1460 3167 1554 3219 Iu·

484 3238 682 3302 telligit
717 3247 893 3290 autem
934 3241 1142 3300 Jovem,
1186 3244 1275 3309 qui
1316 3246 1555 3309 capitolii

487 3328 697 3380 preses.
728 3316 893 3367 Heia.

554 3391 704 3443 Tanti
738 3392 950 3458 wasta]
1003 3394 1152 3447 Tanti
1192 3402 1330 3449 tauns
1368 3404 1555 3451 motat

487 3465 636 3532 Lips.
704 3469 924 3520 Rectum
938 3479 1041 3536 est,
1061 3486 1161 3523 nec
1182 3474 1443 3538 patienter
1463 3492 1555 3526 au·

487 3544 596 3602 dio,
633 3546 720 3610 qui
748 3555 1022 3612 conantur,
1057 3551 1185 3600 tenti
1221 3552 1360 3600 itum
1422 3555 1556 3606 Quis

488 3622 607 3676 finis
644 3626 841 3676 criticoe
884 3627 1201 3691 pruriginis?
1243 3630 1467 3681 Rectum
1503 3638 1559 3682 rt

490 3701 685 3753 clarum
719 3710 820 3761 est,
853 3711 913 3753 ut
945 3703 1075 3754 dixi.
1139 3706 1345 3771 Sciant,
1368 3708 1560 3772 inquit,

488 3782 708 3845 posteri,
745 3782 880 3832 tanti
914 3789 1059 3832 tuum
1095 3784 1197 3834 iter
1224 3786 1558 3850 constitisse3

490 3860 647 3923 tanti,
669 3860 903 3911 alterius.
935 3860 1071 3925 Lips.

563 3934 713 3986 Teati
753 3936 962 4001 mstat]
1020 3939 1187 3990 Liviu.
1247 3941 1396 3990 Tanti
1436 3942 1559 3992 itum

491 4017 696 4062 um.
761 4014 964 4072 Malim,
999 4016 1129 4065 tanti
1157 4017 1255 4066 iter
1281 4022 1417 4067 luunt
1448 4033 1559 4068 con-

492 4094 611 4141 stet.
643 4090 897 4141 Rittersb.

561 4166 692 4225 Hoc,
710 4167 787 4217 vel
807 4165 953 4230 iuna]
996 4168 1287 4218 Domitiani
1321 4184 1560 4236 pravum,

496 4250 591 4293 aut
610 4243 864 4308 optimum
885 4242 1098 4307 Trajani
1122 4246 1435 4311 exemplum.
1454 4249 1559 4301 Pu·

495 4326 640 4374 tamt.

1142 397 1367 448 NOTAE
1419 395 1833 448 VAluomm
1881 397 1965 449 m

1664 543 1808 594 car.
1851 555 1976 593 ιιι.
2030 540 2221 594 Nomen
2255 541 2420 607 patris
2462 541 2667 609 patrie]

1597 620 1717 671 Vox
1738 635 1908 672 amaea
1932 620 2084 671 abest
2104 620 2171 669 V.
2192 626 2355 670 recte.
2388 619 2630 672 Βίιισάι.

1667 698 1842 747 Patris
1879 697 2086 763 putria]
2143 697 2442 761 Principes,
2499 710 2669 761 reges,

1598 772 1946 838 imperatores
1981 773 2319 839 appellabant
2355 781 2534 837 patres
2576 788 2671 837 pa-

1600 852 1735 915 triae,
1792 858 2041 916 parentas
2103 850 2363 916 publicos,
2416 850 2668 901 bonarum

1602 936 1841 979 auctores
1865 929 2155 990 literarum,
2175 934 2236 978 ut
2249 935 2521 978 monerent
2546 928 2670 978 snb·

1602 1004 1761 1068 ditos,
1803 1006 1879 1055 uti
1926 1005 2179 1070 pietatem
2223 1005 2359 1062 Deo,
2413 1005 2668 1070 pietatem

1603 1082 1812 1148 patriae,
1835 1082 2087 1147 pietatem
2112 1081 2437 1147 parentibus,
2463 1088 2673 1132 natura·

1605 1161 1725 1211 liter
1774 1169 1830 1209 et
1868 1161 1993 1226 Jure
2036 1160 2271 1222 gentium
2308 1158 2555 1224 debeant,
2593 1160 2671 1209 ita

1606 1238 1831 1303 principi
1865 1253 1958 1288 sno
1984 1245 2231 1303 tanquam
2262 1240 2467 1301 parenti
2505 1235 2674 1301 publi·

1607 1330 1691 1367 co.
1759 1317 1850 1366 Sic
1877 1316 2072 1380 primus
2106 1313 2279 1365 dictus
2312 1315 2522 1365 Cicero.
2546 1314 2677 1364 Plu·

1606 1394 1776 1443 tarclt.
1808 1392 2051 1445 Juvenal.
2089 1393 2205 1442 Sat.
2242 1403 2372 1442 vlu.
2407 1391 2550 1440 Ptin.
2580 1391 2675 1441 Sc-

1606 1470 1722 1520 nior
1743 1470 1836 1523 lib.
1856 1483 1960 1520 vu.
1985 1470 2210 1534 Appian.
2243 1469 2338 1519 lib.
2371 1481 2435 1519 n.
2470 1468 2537 1519 ab
2570 1469 2675 1519 isto

1607 1548 1830 1599 venitin
1868 1547 2414 1613 Augustum,8ueton.
2449 1545 2591 1611 Aug.
2623 1559 2675 1596 c.

1610 1630 1692 1676 68.
1727 1625 1886 1675 Beni.

1677 1702 1853 1751 Patris
1887 1700 2089 1767 patrie]
2142 1701 2349 1753 Nomen
2387 1702 2486 1751 hoc
2523 1699 2676 1750 valde

1611 1778 1882 1830 decorum.
1948 1780 2156 1830 Primus
2185 1775 2312 1827 illud
2347 1778 2571 1840 accepit,
2607 1791 2676 1827 ex

1612 1863 1820 1906 senatus
1842 1855 2067 1905 universi
2091 1857 2374 1916 sententia,
2398 1856 2478 1905 M.
2502 1856 2565 1904 T.
2589 1855 2679 1906 Ci-

1614 1951 1773 1997 cer-⁰3
1804 1943 1864 1985 ut
1897 1935 2009 1999 ipse
2043 1940 2287 1996 testatur,
2311 1932 2465 1984 Orat.
2497 1934 2551 1982 in
2583 1934 2677 1984 Pi·

1613 2030 1727 2065 sou.
1757 2019 1813 2063 et
1844 2011 2118 2063 confirmat
2162 2027 2270 2076 pre
2307 2013 2500 2062 ceteris
2537 2011 2678 2061 Plin.

1616 2091 1790 2155 Epist.
1813 2103 1914 2140 vn.
1929 2094 2011 2140 30.
2034 2096 2051 2120 ⁴
2066 2089 2220 2139 Salve
2239 2090 2429 2153 primns
2453 2088 2681 2138 omnium

1617 2168 1787 2218 Pater
1809 2167 2007 2216 Patriae
2027 2164 2330 2230 appellate?
2362 2166 2585 2216 Pacu-01.

1684 2244 1871 2293 Nomen
1898 2243 2072 2292 Patris
2102 2241 2319 2306 Patriae]
2350 2242 2681 2292 Vocabulum

1616 2334 1785 2370 nomeu
1807 2321 1858 2370 in
1881 2321 2055 2385 nullis,
2076 2335 2206 2385 quos
2226 2320 2466 2381 vidimus,
2489 2319 2680 2371 codici·

1619 2398 1719 2450 bus
1752 2399 1883 2449 Mss.
1907 2405 2092 2462 extat3
2125 2412 2296 2464 neque
2329 2397 2383 2447 id
2415 2404 2685 2462 repererat

1623 2476 1885 2527 Livineius
1938 2476 1991 2525 in
2046 2475 2276 2540 antiquis
2339 2473 2687 2535 membranis;

1620 2568 1718 2604 uec
1735 2552 2013 2618 prodidere
2030 2551 2310 2603 sichardus
2326 2559 2380 2602 et
2404 2551 2686 2616 Gryphius.

1620 2630 1705 2682 Ac
1744 2645 1890 2694 sane,
1921 2643 2018 2695 pro
2053 2629 2176 2678 stilo
2207 2627 2468 2691 Pliniano,
2504 2627 2687 2677 abesse

1624 2713 1869 2774 poterat3
1900 2720 2018 2756 cum
2039 2707 2283 2771 proxima
2313 2705 2692 2755 verbakoaores

1622 2793 1680 2837 et
1702 2786 1867 2836 titulos
1886 2783 2044 2835 facile
2068 2784 2238 2835 adhuc
2269 2782 2558 2833 inhaereant
2578 2783 2689 2833 aui-

1624 2878 1709 2912 mo
1732 2862 1979 2920 lectoris3
2013 2866 2206 2911 etcum
2243 2874 2425 2925 parum
2459 2865 2615 2922 grata
2635 2873 2691 2908 e-

1618 2940 1829 3004 jusdem
1869 2939 2012 2989 vocis
2048 2938 2319 3003 repetitio,
2356 2936 2468 2987 sine
2504 2935 2689 2999 figurae

1627 3022 1959 3070 ornamento,
1984 3021 2257 3077 recurrat,
2291 3014 2412 3078 quia
2446 3027 2563 3062 mox
2609 3026 2693 3062 se·

1629 3093 1825 3158 quitur,
1859 3093 2046 3143 Nomen
2078 3092 2218 3143 iuna.
2285 3092 2397 3142 Per
2441 3104 2524 3141 me
2561 3103 2692 3154 ergo

1625 3170 1781 3220 istam
1798 3184 1981 3220 vocem
1995 3173 2280 3234 expungat,
2297 3166 2527 3234 quisquis
2544 3165 2695 3219 velit.

1626 3244 1872 3296 Schmun-z.

1695 3320 1803 3372 Atii·
1843 3321 2002 3386 priato
2043 3320 2234 3386 amiur]
2285 3320 2409 3371 Non
2460 3320 2696 3383 invenio,

1630 3399 1839 3464 quinam
1883 3397 1937 3447 bi
1978 3397 2179 3449 fuerint
2214 3404 2340 3448 ante
2382 3396 2696 3461 Trajanum3

1628 3490 1767 3535 nam,
1801 3477 1846 3526 si
1874 3476 2200 3539 Suetonium,
2244 3474 2696 3538 diligentissimum

1631 3554 1877 3620 alioquin,
1909 3554 2179 3617 consulas;
2210 3553 2341 3602 alios
2376 3566 2565 3601 nomen
2599 3552 2699 3602 hoc

1633 3647 1735 3681 non
1773 3631 2054 3695 recepisse,
2087 3630 2214 3680 alios
2242 3629 2527 3687 distulisse,
2552 3629 2699 3678 inve-

1633 3710 1744 3759 nies
1763 3725 1780 3770 3
1801 3696 1914 3758 'tino
1938 3708 2001 3759 C.
2024 3707 2079 3760 J.
2103 3708 2311 3758 Caesare
2337 3713 2586 3769 excepto,
2608 3706 2700 3771 qui

1633 3786 1883 3835 honorum
1922 3784 2260 3848 appetentior
2289 3782 2485 3832 dicitur
2516 3782 2585 3832 ab
2610 3794 2702 3833 eo-

1633 3864 1754 3915 dem
1772 3878 1819 3915 c.
1840 3868 1921 3915 76.
1988 3861 2142 3916 Quod
2165 3862 2333 3926 magis
2366 3862 2522 3910 etiam
2549 3868 2703 3925 patet

1633 3956 1702 3992 ex
1724 3943 1836 3994 Jul.
1860 3942 2036 4006 Capit.
2059 3953 2178 3992 cum
2198 3939 2266 3989 de
2298 3939 2580 3990 Pertinace
2606 3939 2701 4004 ait,

1631 4021 1650 4049 ⁸
1676 4019 1885 4069 Primus
1918 4032 2043 4068 sane
2078 4017 2328 4080 omnium,
2366 4031 2430 4067 ea
2455 4016 2561 4074 die,
2597 4031 2704 4081 qua
2763 4016 2770 4024 “

1634 4095 1904 4159 Augustus
1946 4100 2032 4144 est
2060 4094 2372 4158 appellatus,
2402 4093 2561 4143 etiam
2596 4093 2705 4143 Pa-

1635 4176 1734 4224 tris
1768 4173 1963 4225 Patriae
1985 4185 2183 4222 nomen
2217 4170 2462 4236 accepit-⁸
2528 4170 2705 4235 Impe-

1632 4255 1835 4301 ratores
1881 4257 2056 4299 autem
2099 4249 2217 4299 ‘ita
2259 4249 2510 4299 nominati
2559 4257 2707 4309 sunt,

1634 4326 1833 4394 (inquit
1862 4326 2062 4393 Xiphil.
2093 4324 2148 4376 in
2185 4323 2353 4391 Aug.)
2382 4330 2460 4382 ut.
2494 4340 2624 4393 quos
2648 4326 2707 4377 in
