3017 4942
718 442 785 492 o.
834 437 1083 496 ann
1133 438 1465 491 saeuum
1519 439 1803 514 mune.
1875 439 1924 489 1.
1969 423 2077 489 37.

300 573 486 642 florea,
520 598 612 635 seu
647 584 834 651 quibus
871 584 1132 637 hereditas
1170 590 1375 637 tantum

305 661 456 710 exilia
481 661 790 726 obvenerat,
811 662 1153 715 succederent
1181 663 1376 729 absque

304 748 466 785 onere
489 737 751 789 vicesimae
770 738 1050 790 solvende.
1076 740 1226 790 Idem.

288 849 295 856 .
376 810 632 863 Veteribus
661 814 868 878 civibus]
900 815 1222 865 Vocabulum
1255 814 1376 865 eivi-

301 888 391 937 Ims
431 892 569 940 male
604 892 844 942 omissum
883 899 965 943 est
999 893 1049 942 in
1085 892 1200 943 cod.
1227 893 1376 943 Vati·

298 978 434 1015 cano
477 969 725 1018 setania
771 969 1074 1032 Parisiensi,
1119 977 1173 1019 et
1215 969 1377 1019 Guel-

301 1041 671 1107 pberbytan03
720 1046 775 1096 in
811 1046 1197 1111 Salisburgensi
1233 1052 1378 1111 post-

300 1117 505 1169 liminio
563 1129 642 1170 eat
697 1121 1042 1189 adscriptum.
1108 1122 1124 1150 ‘
1150 1124 1377 1173 Veteres

299 1194 484 1245 cives’
520 1205 670 1247 erant
694 1200 936 1257 Romani,
957 1200 1010 1250 in
1045 1200 1174 1250 urb'e
1204 1200 1376 1250 oriun-

298 1269 388 1335 di;
425 1288 544 1323 nam
566 1283 582 1305 ‘
602 1276 742 1326 cives
764 1275 926 1338 novi‚’
949 1277 1037 1342 qui
1061 1277 1144 1327 vel
1168 1291 1263 1341 per
1288 1277 1380 1341 jus

297 1348 445 1399 Latii
491 1351 575 1400 vel
615 1351 891 1416 privilegio
943 1359 1000 1403 et
1054 1352 1379 1416 indulgentia

297 1425 642 1489 imperatoris
682 1436 939 1480 venerant
985 1430 1039 1479 in
1087 1431 1377 1493 civitatem,

295 1506 404 1553 etsi
424 1504 539 1567 jam
557 1505 873 1558 domicilium
895 1507 1132 1558 fixissent
1156 1508 1207 1557 in
1232 1508 1377 1565 urbe,

294 1590 355 1633 et
380 1583 581 1633 aditum
605 1586 742 1636 nacti
766 1591 940 1637 essent
959 1586 1024 1636 ad
1049 1583 1298 1650 suffragia
1320 1593 1378 1637 et

295 1660 568 1723 honorem
614 1664 658 1713 si
694 1670 868 1713 tamen
914 1677 1017 1714 non
1055 1663 1377 1727 cognationis

288 1736 423 1800 jura
461 1754 492 1788 a
531 1741 772 1805 principe
819 1740 1072 1805 peculiari
1118 1741 1377 1804 rescripto

294 1813 458 1865 simul
498 1823 679 1867 essent
711 1818 999 1874 consecuti,
1029 1831 1064 1867 a
1100 1825 1376 1882 parentum

267 1905 273 1909 ·
294 1898 355 1945 et
381 1900 691 1953 agnatorum
714 1893 1092 1945 hereditatibus
1116 1902 1265 1945 erant
1285 1909 1377 1944 exi

295 1968 468 2032 clusi3
506 1970 685 2034 immo,
723 1971 769 2020 si
806 1972 1076 2021 consecuti
1118 1978 1378 2035 praeterea

295 2053 479 2096 essent
516 2047 838 2111 cognationis
864 2047 1005 2111 jura,
1040 2055 1096 2097 et
1133 2061 1229 2111 per
1262 2047 1377 2097 haec

294 2120 711 2174 admitterentur
744 2124 809 2173 ad
847 2123 1184 2179 hereditates,
1204 2123 1374 2176 adbuc

296 2206 502 2258 tamen,
520 2208 765 2265 tanquam
788 2201 907 2253 novi
931 2202 1094 2262 cives,
1110 2208 1233 2273 post
1257 2216 1378 2252 vec·

298 2275 434 2340 tigal
472 2278 729 2328 vicesimae
774 2280 840 2328 ab
881 2277 1120 2343 Augusto
1163 2280 1374 2330 institu-

296 2357 434 2410 tum,
466 2368 596 2404 onus
629 2354 925 2420 pendendae
950 2355 1228 2414 vicesimae,
1252 2356 1304 2405 Ιι.
1327 2370 1375 2406 e.

295 2430 539 2480 solvendi
566 2432 791 2495 quinque
827 2446 925 2495 pro
958 2441 1187 2490 centum,
1220 2433 1375 2482 susti·

295 2504 500 2556 nebant
520 2524 537 2568 ;
571 2522 603 2556 a
628 2522 728 2572 quo
753 2522 909 2558 onere
930 2517 1099 2559 antem
1125 2510 1376 2559 immunes

294 2590 452 2632 erant
491 2590 700 2633 veteres
738 2585 896 2643 cives,
939 2585 1140 2650 quibus'
1171 2585 1376 2650 integra

297 2660 672 2722 cognationum
718 2662 841 2726 jura
885 2671 1038 2713 eraut
1087 2670 1373 2714 reservata.

299 2735 437 2785 Vide
457 2736 740 2800 Spanhem.
763 2740 815 2788 in
835 2739 981 2790 Orbe
1006 2740 1258 2798 Romano,
1273 2742 1375 2793 Ex·

303 2812 459 2862 ercit.
481 2826 546 2862 ιι.
571 2818 622 2864 3.
656 2815 810 2866 Idem.

374 2886 648 2953 Veteribus]
680 2890 784 2942 Qui
801 2896 1036 2956 tempore
1055 2892 1169 2958 ejus
1188 2892 1375 2945 tributi

295 2960 499 3016 invecti
520 2963 760 3016 fuissent.
794 2968 933 3031 Lips.

364 3039 523 3104 Nori]
562 3041 829 3106 Deinceps
853 3042 997 3095 facti·
1029 3044 1177 3095 Idem.

362 3116 465 3165 Per
494 3116 718 3181 Datim]
754 3118 957 3170 Quibus
995 3122 1250 3171 Latinitas
1282 3122 1374 3190 da·

299 3198 373 3249 ta,
395 3200 454 3242 nt
493 3193 753 3257 plerisque
781 3195 1014 3254 coloniis,
1037 3196 1071 3245 ii
1109 3200 1269 3262 plene
1301 3198 1374 3248 ci·

298 3283 387 3319 ves
407 3268 526 3319 fieri
553 3278 814 3333 poteraut,
837 3271 1004 3322 tribus
1037 3271 1152 3323 fere
1173 3274 1370 3327 modist

299 3347 379 3395 vel
406 3347 455 3396 si
490 3348 851 3410 magistratum
885 3349 1028 3399 domi
1056 3351 1373 3414 gessissent3

295 3421 404 3471 sive
439 3424 612 3488 stirpe
642 3424 782 3474 domi
817 3426 1002 3475 relicta
1025 3425 1245 3476 Romam
1280 3429 1374 3477 mi·

298 3508 574 3561 grassent3
600 3499 716 3549 ‘aive
751 3501 977 3565 denique
1012 3516 1163 3560 nave,
1199 3503 1373 3566 pistri-

295 3588 380 3637 no,
404 3574 648 3626 aedificio.
715 3579 852 3627 Nam
882 3579 949 3628 de
983 3579 1101 3643 lege
1133 3580 1375 3638 Servilia,

294 3656 352 3696 ut
374 3658 570 3701 eventu
588 3651 700 3716 jam
728 3668 864 3718 raro,
884 3655 1090 3706 omitto.
1148 3656 1252 3707 Qui
1278 3658 1373 3721 igi·

300 3729 402 3785 tur,
439 3723 613 3785 inquit
655 3729 879 3791 Plinius,
923 3745 989 3780 ex
1035 3731 1188 3782 Latio
1229 3733 1373 3783 cives

295 3796 426 3849 facti
450 3805 622 3857 eraut,
645 3800 680 3849 ii
707 3815 810 3853 non
831 3802 1142 3857 fruebantur
1177 3809 1272 3860 hoc
1294 3809 1372 3860 in-

297 3874 466 3926 dultu.
502 3876 658 3926 Idem.

357 3950 464 4001 Per
485 3950 708 4018 Latium]
746 3956 854 4005 Per
866 3957 953 4021 jus
978 3961 1137 4025 Latii,
1159 3977 1250 4013 seu
1273 3964 1370 4014 La·

297 4026 551 4090 tinitatis,
583 4045 681 4094 per
713 4033 851 4097 quod
890 4040 1101 4088 externi
1140 4041 1191 4089 iu
1227 4041 1371 4092 cives

296 4101 557 4154 Romanos
578 4106 1034 4175 adsciscebantur3
1061 4115 1372 4183 solebatque

289 4177 376 4240 jus
395 4180 494 4229 hoc
517 4183 734 4233 coloniis
756 4190 995 4239 concedi.
1033 4192 1253 4244 Pater-ol.

361 4254 461 4305 Per
483 4256 710 4325 Latium]
745 4261 780 4309 i.
803 4276 852 4311 e.
875 4278 971 4329 per
991 4267 1079 4330 jus
1107 4270 1259 4332 Latii,
1281 4284 1369 4320 cu·

291 4329 375 4393 ,ius
397 4334 669 4399 praecipua
688 4338 762 4387 vis
786 4338 905 4403 snit,
924 4350 1000 4406 nt,
1018 4346 1111 4410 qui
1131 4346 1183 4397 in
1209 4348 1367 4412 opido

421 4413 603 4480 Delph.
635 4422 684 4468 et
717 4418 837 4474 Var.
860 4421 994 4476 Cla-r.

1252 4427 1443 4492 Paneg.
1474 4428 1582 4480 Vet-

2291 439 2295 443 *
2385 424 2518 490 657

1452 583 1661 641 Latino,
1681 584 1769 635 vel
1785 583 1909 648 jure
1936 582 2072 634 Latii
2098 581 2311 645 donato,
2334 583 2520 647 magis·

1450 669 1664 719 tratum,
1682 662 1733 711 Ιι.
1761 676 1810 712 e.
1843 661 2241 723 duumviratum,
2279 660 2363 710 vel
2396 661 2520 710 aedis

1450 737 1679 801 litatem,
1726 739 1809 788 vel
1837 746 2188 802 ›qttaestnram,
2239 738 2485 801 gessisset
2494 754 2519 801 3

1449 813 1596 871 item,
1631 815 1720 880 qui
1757 815 2022 879 stirpe-ex
2054 829 2110 864 se
2133 813 2286 864 domi
2322 815 2522 870 relicta,

1453 890 1674 941 Romam
1714 905 1772 941 se
1808 892 2135 949 contulisset,
2169 891 2298 941 civis
2335 892 2523 942 Roma·

1452 981 1550 1016 nus
1571 973 1731 1031 esset,
1751 968 2010 1033 talemque
2035 982 2093 1018 se
2118 966 2300 1018 Romae
2335 979 2523 1031 gerere

1451 1052 1663 1108 posset3
1710 1046 1812 1095 etsi
1859 1045 2150 1108 huiusmodi
2195 1046 2316 1095 novi
2361 1045 2524 1108 cives,

1452 1121 1592 1185 quod
1636 1123 1792 1173 modo
1836 1122 1968 1178 dixi,
2006 1121 2232 1172 noudum
2274 1137 2341 1171 ex
2382 1123 2523 1172 omni

1453 1207 1603 1261 parte
1639 1200 1794 1263 pleno
1820 1200 1944 1264 jure
1976 1207 2209 1250 veterum
2239 1197 2522 1251 Quiritium

1451 1275 1773 1327 fruerentur.
1830 1277 2070 1334 Interim,
2091 1291 2188 1340 per
2210 1291 2266 1325 se
2281 1276 2392 1340 jam
2416 1291 2523 1326 me·

1452 1353 1552 1402 lior
1596 1360 1710 1405 erat
1746 1353 1976 1404 conditio
2016 1355 2333 1419 Latinorum,
2366 1369 2522 1420 quam

1451 1429 1760 1482 Italicorum
1795 1437 1851 1481 et
1886 1432 2299 1496 provincialium.
2364 1432 2437 1482 Hi
2466 1445 2523 1482 es

1452 1507 1557 1556 nim
1595 1508 1791 1558 nullum
1826 1507 1989 1558 talem
2022 1507 2219 1558 aditum
2250 1507 2315 1557 ad
2340 1508 2521 1558 civita-

1451 1589 1558 1634 tem
1586 1585 1869 1634 Romanam
1902 1583 2148 1647 habuere,
2168 1597 2266 1633 nec
2304 1590 2523 1648 potuere

1450 1658 1721 1725 quidpiam
1767 1666 2080 1710 testamento
2131 1660 2257 1709 civis
2304 1660 2524 1710 Romani

1451 1749 1667 1800 capere,
1699 1734 1938 1800 adeoque
1976 1750 2075 1786 nec
2108 1736 2226 1798 lege
2262 1736 2522 1787 vicesima

1452 1811 1603 1863 fuere
1636 1812 1899 1862 obstricti.
1969 1812 2146 1876 Plura,
2180 1828 2298 1877 quae
2334 1813 2400 1863 ad
2429 1814 2521 1879 jus

1451 1889 1592 1939 Latii
1615 1891 1935 1953 pertinuere,
1954 1890 2111 1953 plena
2134 1902 2306 1951 manu,
2322 1896 2525 1954 preter

1451 1972 1679 2029 ceteros,
1715 1979 2005 2030 exposuere
2029 1965 2271 2029 Sigonius
2294 1964 2359 2016 de
2391 1966 2524 2019 Jure

1450 2042 1648 2106 Italioe,
1670 2058 1787 2107 cap.
1808 2048 1857 2093 4.
1891 2049 1947 2093 et
1972 2044 2253 2106 Spanbem.
2288 2044 2340 2093 in
2361 2043 2525 2094 Orbe

1452 2118 1711 2180 Romano,
1732 2120 1942 2182 pamm.
1974 2119 2220 2170 Sensum.

1516 2196 1581 2246 In
1620 2195 1888 2259 civitatem]
1940 2197 2101 2248 Multi
2152 2196 2289 2253 libri,
2332 2210 2523 2261 nempe

1453 2273 1748 2334 Puteolani,
1783 2273 2054 2336 Beroaldi,
2087 2273 2343 2345 Catanaei,
2381 2273 2526 2338 Aldi,

1449 2349 1777 2414 Cuspiniaui,
1831 2343 2090 2411 Rhenani,
2147 2349 2390 2414 Gryphii,
2444 2350 2526 2400 Si·

1447 2425 1649 2491 cbardi,
1664 2427 1900 2486 cellarii,
1912 2442 2005 2491 pro
2030 2441 2154 2477 casu
2177 2435 2363 2489 quarto
2380 2425 2527 2483 exbi-

1447 2503 1579 2554 bent
1624 2512 1851 2566 sextum,
1891 2506 1945 2553 in
1986 2504 2199 2554 civitam.
2263 2503 2409 2566 Scio,
2454 2501 2523 2553 ad

1448 2585 1747 2647 exemplum
1773 2585 2099 2647 Graecorum,
2120 2583 2210 2648 qui
2236 2583 2525 2646 particulas

1447 2660 1502 2710 ἑν
1527 2668 1583 2711 et
1619 2660 1687 2713 εἷς
1725 2660 2009 2712 identidem
2052 2661 2193 2711 inter
2226 2675 2283 2710 se
2315 2674 2524 2724 permu-

1449 2744 1585 2802 tant,
1623 2738 1781 2788 etiam
1828 2739 1880 2786 in
1929 2737 2131 2787 Latinis
2175 2737 2524 2801 scriptoribus

1449 2828 1550 2864 non
1586 2829 1754 2878 pauca
1778 2815 1897 2863 loca
1923 2813 2165 2876 inveniri,
2188 2813 2286 2863 ubi>
2312 2828 2521 2878 proepo-

1448 2890 1570 2941 sitio
1591 2891 1644 2940 in
1678 2897 1827 2939 extra
1860 2889 2118 2949 ordinem,
2140 2897 2196 2939 et
2230 2900 2414 2940 contra
2440 2892 2525 2939 rei

1449 2968 1623 3031 gulam
1649 2961 2062 3031 grammaticam,
2077 2973 2170 3017 aut
2195 2981 2311 3017 cum
2329 2975 2521 3031 quarto

1449 3059 1574 3095 casu
1597 3044 2182 3109 conjungatur,quaudo
2200 3052 2403 3094 sextum
2431 3043 2523 3094 ad·

1449 3123 1671 3171 sciscere
1696 3122 1936 3184 deberet,
1958 3127 2050 3171 aut
2083 3129 2286 3172 sextum
2312 3122 2409 3172 sibi
2433 3123 2521 3171 ad-

1438 3197 1683 3261 junctum
1742 3197 1951 3255 habeat,
1996 3197 2204 3262 quaudo
2249 3199 2429 3263 regula
2472 3199 2524 3249 ei

1450 3288 1625 3322 casum
1649 3280 1894 3338 quartum
1927 3274 2251 3336 assignaret3
2285 3275 2380 3323 sed
2409 3274 2521 3325 scio

1451 3356 1508 3401 et
1533 3350 1682 3414 illud,
1705 3352 1998 3416 hujusmodi
2036 3352 2265 3401 locorum
2298 3354 2523 3417 scriptu·

1450 3441 1559 3476 ram
1596 3427 1650 3476 in
1681 3427 1899 3477 diversis
1929 3427 2074 3477 libris
2108 3429 2416 3495 plerumque
2445 3429 2524 3480 di:

1451 3518 1655 3553 versam
1712 3504 1956 3568 reperiri,
2000 3513 2059 3555 ut
2101 3520 2239 3570 saepe
2287 3507 2523 3569 haeaites,

1449 3588 1626 3630 utrum
1648 3583 1914 3632 structura
1934 3581 2023 3632 illa
2055 3582 2465 3633 extraordinaria
2493 3599 2524 3633 a

1449 3657 1633 3720 primis
1668 3659 1988 3717 auctoribus,
2013 3673 2079 3708 an
2112 3673 2142 3708 a
2177 3659 2419 3716 librariis,
2441 3658 2522 3708 di·

1448 3734 1691 3784 manarit.
1749 3734 1983 3786 Proinde
2005 3738 2057 3785 in
2091 3729 2190 3785 hoc
2216 3737 2326 3787 loco
2350 3742 2522 3786 struc-

1447 3816 1620 3860 turam
1641 3810 1953 3862 ordinariam
1974 3820 2030 3866 et
2058 3814 2345 3876 regularem
2372 3827 2518 3864 aecn-

1448 3892 1532 3937 tus
1575 3902 1710 3950 sum,
1742 3903 1897 3952 quam
1933 3903 2111 3939 omnes
2149 3890 2355 3944 codices
2389 3889 2523 3939 Mss-

1446 3977 1546 4015 nec
1569 3965 1726 4029 pauci
1749 3965 1868 4015 libri
1903 3965 2041 4030 typis
2075 3967 2256 4016 excusi
2281 3976 2521 4031 compro·

1447 4041 1597 4091 bant.
1666 4042 1899 4092 Maxime
1933 4049 2108 4094 autem
2143 4057 2226 4091 me
2263 4044 2521 4105 permovit

1445 4117 1649 4167 indoles
1682 4118 1788 4167 atili
1811 4117 2062 4179 Pliniani,
2082 4131 2234 4182 quem
2268 4133 2365 4169 nec
2395 4119 2520 4170 alibi

1444 4193 1739 4257 hujusmodi
1772 4194 2062 4244 Graecismo
2099 4195 2249 4245 nimis
2287 4195 2520 4248 delecta-

1446 4277 1557 4320 tum
1579 4285 1699 4321 esse
1725 4270 2066 4335 deprehendi.
2113 4271 2166 4321 N
2172 4286 2232 4322 ec
2250 4280 2347 4334 est,
2364 4288 2518 4336 quem

1445 4346 1604 4398 facile
1625 4355 1871 4401 moveant
1894 4363 2041 4401 exem
2050 4350 2137 4414 pla
2159 4348 2319 4400 dubia
2338 4350 2520 4416 Plinii,

2272 4434 2306 4479 2
2338 4431 2386 4480 Τ
