3017 4942
694 427 763 479 c.
809 423 1057 476 smmi
1106 422 1440 475 saeuum
1491 422 1768 477 uuae.
1843 424 1895 473 1.
1936 406 2047 473 60.

263 568 417 634 fieri?
435 577 492 622 et
512 568 773 637 ‘quartum
789 571 824 634 ;’
847 572 985 637 quod
1003 572 1018 602 ‘
1034 570 1240 638 quarto’
1260 573 1331 621 lo·

263 664 383 698 cnm
407 646 758 713 adsignificat,
779 665 840 700 ac
861 658 967 700 tres
982 657 1104 699 ante
1128 648 1294 699 factos
1314 662 1334 710 ς

261 722 577 790 ‘quartum’
634 733 842 789 tempus
888 725 1235 789 adsignificat,
1276 731 1333 775 et

263 808 349 852 ter
393 809 520 852 aute
555 800 793 852 factum.’
859 803 907 852 1,
952 817 1000 852 e.
1043 803 1332 866 interprete

263 877 539 942 Scioppio,
572 884 588 907 ‘
613 876 859 927 tertinm’
893 891 924 928 a
973 880 988 906 ‘
1012 876 1204 928 tertio’
1257 880 1334 927 sic

262 954 513 1019 discerni,
552 962 613 1005 ut
643 955 894 1005 ‘tertium
915 954 930 976 ’
959 954 1027 1005 sit
1061 957 1332 1019 temporis,

259 1030 413 1094 quasi
438 1030 597 1080 tertia
619 1029 767 1091 vice;
801 1029 1025 1079 ‘tertio’
1055 1035 1226 1079 atitem
1260 1032 1332 1080 sit

260 1105 482 1169 ordinis,
555 1119 645 1154 sen
719 1106 839 1166 ioci,
900 1106 1044 1171 quasi
1101 1107 1153 1156 in
1214 1108 1333 1157 loco

188 1228 192 1233 .
259 1183 465 1244 tertio;
520 1188 759 1247 tauquam
797 1183 841 1231 si
896 1182 1122 1246 dicatur,
1167 1184 1331 1247 primo

262 1260 450 1308 consul
474 1258 637 1308 fuisse
661 1259 965 1324 Pompeius,
994 1259 1223 1310 secundo
1247 1261 1331 1310 Ci-

260 1344 406 1391 cero.
457 1335 617 1384 tertio
664 1335 856 1385 Caesar.
936 1337 1104 1386 Porro
1155 1344 1331 1387 autem

259 1411 469 1462 Gellius
483 1412 1204 1477 commemorat,Pompeium,
1214 1427 1332 1463 cum

259 1489 313 1537 in
361 1489 589 1553 theatro,
636 1489 775 1555 quod
821 1497 936 1543 erat
978 1490 1331 1547 dedicaturus,

257 1565 486 1615 bonores
500 1580 618 1616 snos
633 1556 916 1616 inscribere
933 1566 1177 1629 voluerit,
1190 1582 1329 1632 quae·

256 1642 488 1691 ctionem
514 1641 798 1706 ancipitem
829 1642 979 1693 istius
1006 1645 1239 1694 vocabuli
1261 1644 1331 1694 de

257 1719 487 1768 consilio
525 1717 791 1768 Ciceronis
824 1720 1052 1782 vitasse5
1090 1736 1205 1770 cum
1241 1736 1330 1771 ne·

203 1853 210 1861 .
257 1809 364 1860 que
398 1802 415 1824 ‘
439 1797 621 1846 consul
648 1797 894 1853 tertium,’
927 1811 1094 1863 neque
1115 1800 1132 1826 ‘
1151 1800 1330 1849 consul

199 1925 212 1938 ,
257 1870 459 1929 tertio.’
493 1873 792 1937 scripserim
829 1874 919 1924 sed
952 1875 1016 1925 ad
1046 1876 1346 1926 secundum·

257 1964 427 2016 usquc
449 1964 503 2000 T.
522 1949 707 2001 fecerit
733 1952 928 2008 literas,
951 1966 1138 2017 nempe
1160 1965 1329 2004 TERT-

253 2036 316 2077 ιιι
343 2029 509 2078 verbo
544 2042 648 2078 non
687 2029 972 2092 perscripto
1008 2043 1089 2078 res
1124 2029 1329 2093 quidem

256 2105 733 2165 demonstraretur,
749 2106 840 2156 sed
854 2106 1019 2156 dictio
1037 2112 1206 2155 tamen
1222 2121 1346 2156 amm

255 2182 425 2246 bigua
451 2183 597 2232 verbi
623 2184 830 2232 lateret.
897 2183 973 2247 Si,
1008 2198 1124 2248 quoe
1155 2184 1228 2233 ibi
1261 2184 1329 2233 de

256 2259 360 2309 bac
395 2259 753 2309 controversia
784 2269 961 2311 narrat
990 2260 1214 2325 Gellius,
1238 2276 1327 2311 ex-

257 2335 579 2398 pendamus,
623 2348 724 2386 non
768 2336 987 2387 obscure
1024 2346 1194 2401 pmet,
1227 2340 1329 2389 isto

249 2413 366 2476 jam
410 2427 524 2462 aevo
564 2413 909 2476 promiscuum
937 2428 1082 2464 usum
1111 2415 1326 2465 istorum

256 2488 630 2538 adverbiorum
654 2489 722 2539 de
739 2490 922 2540 eadem
941 2504 997 2539 re
1020 2490 1332 2553 obtinuisse3

255 2568 360 2617 nisi
399 2566 538 2632 quod
578 2568 838 2620 doctiores
878 2570 1085 2634 quidam
1116 2571 1213 2621 viri
1250 2586 1325 2621 se·

255 2659 386 2693 eum
425 2643 777 2696 dissenserint.
842 2647 919 2696 Ut
953 2661 1078 2711 ergo
1123 2647 1331 2710 Cicero,

255 2721 357 2786 qui
379 2727 435 2770 et
459 2720 571 2785 ipse
594 2723 786 2772 nullum
804 2724 1012 2786 agnovit
1031 2724 1329 2789 discrimen,

256 2812 359 2847 suo
386 2805 558 2847 tamen
591 2799 823 2863 quemvis
859 2800 1069 2864 ingenio
1099 2800 1328 2863 judicio-

256 2887 369 2937 que
409 2872 509 2922 frui
548 2883 838 2938 pateretur,
875 2876 1130 2940 suggessit
1166 2878 1329 2926 consi·

253 2952 391 3000 lium
415 2951 542 2999 illud
574 2965 738 3001 oenn‘r.
762 2966 859 3016 per
890 2952 1213 3003 decurtatam
1243 2969 1328 3005 vo-

258 3041 381 3075 cem
411 3028 693 3077 scribendi.
760 3030 871 3079 Etsi
906 3031 1067 3094 igitur
1099 3045 1201 3080 non
1239 3046 1328 3082 ne·

258 3106 464 3168 gamus,
488 3116 607 3178 vsg,
640 3105 857 3168 Livium,
893 3107 979 3156 ubi
1007 3114 1211 3171 tempus
1237 3108 1327 3158 de-

259 3179 572 3242 signandum
616 3178 732 3236 fuit,
783 3183 1014 3241 tertium,
1064 3190 1327 3248 quartum,

259 3255 522 3321 quintum,
546 3259 825 3315 consulem,
843 3257 1165 3324 frequentius
1189 3260 1327 3312 dice·

263 3346 321 3381 re
359 3335 557 3394 solere3
590 3335 702 3397 ipse
736 3341 906 3385 tamen
945 3351 1045 3386 non
1080 3338 1246 3388 minus
1266 3353 1329 3389 ac

262 3410 474 3467 Cicero,
492 3415 550 3459 et
571 3412 656 3460 alii
683 3413 806 3462 boni
835 3414 1141 3478 scriptores,
1177 3415 1329 3465 item·

260 3500 367 3551 que
404 3487 600 3536 vetusti
637 3489 860 3552 lapides,
896 3490 1175 3554 promiscui
1207 3505 1327 3540 usus

262 3564 509 3626 exempla
531 3563 666 3613 bene
689 3567 852 3615 multa
875 3573 1182 3630 suggerunt3
1204 3582 1328 3632 qua·

245 3640 350 3710 §lia'
379 3641 489 3705 jam
541 3641 749 3706 collegit
794 3642 1073 3692 Pascasius
1113 3642 1326 3707 Grosip-

261 3726 379 3782 pus,
413 3717 771 3781 sive-Gaspsr
805 3719 1098 3782 Scioppius»,
1138 3720 1188 3770 in
1223 3720 1327 3770 Pa·

260 3792 478 3843 radoxis
524 3794 812 3858 Literariis,
855 3796 1025 3859 Epist.
1066 3800 1113 3844 1.
1192 3796 1328 3846 Con-

260 3867 342 3918 fer
388 3868 540 3917 Hier.
586 3869 819 3934 Magium
868 3870 1114 3921 Miscell.·
1150 3885 1237 3923 m.
1277 3878 1351 3924 9.·

263 3944 416 3997 Idem.

331 4021 496 4072 Tertio
511 4024 748 4088 consules]
772 4024 787 4052 ‘
806 4024 986 4075 Tertio
1003 4025 1224 4088 consul,'
1240 4028 1328 4092 qui

265 4097 427 4149 tertio
450 4100 566 4149 loco
590 4109 668 4150 est
701 4108 944 4164 creatus3
979 4105 994 4132 ‘
1014 4112 1094 4153 ter
1110 4104 1329 4162 consul,’

266 4175 352 4242 qui
380 4181 490 4224 tres
501 4176 613 4240 jam
650 4178 808 4240 gessit
828 4181 1155 4230 consulatus:
1187 4182 1203 4209 ⁴
1224 4188 1328 4231 ter·

266 4250 366 4301 tio’
384 4262 512 4315 ergo
535 4253 727 4314 locum;
762 4255 906 4319 ‘ter,'
928 4257 1036 4306 sive
1056 4256 1331 4314 ‘tertium,’

267 4333 470 4392 tempus
507 4329 850 4392 adsignificat,
890 4335 967 4383 uti
998 4333 1069 4386 Α.’
1097 4335 1236 4385 Gen.
1266 4344 1347 4384 x.·

390 4409 571 4474 Delph.
596 4416 642 4459 et
672 4410 785 4461 Vur.
811 4414 942 4463 Clas.

1219 4416 1407 4476 Paneg.
1436 4415 1543 4464 Vel.

2330 356 2570 474 ‚833⁹

1407 574 1454 621 l.
1478 583 1544 620 ex
1579 570 1659 622 Μ.
1680 569 1900 620 Varron.
1921 567 2044 620 libr.
2075 564 2344 633 Disciplin.
2374 566 2467 616 do-

1405 653 1508 697 cet.
1546 647 1702 698 Bern-

1471 725 1566 774 Ter
1585 724 1796 789 consule]
1826 724 1952 790 Ipso
1983 722 2242 788 principe,
2277 736 2341 772 ne
2379 721 2469 786 ali-

1405 807 1490 851 ter
1517 801 1821 858 viderentur
1855 814 2013 867 super
2050 815 2168 859 eum
2196 799 2467 851 scandere.

1405 877 1545 942 Lips.
1828 876 1837 885 ⁴

1471 952 1717 1005 Bellorum
1748 955 1881 1005 istud
1910 953 2075 1018 sociis]
2107 952 2331 1004 Videtur
2362 951 2472 1002 Au-

1406 1030 1577 1082 sonius
1613 1032 1751 1082 hunc
1795 1032 1952 1084 Plinii
1992 1033 2163 1081 locum
2205 1030 2255 1081 in
2303 1028 2472 1079 animo

1405 1107 1667 1171 habuisse,
1703 1122 1818 1158 cum
1864 1108 1918 1157 in
1957 1108 2193 1158 Gratiar.
2237 1104 2359 1155 Act.
2404 1104 2470 1153 ad

1408 1184 1562 1234 Grat.
1603 1200 1651 1235 c.
1683 1188 1732 1234 7.
1777 1184 1996 1246 diceret,
2028 1183 2253 1233 ‘Fecisti
2275 1168 2470 1231 'autem

1407 1269 1463 1313 et
1505 1262 1665 1313 facies
1709 1263 1836 1313 alios
1871 1277 2076 1328 quoque
2110 1260 2365 1312 consules.
2392 1293 2406 1309 .
2427 1291 2475 1310 ..

1405 1340 1560 1390 Viros
1595 1341 1772 1404 gloriae
1807 1340 2071 1390 militaris:
2107 1337 2301 1387 babent
2336 1336 2471 1386 enim

1409 1422 1599 1474 tecum,
1625 1423 1683 1466 ut
1706 1429 1913 1479 semper
1946 1413 2160 1476 laboris,
2189 1414 2265 1464 ita
2300 1412 2471 1476 digni-

1408 1493 1530 1543 tatis
1554 1495 1854 1558 plerumque
1884 1492 2222 1555 consortium,
2244 1490 2489 1548 virtutis‚'

1408 1584 1560 1632 quam
1615 1570 1841 1627 honoris,
1885 1566 2171 1632 antiquiore
2215 1564 2477 1629 collegio?

1410 1645 1521 1695 Vox
1543 1646 1683 1694 sociis
1704 1646 1949 1695 mendose
1972 1644 2170 1708 scripta
2195 1643 2388 1705 legitur
2417 1642 2474 1691 in

1406 1722 1676 1773 codicibus
1709 1724 1837 1772 Mss.
1903 1722 1967 1771 In
2003 1719 2305 1782 parisiensi,
2330 1726 2474 1768 utro·

1404 1813 1505 1864 que
1519 1798 2246 1863 Veneto,Guelpberbytano,
2263 1804 2319 1847 et
2338 1809 2477 1859 meo,

1406 1885 1554 1926 extat
1595 1877 1727 1932 otiis,
1771 1876 1851 1925 vel
1889 1874 2023 1925 ociis.
2090 1874 2152 1923 In
2200 1873 2477 1927 Vaticanis

1406 1953 1733 2016 quibusdam,
1753 1953 1866 2002 istis
1885 1952 2015 2002 otiis.
2083 1948 2148 2000 In
2185 1950 2321 1999 libro
2338 1950 2473 1999 Vos-

1404 2028 1551 2077 siano
1587 2029 1697 2079 ocii.
1767 2029 1828 2079 In
1859 2029 2042 2079 codice
2074 2026 2474 2090 salisburgensi,

1405 2106 1702 2170 Bellorum[
1834 2105 1857 2169 ]
1891 2107 2019 2158 ocius
2030 2121 2051 2166 ;
2086 2104 2173 2154 ubi
2209 2118 2330 2154 vero
2356 2103 2471 2167 jam

1403 2183 1614 2247 antiqua
1652 2199 1832 2233 manus
1868 2184 1921 2233 in
1961 2199 2086 2233 voce
2120 2184 2267 2245 ocius,
2291 2182 2495 2230 literas*

1402 2258 1454 2307 ci
1471 2260 1678 2323 punctis
1702 2254 2018 2315 subnotavit,
2041 2266 2095 2309 et
2128 2273 2223 2323 pro
2258 2258 2317 2308 iis
2354 2258 2474 2307 lite·

1403 2350 1512 2385 ram
1532 2351 1564 2385 n
1582 2335 1971 2401 suprascripsit,
1986 2346 2042 2387 ut
2060 2351 2124 2385 ex
2144 2335 2246 2385 ista
2264 2348 2470 2384 correc-

1403 2413 1545 2462 tione
1590 2414 1868 2477 legendum
1913 2414 2001 2472 sit,
2045 2415 2290 2464 Bellorum
2341 2414 2474 2462 istud

1402 2506 1541 2541 onus.
1605 2491 1919 2557 Suspicabar
1941 2491 2006 2541 ab
2031 2491 2199 2550 initio,
2232 2502 2296 2539 an
2332 2488 2470 2539 forte

1403 2582 1499 2632 pro
1536 2582 1694 2617 onere
1737 2565 2123 2618 rescribendum
2162 2564 2230 2614 sit
2266 2580 2434 2620 munus
2451 2580 2471 2622 ,-

1404 2659 1471 2694 au
1508 2647 1690 2695 saltem
1725 2659 1842 2694 onus
1880 2658 1974 2707 per
2013 2657 2182 2691 munus
2204 2641 2470 2705 explican-

1403 2721 1544 2785 dum,
1566 2723 1640 2771 ita
1665 2729 1721 2771 ut
1745 2710 2040 2773 consulatus
2076 2734 2140 2767 ex
2169 2733 2315 2768 more
2337 2718 2473 2767 anti-

1402 2815 1503 2864 quo
1536 2799 1801 2848 diceretur
1832 2798 2055 2848 bellorum
2085 2810 2220 2856 onus,
2252 2795 2333 2844 vel
2368 2810 2479 2844 mm

1402 2891 1521 2925 nus.-
1555 2876 1791 2941 quoniam
1816 2876 1865 2923 in
1891 2870 2159 2938 republica
2189 2871 2354 2922 libera
2378 2884 2472 2935 po·

1405 2953 1656 3003 tissimum
1679 2953 1944 3002 consulum
1967 2958 2100 3014 erat,
2120 2949 2359 3013 graviore
2383 2962 2464 2996 ur-

1404 3038 1562 3094 gente
1584 3030 1755 3092 hoste,
1775 3026 2030 3080 consulari
2063 3027 2221 3076 ductu
2245 3031 2299 3073 et
2322 3037 2469 3073 exer-

1402 3105 1509 3156 citu
1557 3106 1707 3155 bellis
1751 3120 1996 3170 praeesse.
2078 3101 2232 3155 Quod
2273 3102 2356 3151 vel
2402 3116 2466 3150 ex

1403 3183 1560 3232 Marii
1599 3184 1707 3232 vita
1746 3183 1882 3248 apud
1928 3182 2264 3232 Plutarchum
2304 3185 2470 3245 patet.

1403 3260 1537 3310 Inde
1560 3266 1618 3309 et
1639 3261 1800 3317 Nero,
1826 3259 2086 3310 referente
2117 3261 2332 3310 Sueton.
2353 3273 2470 3322 cap.

1401 3340 1484 3385 43.
1521 3345 1763 3400 gesturus
1789 3337 1976 3387 bellum
2006 3337 2251 3386 adversus
2276 3334 2471 3395 Gallos,

1405 3421 1680 3479 postquam
1704 3415 1939 3464 consules
1976 3420 2099 3463 ante
2137 3421 2340 3475 tempus
2366 3411 2470 3474 pri·

1405 3499 1577 3539 vasset
1602 3491 1812 3553 honore,
1838 3490 1954 3540 iniit
1977 3490 2319 3549 consulatum,
2346 3501 2471 3551 qua-

1403 3566 1446 3614 si
1492 3564 1652 3616 fatale
1695 3573 1855 3629 esset,
1903 3566 2041 3615 ‘non
2089 3576 2239 3630 posse
2285 3562 2468 3612 Gallos

1403 3640 1678 3706 debellari,
1714 3641 1813 3690 nisi
1851 3657 1880 3690 a
1917 3637 2164 3691 consule-⁹
2230 3638 2370 3689 Hinc
2415 3645 2473 3687 et

1403 3717 1517 3780 ipse
1557 3717 1756 3767 Plinius
1791 3723 1968 3767 noster
2003 3715 2054 3764 in
2088 3714 2325 3779 proximo
2353 3712 2479 3778 c'ap.

1405 3807 1523 3844 ιιι.
1543 3800 1591 3844 7.
1628 3795 1643 3821 ⁴
1662 3794 1736 3844 Ut
1759 3794 1896 3850 olim,
1917 3808 2031 3842 cum
2055 3793 2216 3842 hostis
2239 3793 2289 3841 in
2317 3805 2471 3855 prox-

1405 3873 1528 3935 imo,
1549 3877 1605 3920 et
1628 3873 1678 3918 in
1702 3885 1951 3920 summum
1976 3868 2253 3917 discrimen
2278 3868 2470 3916 adduc·

1405 3956 1463 3999 ta
1506 3947 1816 4012 respublica,
1857 3956 2136 4010 expertum
2191 3944 2469 3994 bonoribus

1405 4026 1569 4075 virum
1597 4031 1870 4089 posceret;
1904 4037 2004 4072 non
2039 4021 2343 4071 consulatus
2380 4020 2470 4070 ho-

1403 4102 1625 4151 minibus
1669 4100 1871 4156 iisdem,
1908 4100 1997 4148 sed
2041 4098 2203 4148 iidem·
2241 4097 2470 4147 homines

1404 4178 1781 4235 consulatibus,
1817 4172 2202 4226 reddebantur!
2271 4175 2367 4224 Est
2393 4184 2471 4223 ta-

1404 4270 1652 4317 men‚cur
1686 4255 1806 4303 mihi
1842 4253 1942 4317 ipsi
1975 4251 2090 4303 haec
2115 4250 2258 4300 varia
2289 4250 2468 4314 lectio,

1403 4334 1618 4398 ejusque
1641 4331 1944 4396 explicatio,
1964 4328 2187 4379 nondum
2206 4327 2330 4378 satis
2353 4340 2470 4390 pro-

2224 4414 2253 4459 3
2289 4408 2340 4457 G
