3017 4942
493 324 626 393 506

497 485 585 536 Au
612 485 801 534 nonina
825 498 1019 547 mgna,
1048 482 1202 548 longa
1239 491 1295 535 et
1331 485 1559 550 polysyl-

494 561 650 612 lsba?
685 569 742 611 ut
769 561 1090 627 Decebalus,
1125 569 1181 612 et
1215 562 1341 613 talis
1377 562 1560 614 barba·

496 655 688 691 rorum.
715 640 849 704 [ἀρε.

561 717 842 783 Noset'ture]
887 717 1107 768 Vocitare
1126 715 1246 780 alii;
1279 723 1334 768 at
1352 717 1560 768 noscite·

495 809 570 858 re,
593 795 669 845 sic
694 794 765 844 Η.
787 794 1034 856 stephan.
1051 794 1102 843 in
1117 794 1366 857 margine.
1386 794 1561 845 Faber.

565 871 845 935 Nascitur-e]
876 871 1059 920 Codex
1081 870 1367 920 Vaticanus
1406 871 1468 920 R.
1493 872 1560 922 Α.

495 951 643 1000 1476.
669 954 726 998 et
747 947 878 997 liber
901 947 1198 1006 Vossianus,
1220 947 1345 997 item
1382 947 1434 997 in
1466 947 1561 998 im·

496 1024 711 1089 pressis,
743 1023 1085 1079 Puteolanus,
1118 1023 1426 1080 Beroaldus,
1461 1024 1560 1074 Ca·

497 1108 718 1159 tanaus.
748 1099 932 1156 Aldus,
963 1099 1260 1160 Rhenanus,
1295 1100 1561 1150 Philomu-

494 1193 607 1240 sns,
625 1176 892 1242 Stephani,
912 1183 975 1227 et
990 1176 1336 1238 Boxbornins‚
1363 1176 1578 1228 babent-

467 1311 471 1315 ,
496 1255 705 1305 vocitare
715 1269 732 1313 ,-
749 1253 887 1319 quod
906 1267 1029 1303 vero
1045 1254 1258 1302 verbum
1275 1267 1560 1317 congruen-

496 1338 580 1385 ter
592 1331 802 1397 quidem
817 1328 883 1379 sd
899 1331 914 1358 ‘
931 1329 1136 1378 nomina
1148 1327 1377 1385 ducum.’
1392 1329 1560 1380 miuus

497 1413 671 1459 tomen
695 1413 821 1472 apte
846 1405 912 1456 ad
948 1405 963 1433 ‘
988 1403 1236 1469 corpora’
1273 1412 1330 1455 et
1369 1403 1558 1455 faciem

494 1488 510 1516 ‘
537 1484 764 1548 ducnm‚’
793 1484 1036 1535 refertur.
1103 1484 1276 1548 Magis
1300 1498 1425 1548 ergo
1449 1485 1562 1548 pla·

493 1572 581 1618 cet
606 1566 818 1617 verbum
840 1565 1096 1627 noscitare,
1117 1563 1254 1628 quod
1286 1564 1561 1629 utrobique

493 1643 663 1697 locum
685 1641 867 1703 babet,
900 1649 957 1692 et
982 1640 1034 1690 in
1070 1640 1261 1690 ceteris
1292 1639 1560 1690 codicibus

495 1719 638 1775 Mss.
681 1721 930 1783 librisque
983 1718 1193 1769 excusis
1233 1717 1564 1780 exprimitur.

496 1796 638 1849 Quin
684 1803 740 1846 et
785 1795 908 1845 alibi
952 1794 1137 1844 eodem
1185 1794 1348 1843 verbo
1390 1796 1563 1845 utitur

492 1870 728 1932 Plinius;
766 1885 816 1920 v.
858 1885 909 1932 g.
951 1870 1122 1934 Epist.
1163 1884 1247 1920 lx.
1280 1874 1366 1920 28.
1413 1874 1429 1901 ⁸
1455 1873 1563 1921 De·

494 1948 789 1998 mosthenes
812 1948 933 2010 jure
967 1948 1179 1999 laetatus
1201 1955 1300 2006 est,
1328 1947 1465 2010 qnod
1501 1949 1574 1998 ile

492 2024 605 2076 lum
624 2037 751 2073 anus
768 2020 947 2072 Attica
964 2021 1276 2073 noscitsvit!
1312 2022 1391 2075 Cf.
1408 2024 1566 2087 idem,

495 2101 669 2165 Epist.
687 2113 763 2150 vr.
777 2103 860 2150 2⁰.
876 2113 960 2150 ιιι.
977 2105 1027 2151 6.
1063 2100 1211 2152 Curt.
1227 2115 1357 2151 vm.
1376 2105 1457 2152 13.
1472 2103 1487 2131 ‘
1505 2109 1563 2152 nt

496 2175 585 2226 vix
610 2176 1015 2241 colloquentium
1049 2175 1187 2226 inter
1222 2176 1363 2241 ipsos
1400 2176 1563 2229 facies

494 2251 883 2305 noscitaretur.’
963 2255 1136 2308 Taceo
1167 2253 1370 2304 Livium
1404 2255 1564 2306 etism

477 2331 681 2383 .eo‹lem
721 2329 880 2381 verbo
922 2331 1193 2398 aliquoties
1239 2346 1391 2382 usum
1430 2346 1565 2383 esse.

499 2410 749 2462 Solimi-z.

560 2487 853 2539 [amnibus
894 2487 1050 2553 ausis]
1105 2486 1332 2551 Insignis
1374 2487 1566 2539 lacuna

496 2563 724 2615 antehac
748 2566 799 2615 in
823 2580 925 2615 non
958 2565 1141 2629 paucis
1173 2565 1320 2615 libris
1349 2564 1565 2629 impres·

494 2642 588 2699 sis,
619 2647 675 2694 et
715 2643 979 2693 recentius
1018 2643 1188 2693 adbuc
1227 2657 1311 2692 sn.
1336 2647 1479 2693 1693.
1509 2643 1564 2692 in

497 2718 729 2771 editione
761 2719 1074 2776 Cellarisns,
1099 2721 1236 2770 hunc
1269 2721 1439 2769 locum
1469 2717 1564 2769 foe-

494 2794 734 2853 daven-at,
755 2811 872 2847 cum
897 2796 968 2845 ibi
992 2796 1063 2846 sic
1087 2796 1259 2846 editus
1279 2797 1567 2860 legeretur,

488 2872 682 2924 'Videor
717 2872 898 2924 inciam·
931 2872 984 2921 in
1019 2873 1236 2923 manibus
1265 2878 1566 2936 sequentem,-

495 2962 609 2997 mox
627 2948 783 3011 ipsum
804 2953 850 2998 te
868 2949 1130 3008 sublimem,
1151 2950 1233 3010 εἷο.
1301 2949 1455 2998 Nunc
1478 2947 1566 2998 de·

492 3021 693 3073 fectum
718 3025 868 3074 istum
903 3038 1005 3073 non
1041 3029 1239 3073 tantum
1265 3039 1365 3088 ope
1390 3024 1565 3073 melio·

495 3112 611 3149 rum
625 3098 1035 3161 editionum,sed
1055 3100 1388 3162 plurimorum
1406 3100 1565 3151 etiam

494 3176 737 3225 codicum
759 3176 888 3225 Mss.
911 3175 1250 3240 explevimus.
1299 3176 1437 3228 Vide
1452 3178 1567 3228 -Ex-

500 3264 635 3303 curs.
657 3264 827 3301 xxm.
861 3253 1015 3302 Idem.
1378 3271 1383 3276 ·

563 3327 791 3395 Fere-ula]
839 3329 969 3379 Haec
1007 3337 1160 3380 erant
1198 3330 1567 3390 instrumenta,

499 3405 691 3472 quibus
715 3407 766 3455 in
792 3407 1050 3471 triumpho
1069 3421 1169 3456 nou
1190 3409 1353 3458 solum
1375 3416 1567 3475 vestes,

497 3490 555 3535 et
577 3497 737 3540 arms.
770 3483 1002 3533 hostibus
1024 3492 1240 3547 erepts;
1272 3485 1364 3534 sed
1388 3492 1443 3535 et
1464 3486 1566 3551 sig-

497 3572 567 3609 na
606 3573 669 3609 sc
696 3559 972 3609 simulacra
994 3559 1268 3620 opidorum
1306 3574 1567 3624 expugno-

498 3641 688 3693 tornm,
721 3635 989 3697 montium,
1025 3633 1315 3692 fluviorum.
1349 3638 1570 3700 arcium,

500 3726 582 3773 ac,
605 3711 741 3777 quod
768 3711 969 3762 Plinius
1002 3726 1138 3761 nuuc
1167 3716 1391 3763 unanime
1411 3713 1569 3779 signi·

496 3787 642 3845 ficut,
678 3788 868 3838 tabulae
892 3795 949 3838 et
970 3788 1138 3851 signa.
1170 3789 1355 3853 quibus
1393 3790 1571 3854 praelia

497 3872 554 3925 ,et
571 3865 788 3915 audacis
806 3864 1400 3915 barbarorum'faciuora
1417 3873 1572 3917 erant

497 3957 773 4007 expressim
805 3942 931 3993 item
956 3941 1240 4006 aliquando
1273 3942 1371 4004 ipsi
1407 3942 1570 3992 bomi-

501 4033 594 4070 nes
634 4018 912 4068 nobiliores
950 4033 1016 4069 ex
1056 4016 1303 4080 captivis,
1339 4017 1571 4080 impone·

500 4097 710 4160 bantur,
734 4105 793 4147 ut
826 4098 970 4148 lento
1007 4097 1172 4162 gradu
1201 4103 1258 4147 et
1294 4110 1389 4159 per
1425 4111 1571 4161 porn-

498 4190 623 4241 paru
646 4180 997 4237 gestarentur,
1018 4174 1101 4222 vel
1122 4173 1452 4224 veherentur.
1480 4173 1572 4224 Sic

498 4253 668 4311 fl'scit.
712 4249 901 4303 Annei.
944 4264 1008 4300 ιι.
1049 4251 1133 4299 41.
1168 4248 1235 4298 de
1266 4246 1573 4301 Germanici

427 4738 591 4896 h.

1197 340 1414 393 ⁸0⁹1·AE
1436 384 1443 391 .
1462 341 1871 393 vssstonuu
1922 343 2004 392 m

1634 486 1936 552 triumphos
1974 486 1990 515 ‘
2010 487 2219 549 Vects,’
2250 486 2438 553 inquit,
2470 488 2489 518 ⁴
2511 487 2704 554 spolia,

1634 564 1911 615 simulacra
1938 565 2209 628 montium,
2238 564 2524 621 fluminum,
2564 579 2700 628 prm-

1634 640 1852 691 liornm.’
1915 642 1996 692 Ac
2021 643 2158 699 Dion
2189 643 2334 693 Cass.
2370 644 2405 692 Ι.
2449 656 2611 693 xmu.
2643 657 2703 707 p.

1633 721 1749 767 234.
1764 726 1912 768 vocnt
1938 717 2090 783 ἔργων
2108 717 2305 776 εἰκόνας,
2315 720 2560 781 factorum
2577 719 2701 768 im-

1631 793 1792 858 ςίοιω,
1835 810 1949 860 qua
1996 797 2196 846 Plinius
2238 798 2319 846 liic
2373 798 2704 858 μπωνιιμικῶς

1635 868 1764 920 dicit
1787 871 2012 922 inmanis
2037 872 2340 924 hurbem-m
2359 889 2493 934 nuso,
2513 874 2700 938 quibua

1635 943 1838 996 fercula
1875 945 2260 999 fuere‘ounstn.
2330 950 2472 999 Nihil
2504 950 2703 999 attinet

1635 1021 1733 1073 boc
1755 1023 1872 1074 loco
1892 1024 2069 1075 dicere
2093 1024 2160 1075 de
2181 1042 2276 1076 usu
2308 1023 2622 1076 ferculorum
2645 1027 2701 1075 in

1636 1100 1906 1158 conviviis,
1947 1101 2130 1166 quibus
2162 1117 2283 1152 vass
2323 1103 2491 1167 plura,
2531 1116 2701 1167 esque

1635 1176 1792 1242 plena
1828 1178 1979 1237 cibis,
2000 1193 2102 1229 uus
2133 1178 2246 1229 vice
2282 1179 2545 1242 imposita,
2565 1176 2702 1228 infe-

1636 1255 1888 1306 rebantur
1920 1256 2142 1319 mensis;
2174 1262 2284 1321 aut,
2309 1257 2507 1321 ‘quibus
2540 1257 2701 1308 etiam

1634 1329 1687 1381 in
1745 1329 2013 1383 funeribus
2064 1332 2266 1383 cineres
2330 1331 2703 1384 defunctorum
2727 1384 2738 1397 ,

1634 1409 1988 1472 gestabantur.
2058 1410 2196 1458 Vide
2218 1410 2449 1474 Lipsinm
2482 1409 2550 1459 sd
2585 1409 2639 1459 li.
2663 1410 2702 1459 l.

1638 1485 1965 1548 onuphrium
2008 1486 2231 1536 Pauvin.
2270 1487 2337 1537 de
2384 1486 2546 1537 Ludis
2588 1485 2705 1536 Cir-

1634 1575 1777 1612 cens.
1798 1577 1862 1613 ιι.
1877 1568 1927 1613 2.
1947 1563 2297 1626 Bulengernm
2316 1562 2383 1612 de
2401 1561 2711 1626 Triumpho,

1638 1653 1685 1689 c.
1707 1643 1792 1689 26.
1839 1638 2162 1690 Schefferum
2194 1640 2262 1689 de
2299 1639 2379 1690 Re
2405 1637 2707 1704 Vehiculsri

1637 1729 1705 1766 ιι.
1745 1721 1797 1766 3.
1862 1716 2309 1767 commentatores
2357 1716 2424 1766 sd
2477 1717 2592 1768 Cic.
2636 1715 2707 1765 de

1637 1791 1799 1844 offic.
1826 1807 1866 1843 ι.
1890 1797 1970 1844 86.
2009 1807 2072 1844 ιι.
2095 1798 2146 1843 8.
2179 1795 2330 1843 Idem·

1708 1871 1898 1920 Onusta
1916 1860 2129 1933 fercula]
2164 1869 2229 1921 ld
2252 1875 2355 1934 est,
2376 1869 2427 1918 iu
2452 1867 2578 1933 ipsis
2598 1865 2708 1917 fer·

1638 1945 1773 1996 culis
1804 1960 2055 2010 expressa
2089 1944 2323 1995 facinora
2350 1944 2567 1995 audacia
2589 1944 2707 1993 bar·

1640 2022 1900 2074 berorum.
1971 2021 2219 2084 NamJbi
2260 2020 2492 2084 flumina,
2529 2019 2711 2081 urbes,

1637 2114 1851 2165 pugnae,
1892 2098 2141 2164 quidquid
2188 2098 2467 2162 singulare,
2511 2097 2709 2161 populo
2789 2110 2794 2111 ⁷

1637 2175 2030 2227 ostendebatur.
2097 2175 2269 2226 Tacit.
2322 2174 2462 2224 Ann.
2517 2187 2583 2223 ιι.
2636 2171 2709 2223 de

1639 2252 1940 2305 Germiiuici
1964 2251 2251 2316 triumpho:
2283 2250 2301 2279 ‘
2323 2251 2498 2300 Vecta
2519 2247 2711 2313 spolia,

1635 2330 1859 2394 captivi,
1899 2330 2173 2379 simulacra
2222 2327 2496 2389 montium,
2536 2323 2709 2375 flumi-

1638 2421 1781 2469 num,
1816 2404 2151 2472 praeliorum.'
2233 2402 2564 2467 Propertius,
2610 2407 2627 2432 ‘
2650 2409 2711 2452 et

1638 2485 1804 2534 titulis
1823 2482 2021 2547 oppida
2042 2489 2197 2547 capta
2218 2479 2418 2544 legam?
2461 2478 2712 2531 Claudia-

1637 2576 1757 2623 nus,
1789 2561 1805 2590 ‘
1829 2561 1905 2611 Hi
1933 2559 2153 2610 famulos
2175 2559 2445 2609 traherent
2468 2571 2635 2620 reges,
2652 2556 2707 2609 hi

1638 2636 1781 2688 facta
1819 2636 2046 2687 metallis
2092 2635 2325 2701 Oppida,
2361 2634 2444 2684 vel
2481 2644 2709 2692 montes,

1639 2714 1951 2778 captivaque
1983 2710 2198 2764 flumina
2234 2711 2469 2762 ferrent.’
2548 2718 2565 2741 ‘
2591 2711 2707 2765 Me·

1641 2791 1813 2844 tallis’
1849 2792 1923 2842 ait
1950 2790 2114 2848 facts,
2149 2791 2203 2841 id
2233 2797 2316 2841 est
2343 2805 2470 2841 suro
2506 2791 2589 2840 vel
2619 2804 2707 2840 ar-

1640 2878 1834 2934 gento;
1876 2868 1968 2918 sed
2011 2875 2066 2918 et
2107 2868 2285 2926 ebore,
2331 2868 2491 2930 citro,
2532 2874 2625 2917 sut
2665 2868 2710 2916 si

1640 2946 1763 3010 quid
1793 2945 1935 2995 aliud
1970 2959 2166 3002 carum,
2197 2945 2281 2994 vel
2311 2958 2501 2994 rarum.
2570 2942 2708 2994 Vide

1636 3022 1851 3072 Sueton-
1890 3020 2000 3073 Jul.
2032 3035 2082 3070 c.
2107 3024 2191 3070 37.
2238 3022 2458 3070 Diouem
2498 3023 2578 3072 43.
2615 3020 2707 3084 qui

1639 3099 1753 3150 linc
1796 3098 2008 3159 ferculo,
2062 3096 2278 3162 γομπηΐα
2319 3097 2495 3159 vertit,
2537 3097 2709 3160 iisque

1639 3176 1868 3240 imponit
1908 3174 2061 3239 ἔργων
2090 3173 2288 3232 εἰκόνας,
2306 3173 2557 3235 sactorum
2588 3174 2712 3223 ima-

1636 3253 1809 3316 gines,-
1842 3252 1935 3303 sed
1972 3261 2095 3303 ante
2129 3248 2308 3301 omnes
2325 3249 2634 3312 sompnum.
2656 3249 2709 3298 in

1638 3330 1865 3384 sud-ico
1887 3329 2169 3394 triumpho,
2187 3328 2278 3394 qui
2310 3327 2326 3354 ‘
2347 3332 2593 3392 pegmata
2608 3324 2622 3346 ’
2645 3338 2712 3376 ea

1639 3407 1790 3458 dicit.
1819 3406 1954 3470 Lips-

1710 3482 1937 3545 Fer-cula]
1985 3479 2120 3533 Haec
2166 3481 2387 3538 tordius,
2436 3485 2709 3530 ostenten-

1642 3558 1697 3609 di
1728 3559 1979 3609 nimirum
2018 3556 2205 3620 grstia,
2251 3558 2407 3606 solita
2446 3557 2715 3607 incedere.

1644 3635 1785 3685 Hinc
1808 3635 1921 3685 Cic.
1955 3642 2142 3685 contra
2175 3633 2522 3697 spissigrados
2556 3630 2717 3684 offic.

1640 3712 1732 3763 lib.
1771 3726 1811 3763 1.
1846 3714 1862 3741 ‘
1888 3711 2190 3761 Cavendum
2227 3709 2347 3773 est,'
2379 3709 2571 3774 inquit,
2603 3709 2621 3737 ‘
2645 3724 2714 3760 ne

1644 3787 1980 3839 tarditatibus
2003 3796 2213 3838 utamur
2242 3787 2294 3837 in
2326 3786 2561 3849 ingressu
2585 3786 2717 3835 mol-

1643 3865 1880 3925 lioribns,
1904 3871 1962 3915 ut
1995 3877 2299 3928 pomparum
2335 3861 2547 3914 ferculis
2570 3862 2718 3913 simi-

1642 3944 1722 3993 lcs
1743 3956 1860 3992 esse
1881 3938 2185 3990 videamur:
2216 3940 2373 3990 Ber-n.

1711 4018 1869 4083 Fata]
1907 4014 2146 4067 Antehac
2175 4014 2228 4064 in
2264 4014 2500 4065 omuibus
2523 4013 2716 4067 editio·

1644 4094 1799 4146 nibus
1821 4091 2204 4156 legimussacta.
2270 4090 2391 4142 Jam
2428 4104 2549 4141 vero
2574 4092 2715 4142 Bau·

1645 4171 1784 4234 dius,
1798 4168 2034 4234 quamvis
2047 4164 2317 4217 codicibus
2335 4167 2465 4217 Mss.
2488 4167 2716 4223 destitu-

1649 4252 1755 4313 tus,
1786 4244 1969 4312 gestiit
2002 4243 2177 4308 legere
2196 4243 2333 4307 suta,
2356 4243 2400 4294 si
2423 4245 2616 4297 liceret
2637 4246 2716 4298 iu·
