3017 4942
515 345 688 412 1024

515 504 709 566 linam;
763 503 1118 562 Domitianas,
1164 520 1316 571 quem
1355 507 1579 557 maxime

514 582 704 643 tangit,
743 596 888 631 suam
935 572 1224 632 Domitiam
1265 584 1576 647 Longinam3

513 656 793 721 Philippus
807 659 1031 708 Macedo
1046 674 1206 716 suam,
1221 661 1375 710 etiam
1392 660 1458 710 ab
1477 662 1579 710 ira·

518 741 574 783 ta
603 735 823 785 caliculo
846 737 1123 798 exclusus3
1146 737 1338 800 aliique
1360 753 1593 800 voranto·-

514 812 820 878 ιφατούμενοι
841 830 959 864 suas
985 830 1173 865 uxores
1197 815 1393 866 ferunt.
1428 818 1579 868 Bern.

582 891 886 955 Domestica]
924 891 1094 954 Supra
1126 906 1245 953 cap.
1280 906 1359 942 lv.
1391 894 1579 943 Victor

513 967 580 1016 de
601 967 846 1030 Augusto
867 983 986 1031 cap.
1008 971 1055 1018 1.
1079 969 1095 996 ‘
1117 969 1262 1018 Felix
1287 969 1439 1031 adeo,
1460 969 1604 1041 abs·⁸

514 1059 616 1109 que
657 1044 834 1094 liberis
871 1051 1066 1107 tamen,
1101 1044 1359 1110 simulque
1396 1045 1579 1109 conju-

512 1118 631 1184 gio?
664 1119 817 1169 Rern.

574 1196 869 1248 Destraebat
900 1194 1120 1259 infamia]
1174 1195 1578 1259 salisburgensis

518 1274 685 1323 codex
710 1280 763 1323 et
786 1287 947 1330 meus,
974 1287 1070 1335 pro
1096 1272 1256 1322 verbo
1288 1274 1580 1332 destruebat,

513 1349 749 1400 referunt
800 1349 1117 1400 disturbabat.
1188 1348 1307 1398 Nou
1366 1350 1577 1415 quidem

510 1424 611 1476 hoc
665 1440 874 1491 prorsus
930 1426 1274 1487 incongruens
1330 1427 1579 1487 verbum;

512 1516 632 1553 cum
654 1504 794 1552 enim
820 1502 1028 1565 proprie
1053 1508 1069 1530 ‘
1091 1501 1227 1552 oedes
1248 1502 1579 1566 disturbare,'

513 1596 684 1648 aeque,
716 1598 779 1633 ac
799 1582 817 1610 ‘
843 1582 1116 1631 destruere
1138 1581 1154 1603 '
1184 1583 1215 1632 i.
1239 1597 1287 1631 e.
1324 1582 1578 1647 demoliri,

511 1660 781 1722 dicamini-3
804 1661 881 1710 ita
894 1667 1170 1724 utrumque
1189 1660 1402 1710 verbum
1417 1661 1577 1711 etiam

511 1738 816 1788 translatam
837 1736 1100 1786 notionem
1119 1736 1326 1787 videtur
1342 1751 1408 1786 ex
1425 1751 1577 1799 oequo

512 1813 814 1871 admittere.
862 1813 1096 1863 Praefero
1119 1820 1292 1863 tamen
1311 1814 1579 1877 vulgatum

510 1889 804 1953 destruebat,
834 1891 868 1939 i.
906 1905 954 1939 e.
991 1890 1058 1940 de
1100 1890 1484 1940 existimatione
1520 1896 1576 1939 et

507 1962 768 2018 felicitate
838 1966 1139 2030 dejiciebat,
1202 1948 1575 2031 labefactabat,

511 2041 797 2106 affligebat,
822 2042 1130 2106 perdebat..
1167 2043 1287 2092 Val.
1321 2042 1471 2095 Max.
1492 2056 1574 2092 v1.

510 2124 561 2172 8.
580 2125 631 2172 3.
659 2123 675 2149 ‘
691 2123 766 2171 Ut
788 2122 851 2170 ad
876 2121 1092 2184 Xerxis,
1115 2135 1269 2186 quem
1292 2121 1465 2183 paullo
1487 2134 1578 2169 an-

508 2203 565 2247 te
581 2196 940 2258 destruxerat,
958 2211 1059 2246 non
1072 2196 1301 2246 debitam
1317 2196 1413 2245 sibi
1429 2196 1578 2246 mise-

508 2273 785 2324 ricordiam
804 2272 1078 2337 perfugere
1092 2288 1306 2324 necesse
1319 2274 1578 2325 baberet?

509 2349 686 2401 Tacit.
725 2349 917 2400 Annal.
951 2364 1012 2400 ιι.
1040 2355 1123 2401 63.
1170 2353 1186 2380 ‘
1209 2352 1371 2401 Extat
1403 2352 1575 2402 oratio

511 2428 750 2486 Caesaris,
769 2443 870 2492 qua
888 2464 902 2479 .
919 2459 933 2475 .
951 2462 965 2478 .
985 2443 1079 2477 sua
1102 2428 1156 2477 in
1174 2414 1490 2478 destruendo
1515 2443 1576 2478 eo

505 2504 1115 2570 (Maroboduo)consilia
1131 2504 1353 2556 extulit?
1376 2507 1576 2558 Quinc·
1598 2532 1603 2535 ,

510 2580 589 2630 til.
608 2580 785 2630 Instit.
807 2581 958 2630 Orat.
981 2594 1035 2630 ν.
1056 2585 1107 2632 7.
1128 2588 1143 2611 ⁸
1163 2582 1335 2632 Testis
1359 2581 1576 2633 infamia

508 2656 779 2708 criminum
822 2657 1169 2707 destruendus
1214 2657 1332 2709 est!
1422 2659 1571 2709 Idem

463 2740 468 2746 ’
508 2747 640 2783 vm.
660 2737 709 2783 3.
740 2732 757 2762 ⁴
775 2732 961 2783 Cicero
986 2748 1048 2783 eo
1070 2741 1391 2784 contemtum
1408 2735 1571 2785 homi-

506 2807 770 2873 nis,quern
788 2807 1115 2860 destructum
1138 2810 1371 2872 volebat,
1391 2810 1575 2863 auxit.'

508 2885 729 2943 Noster,
763 2885 934 2948 Epist.
968 2900 1008 2935 1.
1030 2891 1080 2936 8.
1116 2888 1132 2914 ‘
1160 2886 1429 2948 Homines,
1449 2903 1569 2938 cum

507 2974 617 3009 rem
642 2960 914 3011 destruere
938 2976 1041 3012 non
1068 2969 1301 3025 possunt,
1317 2963 1571 3027 jactatio·

505 3049 625 3085 nem
648 3037 759 3100 ejus
782 3037 1086 3089 incessunt!
1116 3039 1362 3089 Schwarz.

493 3160 502 3167 ,
572 3112 752 3161 Mariti
788 3113 1019 3179 minores]
1078 3115 1166 3165 Sic
1203 3115 1469 3176 dicuntur,
1511 3124 1571 3167 ut

507 3194 839 3250 opponantur
862 3191 878 3218 ⁸
901 3192 1134 3240 maximis
1158 3192 1399 3250 civibus.’
1463 3193 1573 3243 Per

505 3264 598 3313 isos
621 3273 794 3312 autem
815 3268 829 3290 ⁶
856 3266 1109 3316 maximos
1140 3266 1320 3324 cives,'
1350 3283 1455 3319 non
1488 3284 1570 3318 so·

504 3341 611 3390 lum
656 3339 1036 3406 intelliguntur,
1076 3344 1166 3406 qui
1207 3344 1260 3393 in
1305 3347 1570 3410 republica

437 3456 445 3465 ,
505 3415 772 3482 principes
817 3417 1046 3466 civitatis
1093 3418 1407 3483 audiebant3
1460 3429 1569 3478 aut,

505 3492 644 3543 sicut
673 3492 881 3541 Velleio
909 3506 974 3542 11.
1004 3496 1087 3543 48.
1113 3500 1331 3545 nutante
1356 3497 1467 3560 jam
1505 3498 1567 3547 li·

502 3569 712 3621 bertate
735 3569 1057 3631 reipublica‘,
1082 3570 1362 3635 Pompeius
1386 3576 1565 3638 appel·

504 3647 644 3696 latur
666 3651 682 3674 ‘
712 3646 906 3709 primus
942 3648 1165 3696 omnium
1194 3649 1381 3698 civium
1402 3649 1439 3710 ς’
1472 3650 1565 3700 sed

504 3723 661 3773 etiam
701 3722 799 3786 ipsi
844 3724 1101 3785 Caesares,
1140 3732 1396 3787 quatenus
1427 3727 1565 3777 nole·

503 3798 634 3849 bant
656 3798 885 3862 tyranni,
918 3799 1009 3847 sed
1041 3799 1284 3848 custodes
1314 3801 1568 3852 vindices·

504 3890 607 3941 que
643 3875 828 3925 salutis
869 3874 1095 3938 publicas
1136 3876 1321 3940 videri,
1361 3878 1577 3928 haberi:

504 3968 622 4018 que.
683 3952 770 4002 Sic
795 3953 996 4002 Plinius
1021 3959 1200 4003 noster
1229 3970 1401 4018 supra,
1424 3970 1484 4006 ιι.
1518 3961 1568 4007 3.

504 4042 619 4081 cum
661 4029 728 4080 de
765 4029 992 4092 Trojano
1029 4030 1277 4096 loquitur:
1321 4030 1339 4058 ‘
1363 4033 1484 4083 Non
1513 4049 1566 4084 e·

502 4105 646 4162 nim:
667 4106 856 4168 inquit,
878 4105 895 4133 ‘
916 4105 983 4154 de
1017 4113 1258 4170 tyranno,
1289 4109 1379 4157 sed
1404 4108 1470 4160 de
1492 4109 1564 4159 ci·

504 4196 603 4243 ve;
637 4196 740 4231 non
764 4180 1081 4243 de-domino‚
1104 4172 1197 4232 sed
1221 4184 1288 4233 de
1323 4195 1566 4249 parente,

415 4320 422 4325 ‚
504 4255 793 4322 loquimur.'
860 4256 998 4308 Vell.
1026 4269 1089 4307 ιι.
1125 4263 1208 4310 99.
1242 4260 1308 4312 de
1332 4261 1564 4327 Tiberio,

1204 362 1425 414 NOTAE
1475 361 1886 415 vantouuu
1940 364 2022 415 m

1654 507 1890 571 quamvis
1913 506 2226 559 adulatoriez
2261 513 2276 538 ¹
2293 506 2531 559 Tiberius
2553 506 2725 569 Naro,

1655 584 1846 634 civium
1886 593 2007 649 post
2049 600 2209 636 unum
2255 584 2553 650 Angustum
2595 588 2727 638 emi·
2796 590 2801 595 '

1650 662 2008 727 nentissimus,
2042 662 2243 712 ducum
2271 663 2544 721 maximus,
2582 663 2728 714 fama

1652 736 1968 804 fortunaque
2001 740 2393 797 celeberrimus,
2418 731 2479 791 et'
2506 755 2628 791 vere
2651 742 2727 791 al·

1654 822 1822 865 terum
1864 816 2164 879 reipublicae
2211 818 2386 866 lumen
2427 824 2485 867 et
2528 817 2726 883 caput.'

1655 890 1820 962 Ovid.
1839 889 1906 941 de
1929 890 2185 955 Augusto,
2203 892 2364 941 Trist.
2390 897 2538 942 1v.4.
2565 899 2579 921 ⁴
2598 893 2727 958 Ipse

1654 966 1819 1016 Pater
1842 967 2043 1029 patrioe.
2066 967 2187 1032 quid
2205 968 2340 1016 enim
2360 967 2571 1017 civilius
2590 969 2678 1021 illo
2688 968 2729 1017 2’

1652 1043 1790 1094 Vide
1827 1044 1949 1109 quid
1988 1044 2058 1094 de
2105 1044 2488 1108 significatione
2535 1059 2725 1095 vocum

1654 1128 1670 1150 ‘
1688 1122 1869 1171 civiles
1892 1120 1906 1141 ’
1928 1133 1986 1172 et
2004 1124 2022 1150 ⁴
2048 1121 2317 1171 civilitatis
2334 1120 2348 1143 '
2372 1137 2430 1168 sn
2441 1136 2537 1185 pra
2562 1136 2724 1170 anno·

1654 1200 1781 1260 tavi,
1811 1199 1875 1248 ad
1917 1213 2010 1263 pp.
2034 1203 2150 1250 584.
2185 1203 2301 1249 972.
2367 1200 2596 1249 Minores
2632 1214 2726 1248 au·

1653 1281 1760 1324 tem
1783 1275 1949 1324 mariti
1967 1289 2061 1338 per
2078 1276 2525 1338 comparationem
2545 1275 2728 1325 dicun·

1654 1354 1761 1412 tur,
1781 1350 1868 1415 qui
1905 1364 2003 1399 non
2038 1359 2162 1400 sunt
2194 1358 2298 1400 tam
2334 1352 2515 1413 magni
2551 1351 2727 1401 mariti

1654 1426 1970 1476 auctoritate
2027 1433 2084 1475 et
2126 1425 2409 1491 felicitate,
2448 1428 2728 1493 gloriaque

1651 1501 1958 1565 domestica,
1980 1518 2134 1568 quam
2158 1505 2328 1566 magni
2360 1504 2728 1568 civium‘prin·

1652 1579 1816 1643 cipes,
1840 1579 2157 1630 auctoritate
2181 1588 2235 1629 et
2256 1578 2541 1642 felicitate,
2572 1582 2729 1645 glori·

1651 1668 1784 1720 aque
1809 1655 2035 1718 publica.
2104 1655 2256 1704 Idem
2286 1653 2399 1704 fere
2433 1661 2619 1706 noster
2641 1671 2726 1706 su·

1654 1746 1750 1794 pra
1769 1730 1922 1790 dixit,
1943 1745 2022 1782 ιν.
2048 1737 2098 1782 5.
2123 1733 2139 1760 ‘
2159 1732 2261 1781 Ille
2279 1731 2559 1799 qnaesitam
2583 1731 2729 1782 domi

1654 1808 1873 1872 gloriam
1915 1808 1970 1857 in
2010 1808 2242 1873 publico,
2284 1808 2369 1858 hic
2415 1808 2471 1857 in
2514 1810 2729 1873 publico

1653 1891 1876 1947 partam,
1897 1882 2060 1945 domi,
2087 1881 2355 1946 perdidit.’
2423 1883 2512 1933 Sic
2534 1891 2590 1933 et
2615 1883 2731 1932 Ho-

1651 1965 1753 2009 rat.
1779 1960 1947 2024 Epist.
1968 1974 2035 2010 ιι.
2063 1966 2110 2010 1.
2126 1964 2237 2010 183.
2257 1959 2392 2009 dixit
2410 1960 2428 1988 ‘
2445 1960 2655 2011 virtute
2672 1966 2732 2009 et

1649 2037 1845 2087 honore
1878 2037 2138 2088 minores-⁹
2203 2037 2356 2089 Quod
2390 2038 2436 2087 si
2470 2038 2489 2066 ‘
2517 2038 2694 2088 minor
2714 2035 2732 2060 ’

1649 2115 1798 2180 quasi
1817 2113 2054 2165 absolute
2076 2114 2302 2178 ponitur,
2320 2113 2605 2177 aliquando
2633 2126 2729 2177 pro

1650 2189 1849 2254 impare
1874 2197 1932 2240 et
1956 2204 2059 2239 non
2083 2189 2364 2240 suffecturo
2389 2190 2526 2238 sumi
2551 2191 2730 2250 solet;

1652 2281 1701 2318 v.
1735 2282 1785 2329 g.
1815 2268 1986 2317 Tacit.
2025 2266 2211 2317 Annal.
2237 2281 2277 2317 ι.
2300 2271 2381 2317 13.
2412 2273 2428 2296 ·
2453 2267 2728 2331 Augustus

1650 2344 1907 2405 supremis
1940 2344 2264 2393 sermonibus
2286 2359 2406 2393 cum
2446 2350 2732 2406 tractaret,

1650 2418 1857 2484 quinam
1877 2420 2101 2484 adipisci
2125 2420 2411 2485 principem
2434 2422 2608 2470 locum
2633 2421 2729 2470 im·

1652 2510 1806 2560 pares
1831 2497 2060 2557 vellent3
2086 2528 2101 2543 .
2125 2531 2140 2547 .
2164 2532 2180 2548 .
2204 2532 2219 2548 .
2245 2497 2454 2547 Gallum
2476 2494 2726 2546 Asinium

1651 2572 1857 2623 dixerat
1889 2574 2097 2623 avidum
2134 2582 2189 2625 et
2212 2571 2504 2623 minorem.’
2571 2573 2726 2622 Idem

1650 2650 1794 2700 Hist.
1816 2665 1855 2700 ι.
1878 2654 1957 2703 11.
1981 2658 1997 2680 ‘
2016 2650 2288 2716 Africa,ac
2308 2652 2541 2715 legiones
2563 2651 2618 2700 in
2644 2666 2726 2706 ea,

1649 2726 1933 2778 interfecto
1980 2729 2163 2779 Clodio
2200 2729 2402 2792 Macro,
2449 2734 2727 2778 contenta

1649 2804 1997 2869 qualicunque
2041 2806 2299 2868 principe,
2346 2813 2463 2867 post
2511 2807 2725 2868 experi-

1650 2882 1882 2930 men'tum
1904 2881 2101 2931 domini
2121 2880 2370 2931 minoris.’
2415 2880 2503 2930 cf.
2525 2882 2724 2932 Horat.

1650 2957 1762 3006 Sat.
1795 2971 1861 3007 ιι.
1884 2961 1933 3006 7.
1970 2961 2054 3007 75.
2090 2959 2269 3007 ‘Tune
2306 2957 2427 3005 milii
2461 2957 2727 3022 dominus,

1652 3047 1820 3082 rerum
1841 3034 2066 3097 imperiis
2089 3034 2455 3097 hominumque
2473 3033 2580 3083 Tot
2605 3039 2723 3082 tan·

1649 3110 1815 3173 tisque
1838 3108 2003 3158 minor
2022 3107 2059 3157 ?’
2096 3100 2366 3166 Ceterum,
2394 3110 2445 3157 in
2464 3109 2720 3171 proximis

1651 3184 1842 3250 verbis,
1881 3186 1967 3236 hoc
2011 3185 2261 3252 efficiebat,
2303 3185 2723 3249 salisburgensis

1649 3263 1817 3312 codex
1865 3271 1920 3313 et
1954 3279 2118 3328 meus,
2154 3278 2249 3327 pro
2277 3263 2384 3325 hoc,
2415 3262 2614 3313 habeut
2649 3265 2720 3314 id.

1647 3341 1912 3392 Schwarz.

1717 3417 1828 3466 Tibi
1848 3416 1996 3480 uxor]
2021 3416 2306 3480 Imperitus
2329 3416 2588 3482 librarius,
2627 3424 2722 3466 aut

1648 3495 1893 3558 antiquus
1934 3494 2142 3559 quidam
2167 3508 2457 3559 possessor,
2492 3492 2721 3557 margini

1647 3571 1844 3620 codicis
1887 3571 2130 3621 Patavini
2167 3571 2537 3634 adscripserat,
2584 3569 2602 3597 ‘
2632 3571 2720 3620 De

1646 3647 1853 3698 nomine
1890 3647 2038 3697 istius
2080 3647 2312 3696 mulieris
2350 3661 2603 3711 nusquam
2648 3646 2720 3695 le·

1645 3723 1780 3786 gisse
1819 3721 2100 3772 recordor!
2166 3723 2288 3772 Fuit
2335 3737 2454 3771 vero
2498 3722 2717 3785 Trajani

1646 3813 1776 3849 uxor
1799 3799 2030 3860 Plotina,
2052 3797 2249 3848 femina
2284 3798 2439 3848 laude
2474 3799 2715 3861 diguissi-

1646 3889 1748 3938 ma,
1785 3890 1902 3941 quas
1921 3874 2105 3925 Aurei.
2130 3875 2335 3925 Victori
2358 3875 2409 3924 in
2452 3875 2716 3937 Epitome,

1644 3966 1692 4002 c.
1718 3956 1799 4003 42.
1824 3958 2041 4001 vocatur
2062 3952 2312 4015 Pompeia
2337 3951 2566 4002 Plotina.
2600 3952 2683 4002 la.

1717 4027 1877 4091 Uxor]
1915 4028 2148 4091 Plotina,
2183 4028 2330 4093 cujus
2373 4026 2627 4077 memoria
2658 4027 2714 4078 in

1642 4106 1902 4169 lapidibus
1925 4114 1980 4155 et
2004 4106 2240 4155 nummis.
2306 4105 2407 4154 Vel
2442 4120 2548 4154 uno
2569 4103 2714 4156 facto

1646 4185 1919 4249 integritas
1943 4191 1998 4235 et
2029 4184 2283 4234 modestia
2321 4184 2708 4247 comprobetur.

1648 4263 1784 4314 Nam
1803 4262 1970 4327 primo
1981 4261 2243 4313 Palatium
2259 4264 2557 4327 ingressura
2563 4273 2710 4325 ,con-
