3017 4942
501 364 632 433 796

504 526 690 589 Virgil-
723 526 836 576 AEn.
858 540 940 576 lv·
967 529 1047 575 15.
1077 533 1093 558 ‘
1117 526 1168 577 Si
1194 528 1313 578 mihi
1336 542 1437 578 non
1459 529 1570 578 ani·

501 617 590 652 mo
653 603 810 652 fixum
883 604 1254 668 immotumque
1322 603 1570 655 sederet.’

505 679 665 729 Ovid.
703 681 868 744 Epist.
902 681 1120 731 Heroid.
1157 696 1222 733 ιι.
1258 688 1343 733 76.
1378 685 1395 714 ⁴
1419 682 1570 733 Sedit

506 756 559 804 in
599 757 805 820 ingenio
837 758 1026 808 Cressa
1048 761 1228 810 relicta
1255 760 1378 810 tu0.’
1413 762 1570 811 Cete-

507 848 640 895 rum,
678 835 729 882 in
765 836 1121 900 sequentibus,
1159 838 1483 889 Puteolanus
1515 844 1570 888 et

503 915 794 965 Beroaldus
829 930 926 979 pro
962 919 1284 981 cumulateque
1320 918 1567 970 mendose

505 991 778 1041 ediderant
804 996 1126 1056 oemnlmeque.
1195 996 1310 1045 Nec
1346 997 1565 1060 alicujus

503 1070 752 1119 momenti
778 1070 1004 1119 varietas
1031 1082 1132 1134 est,
1158 1087 1309 1134 qnam
1338 1074 1408 1124 Is.
1433 1075 1566 1124 Vos·-

499 1145 609 1194 sius
657 1146 944 1209 annotavit,
988 1161 1104 1196 cum
1142 1150 1266 1212 legit
1312 1150 1569 1201 lectissima

488 1222 671 1283 facies,
704 1222 794 1271 ubi
827 1229 1130 1274 constanter
1161 1228 1454 1289 evulgatum
1481 1236 1565 1277 est

502 1300 750 1349 laetissima
768 1300 946 1358 facies.
1012 1303 1155 1352 Bene
1194 1306 1440 1353 Arntzen.
1463 1305 1565 1355 linc

503 1379 683 1428 attulit
709 1375 834 1427 illud
856 1378 1060 1442 Virgilii
1085 1380 1203 1428 AEn.
1222 1394 1262 1429 1.
1278 1384 1391 1429 591.
1410 1382 1426 1411 ⁴
1449 1383 1567 1431 1,ae-

495 1461 581 1505 tos
604 1455 763 1505 ocuiis
787 1453 986 1505 afflarat
1003 1455 1258 1507 honores!
1322 1459 1418 1507 Est
1444 1473 1566 1508 vero

502 1537 524 1565 e
545 1532 669 1580 laeta
702 1530 900 1596 facies,’
931 1533 1101 1596 gratia
1131 1535 1300 1597 plena.
1334 1535 1473 1585 Vell.
1497 1549 1567 1587 11.

505 1613 621 1660 127.
663 1609 937 1673 descripsit
984 1611 1253 1675 Sejanum,
1304 1620 1565 1679 tamquam

506 1690 526 1716 θ
547 1688 708 1736 virum
732 1688 1026 1737 severitatis
1057 1691 1358 1754 laetis'simae,
1391 1690 1565 1740 hilari·

502 1764 630 1814 fatis
670 1765 872 1828 priscae,
898 1767 1043 1815 vultu
1076 1767 1284 1833 vitaque
1316 1769 1566 1833 tranquil-

502 1843 649 1893 lum?
682 1844 923 1894 Schwarz.
1059 1842 1068 1847 ’

572 1920 706 1971 cst.
738 1928 848 1971 Lvt.
900 1921 1170 1975 Annotasse
1204 1923 1312 1987 vos]
1348 1925 1413 1974 In
1455 1926 1567 1974 solo

498 1997 689 2047 codice
720 1998 1099 2064 Salisburgensi
1127 2003 1375 2066 scriptum
1401 2011 1479 2052 est
1506 2003 1569 2052 Id

496 2080 691 2125 notasse
711 2091 808 2127 vos.
837 2074 858 2104 ‘
873 2075 1144 2128 Annotare
1164 2078 1179 2102 ’
1213 2081 1339 2129 alias
1376 2080 1569 2131 dicitnr

492 2144 685 2214 judex,
728 2165 842 2200 cum
886 2153 1081 2218 aliquid
1130 2155 1382 2216 decernit,
1426 2156 1564 2219 qnod

506 2228 660 2277 scribi
687 2237 742 2279 et
769 2230 822 2279 in
844 2238 957 2280 acta
989 2231 1174 2282 referri
1196 2234 1386 2296 jubetg
1420 2236 1567 2298 item,

499 2306 640 2368 quod
698 2307 1060 2371 exequendum
1106 2309 1271 2361 ducit.
1359 2313 1565 2362 Plinius

502 2384 675 2446 Epist.
701 2376 758 2433 it.
784 2389 866 2435 97.
900 2385 1081 2450 ‘quos,
1114 2389 1235 2452 quia
1272 2389 1413 2438 cives
1453 2389 1565 2438 Ro·

499 2462 636 2509 mani
662 2469 829 2517 erant,
853 2464 1096 2512 annotavi
1115 2465 1166 2513 in
1186 2464 1365 2513 urbem
1390 2466 1565 2515 remit·

502 2537 728 2588 tendos.‘
773 2540 987 2590 Sueton.
1011 2541 1174 2605 Calig.
1199 2557 1316 2603 cap.
1339 2547 1421 2593 27.
1457 2544 1564 2591 ‘Ex

500 2615 668 2664 noxiis
689 2616 962 2665 laniandos
977 2616 1281 2666 :intimavit-³
1348 2619 1466 2670 Quo
1489 2617 1564 2667 fe·

493 2702 560 2740 *re
583 2707 735 2740 sensu
762 2693 965 2743 Plinius
989 2708 1165 2759 snpra,
1189 2709 1344 2743 xux.
1369 2699 1419 2743 6.
1451 2695 1564 2743 dix-

497 2769 561 2823 it,
600 2772 616 2797 ‘
635 2769 756 2818 Non
798 2770 934 2818 enirn
957 2804 970 2819 .
989 2806 1001 2820 .
1018 2804 1031 2819 .
1051 2779 1323 2833 spectator
1348 2779 1564 2819 annota-

495 2850 686 2907 ‘torque
726 2846 954 2894 convivis
985 2847 1085 2892 tuis
1125 2845 1390 2894 immines.’
1455 2844 1561 2896 Sed

498 2917 595 2967 hoc
634 2921 747 2970 loco
780 2929 793 2949 ⁶
813 2929 1064 2969 annotare
1084 2920 1102 2943 ²
1131 2920 1420 2984 generatim
1457 2922 1563 2971 dici

497 2995 713 3045 videtur
759 3013 854 3060 pro
906 2998 923 3025 ‘
952 2998 1397 3048 animadvertere.’

501 3071 638 3120 idem
667 3073 803 3123 Plin.
830 3075 1000 3136 Epist.
1024 3089 1111 3123 ut.
1136 3079 1215 3124 16.
1252 3083 1561 3126 ‘annotasse

501 3148 704 3204 videor,
725 3149 865 3199 facta
889 3151 1133 3214 dictaque
1154 3153 1380 3201 virorum
1412 3152 1561 3202 femi·

500 3236 787 3287 uarumque
813 3225 1102 3282 illustrium,
1117 3228 1216 3277 alia
1240 3228 1459 3278 clariora
1482 3244 1565 3281 es-

503 3312 577 3361 se,
599 3300 695 3348 alia
720 3299 952 3362 majora)
989 3302 1137 3351 Idem.
1205 3318 1214 3327 ·

570 3375 684 3424 Non
706 3375 904 3439 eligere]
941 3378 1067 3426 Cum
1096 3379 1268 3430 omnia
1303 3381 1571 3433 laudanda·

490 3453 604 3504 *sint
630 3453 680 3501 in
704 3460 900 3502 nostro.
936 3452 1069 3515 Lips-

565 3530 715 3586 Mihi.
736 3529 993 3592 principem
1014 3530 1231 3593 laudare]
1265 3533 1569 3583 pronomen·

494 3607 635 3663 mihi,
659 3607 789 3655 male
808 3606 1045 3655 omissum
1071 3607 1123 3654 in
1147 3608 1337 3657 codice
1351 3610 1563 3659 Vatica-

494 3696 576 3733 vsto
593 3687 739 3733 3461.
765 3682 913 3745 pejus
938 3696 966 3730 a
987 3682 1230 3732 Beroald.
1248 3683 1298 3731 in
1318 3684 1443 3733 nihil
1456 3701 1561 3734 rnn-

495 3767 668 3808 ¹tatum
694 3766 789 3807 est.
828 3759 1047 3808 Laudare
1061 3759 1335 3821 principem,
1355 3768 1435 3808 est
1454 3761 1560 3809 lau-

499 3835 625 3884 dare
641 3850 743 3884 non
765 3836 922 3912 solum
947 3833 1088 3884 facta
1106 3837 1363 3899 qnamdam,
1377 3838 1465 3885 sed
1484 3838 1563 3901 ip·

406 3906 417 3915 ’
499 3926 607 3960 sam
628 3926 897 3973 personam
915 3911 1186 3975 principis,
1209 3914 1560 3976 qui,“qnantus

497 3995 727 4053 quantus
751 3993 848 4043 est,
873 3985 1142 4035 laudabilis
1168 3994 1263 4036 est.
1332 3988 1435 4038 Alii
1468 3991 1560 4040 ali-

504 4062 711 4125 qnando
726 4062 1077 4112 tantummodo
1090 4065 1333 4127 quasdam
1350 4080 1429 4113 res
1445 4081 1565 4128 ges-

501 4144 583 4187 tas
608 4138 851 4200 principis
880 4140 945 4186 ad
974 4140 1281 4188 laudandum
1302 4142 1562 4204 seligunt3

492 4212 603 4282 jam
622 4217 792 4259 autem
814 4213 909 4261 hoc
932 4215 1084 4262 etiam
1101 4216 1150 4263 in
1172 4217 1306 4265 malo
1321 4219 1569 4280 principe·

501 4285 614 4342 fleri
637 4293 833 4352 polest,-
857 4302 973 4337 cum
998 4302 1146 4340 nemo
1170 4292 1240 4341 sit
1261 4299 1362 4342 tam
1381 4292 1560 4357 malus,

1473 2999 1571 3049 Sic²

1194 383 1414 436 NOTAE
1471 391 1810 440 vAmoRU
1827 391 1874 437 M
1936 387 2013 438 ΙΝ

1646 531 1733 595 qui
1765 545 1864 582 non
1899 533 2160 582 interdum
2198 532 2390 598 aliquid
2413 533 2574 584 lande
2600 532 2719 596 diga

1646 618 1765 659 num
1805 609 1980 660 facere
2015 611 2273 661 videatur.
2303 610 2597 673 ‘Eligunt,’
2636 614 2712 659 in·

1643 688 1755 751 quit
1782 688 2040 751 interpres
2071 689 2232 751 Ceva,
2267 690 2352 752 qui
2388 689 2566 752 aliqua
2606 689 2713 735 luu-

1644 765 1790 821 dant,
1814 773 1994 815 cetera
2018 773 2214 816 tacent.
2267 766 2380 827 Ego
2402 767 2717 830 principem,

1643 850 1799 906 atque
1822 843 1951 893 adeo
1974 846 2165 907 omnia,
2190 843 2363 893 lando.
2396 840 2645 892 &bivar-z.

1710 919 2010 984 Principem]
2048 919 2225 981 Ipsum
2267 919 2525 969 hominem
2563 917 2719 967 nudi·

1641 1009 1744 1059 que
1769 997 1974 1045 bonum.
2010 998 2144 1061 Lips.

1708 1071 1858 1135 Mati]
1894 1073 2123 1136 Ecquem
2160 1073 2272 1120 sine
2315 1071 2492 1135 aliquo
2529 1069 2714 1120 landa·

1641 1147 1737 1196 bili
1778 1145 1923 1197 facto
1971 1150 2228 1212 preteriit
2276 1147 2614 1211 Tranquillus
2660 1147 2717 1197 iu

1642 1226 1776 1275 Vitis
1797 1227 2096 1276 caesarum?
2132 1227 2291 1275 Rern.

1711 1303 1957 1366 Optimus]
2013 1302 2258 1367 Adspicit
2301 1299 2369 1361 ad
2419 1313 2720 1363 cognomen·

1640 1382 1874 1444 Trajani.
1917 1382 2058 1444 Lips.

1710 1460 1856 1509 Nihil
1890 1460 2137 1509 velandum
2177 1459 2280 1523 est]
2320 1458 2370 1508 Ι.
2414 1473 2467 1509 e.
2511 1457 2712 1507 nullutn

1643 1544 1788 1587 tuum
1828 1535 2049 1600 factum,
2088 1536 2283 1585 nullum
2320 1537 2521 1591 vitium,
2561 1534 2715 1583 dissi-

1643 1612 1961 1674 mulandum,
1995 1622 2084 1663 aut
2122 1613 2247 1663 fuco
2287 1614 2512 1678 quodam
2561 1611 2711 1660 indn-

1644 1689 1867 1738 cendum
1904 1695 1958 1739 et
1994 1690 2272 1751 tegendum
2310 1697 2410 1740 est.
2445 1691 2461 1717 ‘
2484 1686 2715 1747 Velare,’

1644 1765 1889 1816 Germani
1928 1765 2187 1823 dicerent,
2230 1767 2526 1816 hemoenteln.
2598 1764 2713 1813 Cic.
2809 1780 2817 1788 ·

1643 1842 1695 1890 in
1721 1843 1901 1893 Pison.
1924 1857 2043 1906 cap.
2065 1848 2147 1895 24.
2183 1853 2196 1873 ‘
2214 1842 2483 1906 Triumphi
2503 1841 2713 1891 nomine

1644 1927 1820 1982 tegere
1857 1926 2013 1984 atque
2040 1921 2210 1971 velare
2243 1921 2587 1985 cupiditatem
2629 1933 2713 1968 su-

1644 1997 1763 2048 am.¹
1811 1999 2029 2048 Sueten.
2050 1998 2168 2049 Tib.
2194 2012 2312 2060 cap.
2339 2001 2419 2046 12.
2452 2002 2467 2025 ⁴
2485 1996 2591 2044 Vix
2618 2008 2713 2058 per

1643 2083 1862 2126 matrem
1889 2083 2214 2132 consecutus,
2240 2083 2319 2136 ut,
2344 2074 2408 2124 ad
2435 2072 2713 2123 velandam

1643 2153 1993 2216 ignominiam,
2021 2152 2172 2217 qnasi
2195 2153 2399 2213 legatus
2421 2151 2488 2200 ab
2514 2148 2713 2215 Augus-

1642 2235 1698 2278 to
1736 2228 1985 2279 abesset!
2052 2229 2300 2280 Quinctil.
2331 2227 2577 2278 Declam.
2603 2239 2707 2276 ιιι.

1642 2310 1723 2355 11.
1756 2306 1771 2333 ‘
1793 2305 2068 2357 Infamatae
2113 2305 2316 2356 civitati
2357 2318 2542 2370 qnaero
2575 2304 2713 2351 vela·

1640 2394 1868 2433 mentum
1891 2384 1926 2430 :⁹
1946 2393 2002 2433 et
2025 2384 2149 2433 ibid.
2173 2386 2391 2446 cap-20.
2414 2389 2428 2412 ⁸
2448 2377 2711 2429 mendacii

1642 2459 1959 2508 velamenta'
1996 2458 2244 2508 nominat.
2313 2458 2447 2507 Post
2485 2457 2710 2504 omitten-

1637 2537 1766 2592 dum,
1791 2536 1842 2585 in
1863 2535 2043 2585 codice
2068 2536 2273 2585 Veneto
2302 2539 2346 2582 1.
2369 2542 2424 2582 et
2446 2532 2714 2582 salisbur-

1642 2613 1813 2675 gensi,
1847 2614 2090 2661 omissum
2122 2619 2202 2660 est
2229 2611 2444 2658 verbum
2469 2609 2717 2658 snbstan-

1644 2689 1805 2738 tivum
1841 2695 1931 2739 est.
2002 2690 2121 2739 Nec
2155 2688 2292 2738 male
2327 2686 2475 2742 illud,
2506 2687 2590 2734 vel
2616 2687 2713 2735 hoe

1640 2765 1776 2825 loco,
1803 2767 1886 2815 vel
1921 2773 2037 2829 post
2074 2766 2342 2821 velandum,
2362 2763 2534 2812 omitti
2563 2776 2713 2825 posse

1639 2841 1884 2901 videtur-3
1927 2856 2042 2891 cum
2090 2842 2230 2889 intra
2273 2839 2433 2889 breve
2483 2839 2713 2902 spatium

1639 2925 1723 2967 ter
1747 2925 2006 2969 occurrat.
2040 2917 2284 2967 Schwarz.

1707 2995 1846 3052 Quod
1867 2995 2165 3059 cujusquam]
2200 2993 2290 3044 Sic
2315 2993 2711 3043 rescribendum

1637 3080 1716 3121 est
1740 3085 1804 3120 ex
1839 3071 1942 3122 fide
1980 3071 2217 3121 codicum
2244 3071 2374 3120 Mss.
2412 3070 2715 3119 meliorum·

1638 3162 1741 3213 que
1757 3147 2133 3211 exemplarium
2153 3147 2295 3212 typis
2312 3161 2377 3195 ex
2386 3160 2716 3210 pressorum;

1638 3240 1756 3274 cum
1802 3227 1960 3288 vulgo
2006 3225 2058 3274 in
2112 3223 2425 3288 quibusdam
2484 3224 2713 3286 legatur,

1636 3302 1763 3364 quod
1801 3299 2042 3363 cuiusque.
2125 3299 2433 3349 [sectionem
2479 3306 2713 3347 nostram

1636 3378 1795 3426 etiam
1833 3377 2102 3426 Gesnerus
2136 3384 2193 3426 et
2227 3374 2554 3426 Arntzenius
2586 3376 2714 3425 reti·
2752 3433 2763 3440 .

1636 3465 1816 3505 nuere.
1853 3453 2007 3502 Idem.

1708 3529 2080 3587 Transilire‚vel
2096 3528 2407 3592 praeterveht']
2443 3529 2509 3579 In
2537 3528 2719 3579 Paulli

1636 3605 1889 3669 Stephani
1913 3605 2162 3674 editione,
2202 3620 2295 3669 pro
2326 3607 2598 3669 transilire,
2621 3621 2717 3657 exe·

1635 3696 1814 3732 cusum
1840 3690 1920 3742 est
1945 3682 2157 3731 transire
2169 3697 2190 3739 ,·
2226 3696 2345 3745 quae
2378 3683 2592 3746 quidem
2625 3698 2711 3732 va·

1636 3758 1796 3807 rietas
1820 3773 1918 3807 non
1947 3767 2028 3809 est
2059 3759 2442 3820 incongruens3
2479 3774 2602 3808 nam
2626 3775 2712 3809 ea·

1635 3835 1753 3885 de‘m
1780 3836 1832 3883 in
1869 3848 1924 3883 re
1949 3834 2162 3883 verbum
2202 3836 2462 3885 ‘transire
2484 3835 2500 3857 '
2540 3836 2713 3886 locum

1634 3911 1822 3973 habet3
1856 3920 1936 3960 est
1960 3920 2134 3961 tamen
2159 3924 2260 3959 non
2281 3911 2582 3962 necessaria
2603 3927 2712 3962 mu-

1636 3989 1786 4045 tatio,
1833 3989 1987 4036 immo
2028 3988 2201 4050 potius
2243 3988 2481 4037 omnibus
2518 3991 2711 4040 ceteris

1636 4062 1783 4114 libris
1820 4066 2057 4113 adversa.
2126 4062 2326 4112 Eodem
2360 4064 2520 4113 modo
2552 4066 2711 4116 verbo

1636 4141 1882 4189 transilire
1906 4142 2074 4189 utitur
2100 4141 2214 4190 Cic.
2246 4155 2292 4188 v.
2316 4157 2366 4205 g.
2392 4143 2445 4190 in
2473 4142 2711 4205 Philipp.

1634 4231 1700 4266 n.
1745 4221 1826 4266 33.
1864 4220 1879 4245 ‘
1906 4218 1986 4267 Ne
2032 4214 2166 4265 forte
2213 4230 2277 4264 ex
2327 4217 2509 4266 multis
2555 4219 2704 4267 rebus

1639 4293 1798 4358 gestis
1822 4294 1904 4346 M.
1921 4293 2141 4345 Antonii
2158 4305 2273 4344 rem
2288 4308 2444 4346 unam
2467 4295 2706 4360 pulcher-
