<?xml version="1.0" encoding="UTF-8"?>
<!DOCTYPE html PUBLIC "-//W3C//DTD XHTML 1.0 Transitional//EN"
    "http://www.w3.org/TR/xhtml1/DTD/xhtml1-transitional.dtd">
<html xmlns="http://www.w3.org/1999/xhtml" xml:lang="en" lang="en">
 <head>
  <title>
</title>
<meta http-equiv="Content-Type" content="text/html;charset=utf-8" />
  <meta name='ocr-system' content='tesseract 3.04.00' />
  <meta name='ocr-capabilities' content='ocr_page ocr_carea ocr_par ocr_line ocrx_word'/>
</head>
<body>
  <div class='ocr_page' id='page_1' title='image "./panegyriciveter01unkngoog_0585.png"; bbox 0 0 3017 4942; ppageno 0'>
   <div class='ocr_carea' id='block_1_1' title="bbox 727 368 2069 434">
    <p class='ocr_par' dir='ltr' id='par_1_1' title="bbox 727 368 2069 434">
     <span class='ocr_line' id='line_1_1' title="bbox 727 368 2069 434; baseline 0.004 -8"><span class='ocrx_word' id='word_1_1' title='bbox 727 380 797 427; x_wconf 87' lang='lat' dir='ltr'>c.</span> <span class='ocrx_word' id='word_1_2' title='bbox 839 379 1081 430; x_wconf 73' lang='grc' dir='ltr'>ΡωΝιι</span> <span class='ocrx_word' id='word_1_3' title='bbox 1130 379 1467 431; x_wconf 67' lang='lat' dir='ltr'>seorsum</span> <span class='ocrx_word' id='word_1_4' title='bbox 1522 379 1801 431; x_wconf 63' lang='lat' dir='ltr'>Panno.</span> <span class='ocrx_word' id='word_1_5' title='bbox 1878 368 2069 434; x_wconf 88' lang='lat'><strong>1.·79.</strong></span> 
     </span>
    </p>
   </div>
   <div class='ocr_carea' id='block_1_2' title="bbox 281 518 1371 2185">
    <p class='ocr_par' dir='ltr' id='par_1_2' title="bbox 281 518 1368 1805">
     <span class='ocr_line' id='line_1_2' title="bbox 296 518 1361 587; baseline 0.004 -17"><span class='ocrx_word' id='word_1_6' title='bbox 296 518 594 571; x_wconf 83' lang='lat' dir='ltr'>detestabili</span> <span class='ocrx_word' id='word_1_7' title='bbox 618 521 704 572; x_wconf 80' lang='lat' dir='ltr'>via</span> <span class='ocrx_word' id='word_1_8' title='bbox 727 523 947 584; x_wconf 83' lang='lat' dir='ltr'>ducunt,</span> <span class='ocrx_word' id='word_1_9' title='bbox 970 525 1058 587; x_wconf 81' lang='lat' dir='ltr'>qui</span> <span class='ocrx_word' id='word_1_10' title='bbox 1080 526 1220 574; x_wconf 85' lang='lat' dir='ltr'>De&#39;os</span> <span class='ocrx_word' id='word_1_11' title='bbox 1242 538 1361 574; x_wconf 83' lang='lat' dir='ltr'>con·</span> 
     </span>
     <span class='ocr_line' id='line_1_3' title="bbox 281 597 1365 661; baseline 0.003 -15"><span class='ocrx_word' id='word_1_12' title='bbox 281 602 379 659; x_wconf 63' lang='lat' dir='ltr'>‚tre</span> <span class='ocrx_word' id='word_1_13' title='bbox 402 612 520 647; x_wconf 88' lang='lat' dir='ltr'>eum</span> <span class='ocrx_word' id='word_1_14' title='bbox 542 597 819 661; x_wconf 81' lang='lat' dir='ltr'>advocant,</span> <span class='ocrx_word' id='word_1_15' title='bbox 854 602 938 649; x_wconf 90' lang='lat' dir='ltr'>cul</span> <span class='ocrx_word' id='word_1_16' title='bbox 975 598 1189 651; x_wconf 83' lang='lat' dir='ltr'>affuturi</span> <span class='ocrx_word' id='word_1_17' title='bbox 1208 600 1365 650; x_wconf 73' lang='lat' dir='ltr'>sunt-⁹</span> 
     </span>
     <span class='ocr_line' id='line_1_4' title="bbox 294 673 1361 738; baseline 0.003 -16"><span class='ocrx_word' id='word_1_18' title='bbox 294 673 369 722; x_wconf 86' lang='lat' dir='ltr'>Et</span> <span class='ocrx_word' id='word_1_19' title='bbox 389 675 515 724; x_wconf 70' lang='lat' dir='ltr'>olibi</span> <span class='ocrx_word' id='word_1_20' title='bbox 546 675 750 738; x_wconf 75' lang='lat' dir='ltr'>passim.</span> <span class='ocrx_word' id='word_1_21' title='bbox 817 676 920 725; x_wconf 86' lang='lat' dir='ltr'>Sed</span> <span class='ocrx_word' id='word_1_22' title='bbox 962 677 1104 726; x_wconf 78' lang='lat' dir='ltr'>venit</span> <span class='ocrx_word' id='word_1_23' title='bbox 1141 678 1193 726; x_wconf 88' lang='lat' dir='ltr'>in</span> <span class='ocrx_word' id='word_1_24' title='bbox 1219 691 1361 725; x_wconf 88' lang='lat' dir='ltr'>men·</span> 
     </span>
     <span class='ocr_line' id='line_1_5' title="bbox 297 750 1364 817; baseline 0.006 -21"><span class='ocrx_word' id='word_1_25' title='bbox 297 754 424 810; x_wconf 83' lang='lat' dir='ltr'>tem,</span> <span class='ocrx_word' id='word_1_26' title='bbox 449 750 655 812; x_wconf 72' lang='lat' dir='ltr'>placere</span> <span class='ocrx_word' id='word_1_27' title='bbox 679 766 831 813; x_wconf 88' lang='lat' dir='ltr'>posse</span> <span class='ocrx_word' id='word_1_28' title='bbox 871 758 927 801; x_wconf 87' lang='lat' dir='ltr'>et</span> <span class='ocrx_word' id='word_1_29' title='bbox 969 767 1227 815; x_wconf 76' lang='lat' dir='ltr'>superesse,</span> <span class='ocrx_word' id='word_1_30' title='bbox 1262 767 1364 817; x_wconf 88' lang='lat' dir='ltr'>qno</span> 
     </span>
     <span class='ocr_line' id='line_1_6' title="bbox 295 825 1364 893; baseline 0.002 -19"><span class='ocrx_word' id='word_1_31' title='bbox 295 825 578 875; x_wconf 70' lang='lat' dir='ltr'><strong>Suetonius</strong></span> <span class='ocrx_word' id='word_1_32' title='bbox 602 841 722 875; x_wconf 87' lang='lat' dir='ltr'>usus</span> <span class='ocrx_word' id='word_1_33' title='bbox 746 827 885 891; x_wconf 78' lang='lat' dir='ltr'>Aug.</span> <span class='ocrx_word' id='word_1_34' title='bbox 910 843 958 877; x_wconf 83' lang='lat' dir='ltr'>c.</span> <span class='ocrx_word' id='word_1_35' title='bbox 978 833 1060 878; x_wconf 78' lang='lat'>56.</span> <span class='ocrx_word' id='word_1_36' title='bbox 1093 829 1364 893; x_wconf 81' lang='lat' dir='ltr'>‘cunctari</span> 
     </span>
     <span class='ocr_line' id='line_1_7' title="bbox 296 900 1366 968; baseline 0.005 -19"><span class='ocrx_word' id='word_1_37' title='bbox 296 900 434 949; x_wconf 89' lang='lat' dir='ltr'>enim</span> <span class='ocrx_word' id='word_1_38' title='bbox 458 915 536 964; x_wconf 90' lang='lat' dir='ltr'>se,</span> <span class='ocrx_word' id='word_1_39' title='bbox 571 915 658 963; x_wconf 90' lang='lat' dir='ltr'>ne,</span> <span class='ocrx_word' id='word_1_40' title='bbox 695 903 736 951; x_wconf 87' lang='lat' dir='ltr'>si</span> <span class='ocrx_word' id='word_1_41' title='bbox 775 912 1092 968; x_wconf 84' lang='lat' dir='ltr'>superesset,</span> <span class='ocrx_word' id='word_1_42' title='bbox 1133 906 1366 968; x_wconf 84' lang='lat' dir='ltr'>eriperet</span> 
     </span>
     <span class='ocr_line' id='line_1_8' title="bbox 298 975 1364 1041; baseline 0.006 -15"><span class='ocrx_word' id='word_1_43' title='bbox 298 975 501 1041; x_wconf 66' lang='lat' dir='ltr'>legibus</span> <span class='ocrx_word' id='word_1_44' title='bbox 541 977 695 1035; x_wconf 60' lang='lat' dir='ltr'>euml</span> <span class='ocrx_word' id='word_1_45' title='bbox 718 982 817 1030; x_wconf 70' lang='grc' dir='ltr'>διο.</span> <span class='ocrx_word' id='word_1_46' title='bbox 851 988 907 1030; x_wconf 85' lang='lat' dir='ltr'>et</span> <span class='ocrx_word' id='word_1_47' title='bbox 939 980 1207 1031; x_wconf 85' lang='lat' dir='ltr'>Arnobius</span> <span class='ocrx_word' id='word_1_48' title='bbox 1252 996 1364 1032; x_wconf 83' lang='lat' dir='ltr'>cre·</span> 
     </span>
     <span class='ocr_line' id='line_1_9' title="bbox 294 1052 1362 1111; baseline 0.006 -10"><span class='ocrx_word' id='word_1_49' title='bbox 294 1053 412 1111; x_wconf 77' lang='lat' dir='ltr'>bro.</span> <span class='ocrx_word' id='word_1_50' title='bbox 479 1052 742 1105; x_wconf 82' lang='lat' dir='ltr'>Adversus</span> <span class='ocrx_word' id='word_1_51' title='bbox 778 1057 980 1107; x_wconf 84' lang='lat' dir='ltr'>Gentes</span> <span class='ocrx_word' id='word_1_52' title='bbox 1004 1071 1090 1108; x_wconf 79' lang='lat'>111.</span> <span class='ocrx_word' id='word_1_53' title='bbox 1125 1058 1362 1108; x_wconf 85' lang='lat' dir='ltr'>‘Luden-</span> 
     </span>
     <span class='ocr_line' id='line_1_10' title="bbox 302 1128 1366 1196; baseline 0.006 -19"><span class='ocrx_word' id='word_1_54' title='bbox 302 1128 370 1178; x_wconf 86' lang='lat' dir='ltr'>tis</span> <span class='ocrx_word' id='word_1_55' title='bbox 407 1136 489 1179; x_wconf 83' lang='lat' dir='ltr'>est</span> <span class='ocrx_word' id='word_1_56' title='bbox 519 1129 719 1189; x_wconf 79' lang='lat' dir='ltr'><strong>dicere,</strong></span> <span class='ocrx_word' id='word_1_57' title='bbox 750 1132 893 1181; x_wconf 86' lang='lat' dir='ltr'>Deos</span> <span class='ocrx_word' id='word_1_58' title='bbox 918 1133 1065 1182; x_wconf 84' lang='lat' dir='ltr'>nobis</span> <span class='ocrx_word' id='word_1_59' title='bbox 1089 1146 1366 1196; x_wconf 74' lang='lat' dir='ltr'>superesse</span> 
     </span>
     <span class='ocr_line' id='line_1_11' title="bbox 297 1205 1364 1272; baseline 0.005 -18"><span class='ocrx_word' id='word_1_60' title='bbox 297 1205 566 1263; x_wconf 77' lang='lat' dir='ltr'><strong>custodes,</strong></span> <span class='ocrx_word' id='word_1_61' title='bbox 588 1222 717 1271; x_wconf 88' lang='lat' dir='ltr'>qnos</span> <span class='ocrx_word' id='word_1_62' title='bbox 740 1208 971 1272; x_wconf 85' lang='lat' dir='ltr'>suspicio</span> <span class='ocrx_word' id='word_1_63' title='bbox 995 1209 1145 1259; x_wconf 74' lang='lat' dir='ltr'>finxit</span> <span class='ocrx_word' id='word_1_64' title='bbox 1165 1217 1364 1270; x_wconf 84' lang='lat' dir='ltr'>nostra,</span> 
     </span>
     <span class='ocr_line' id='line_1_12' title="bbox 298 1284 1368 1348; baseline 0.005 -19"><span class='ocrx_word' id='word_1_65' title='bbox 298 1295 405 1330; x_wconf 88' lang='lat' dir='ltr'>non</span> <span class='ocrx_word' id='word_1_66' title='bbox 431 1284 702 1345; x_wconf 82' lang='lat' dir='ltr'>explorata</span> <span class='ocrx_word' id='word_1_67' title='bbox 726 1285 913 1333; x_wconf 82' lang='lat' dir='ltr'>veritas</span> <span class='ocrx_word' id='word_1_68' title='bbox 938 1284 1368 1348; x_wconf 56' lang='lat' dir='ltr'>comprehendit?</span> 
     </span>
     <span class='ocr_line' id='line_1_13' title="bbox 299 1355 1367 1426; baseline 0.006 -21"><span class='ocrx_word' id='word_1_69' title='bbox 299 1355 524 1417; x_wconf 84' lang='lat' dir='ltr'>Iterum,</span> <span class='ocrx_word' id='word_1_70' title='bbox 543 1364 558 1386; x_wconf 76' lang='lat'>⁸</span> <span class='ocrx_word' id='word_1_71' title='bbox 579 1358 924 1409; x_wconf 87' lang='lat' dir='ltr'>Unctionibus</span> <span class='ocrx_word' id='word_1_72' title='bbox 946 1360 1367 1426; x_wconf 84' lang='lat' dir='ltr'>(inquit)supe1··</span> 
     </span>
     <span class='ocr_line' id='line_1_14' title="bbox 298 1433 1367 1500; baseline 0.007 -21"><span class='ocrx_word' id='word_1_73' title='bbox 298 1440 383 1481; x_wconf 87' lang='lat' dir='ltr'>est</span> <span class='ocrx_word' id='word_1_74' title='bbox 404 1433 615 1482; x_wconf 83' lang='lat' dir='ltr'>Unxia.&#39;</span> <span class='ocrx_word' id='word_1_75' title='bbox 680 1435 927 1499; x_wconf 85' lang='lat' dir='ltr'>Ejusdem</span> <span class='ocrx_word' id='word_1_76' title='bbox 961 1438 1135 1500; x_wconf 88' lang='lat' dir='ltr'>operis</span> <span class='ocrx_word' id='word_1_77' title='bbox 1167 1438 1256 1489; x_wconf 90' lang='lat' dir='ltr'>lib.</span> <span class='ocrx_word' id='word_1_78' title='bbox 1284 1452 1367 1488; x_wconf 75' lang='lat' dir='ltr'>tv.</span> 
     </span>
     <span class='ocr_line' id='line_1_15' title="bbox 298 1508 1368 1577; baseline 0.007 -21"><span class='ocrx_word' id='word_1_79' title='bbox 298 1511 314 1533; x_wconf 93' lang='lat'>‘</span> <span class='ocrx_word' id='word_1_80' title='bbox 331 1508 464 1560; x_wconf 83' lang='lat' dir='ltr'>Quis</span> <span class='ocrx_word' id='word_1_81' title='bbox 505 1508 859 1574; x_wconf 85' lang='lat' dir='ltr'>Libentiuum,</span> <span class='ocrx_word' id='word_1_82' title='bbox 901 1513 1017 1577; x_wconf 89' lang='lat' dir='ltr'>quis</span> <span class='ocrx_word' id='word_1_83' title='bbox 1059 1514 1368 1570; x_wconf 77' lang='lat' dir='ltr'>Libui-num,</span> 
     </span>
     <span class='ocr_line' id='line_1_16' title="bbox 290 1585 1366 1657; baseline 0.004 -21"><span class='ocrx_word' id='word_1_84' title='bbox 290 1585 484 1636; x_wconf 73' lang='lat' dir='ltr'>credat</span> <span class='ocrx_word' id='word_1_85' title='bbox 515 1586 783 1636; x_wconf 82' lang='lat' dir='ltr'>libidinum</span> <span class='ocrx_word' id='word_1_86' title='bbox 827 1603 1099 1651; x_wconf 84' lang='lat' dir='ltr'>superesse</span> <span class='ocrx_word' id='word_1_87' title='bbox 1138 1591 1316 1657; x_wconf 81' lang='lat' dir='ltr'>tutelis</span> <span class='ocrx_word' id='word_1_88' title='bbox 1328 1591 1366 1640; x_wconf 69' lang='lat'>2⁹</span> 
     </span>
     <span class='ocr_line' id='line_1_17' title="bbox 299 1661 1367 1729; baseline 0.008 -22"><span class='ocrx_word' id='word_1_89' title='bbox 299 1661 614 1726; x_wconf 82' lang='lat' dir='ltr'>Frustraque</span> <span class='ocrx_word' id='word_1_90' title='bbox 655 1671 734 1712; x_wconf 90' lang='lat' dir='ltr'>est</span> <span class='ocrx_word' id='word_1_91' title='bbox 773 1662 1027 1727; x_wconf 63' lang='lat' dir='ltr'>Agnitus,</span> <span class='ocrx_word' id='word_1_92' title='bbox 1056 1665 1156 1729; x_wconf 85' lang='lat' dir='ltr'>¹qui</span> <span class='ocrx_word' id='word_1_93' title='bbox 1200 1680 1237 1715; x_wconf 87' lang='lat'>1.</span> <span class='ocrx_word' id='word_1_94' title='bbox 1282 1671 1367 1716; x_wconf 73' lang='lat'>22.</span> 
     </span>
     <span class='ocr_line' id='line_1_18' title="bbox 298 1735 1367 1805; baseline 0.007 -20"><span class='ocrx_word' id='word_1_95' title='bbox 298 1735 401 1786; x_wconf 84' lang='lat' dir='ltr'>hoc</span> <span class='ocrx_word' id='word_1_96' title='bbox 419 1738 715 1800; x_wconf 84' lang='lat' dir='ltr'>significatu</span> <span class='ocrx_word' id='word_1_97' title='bbox 738 1740 982 1790; x_wconf 87' lang='lat' dir='ltr'>Latinum</span> <span class='ocrx_word' id='word_1_98' title='bbox 1001 1750 1177 1805; x_wconf 82' lang='lat' dir='ltr'>negat.</span> <span class='ocrx_word' id='word_1_99' title='bbox 1200 1742 1367 1793; x_wconf 70' lang='lat' dir='ltr'>Licin.</span> 
     </span>
    </p>

    <p class='ocr_par' dir='ltr' id='par_1_3' title="bbox 300 1812 1371 2185">
     <span class='ocr_line' id='line_1_19' title="bbox 385 1812 1367 1880; baseline 0.006 -18"><span class='ocrx_word' id='word_1_100' title='bbox 385 1812 568 1863; x_wconf 79' lang='lat' dir='ltr'>Adesse</span> <span class='ocrx_word' id='word_1_101' title='bbox 613 1816 875 1880; x_wconf 77' lang='lat' dir='ltr'>consuesti]</span> <span class='ocrx_word' id='word_1_102' title='bbox 945 1818 1065 1867; x_wconf 84' lang='lat' dir='ltr'>Esse</span> <span class='ocrx_word' id='word_1_103' title='bbox 1115 1819 1367 1868; x_wconf 73' lang='lat' dir='ltr'>consuesti.</span> 
     </span>
     <span class='ocr_line' id='line_1_20' title="bbox 302 1889 1371 1958; baseline 0.007 -21"><span class='ocrx_word' id='word_1_104' title='bbox 302 1889 664 1952; x_wconf 73' lang='lat' dir='ltr'>corrigebam,</span> <span class='ocrx_word' id='word_1_105' title='bbox 685 1893 852 1951; x_wconf 65' lang='lat' dir='ltr'>edesse</span> <span class='ocrx_word' id='word_1_106' title='bbox 865 1893 1101 1942; x_wconf 75' lang='lat' dir='ltr'>consuesti</span> <span class='ocrx_word' id='word_1_107' title='bbox 1112 1909 1133 1952; x_wconf 75' lang='lat'><em>3</em></span> <span class='ocrx_word' id='word_1_108' title='bbox 1155 1896 1289 1958; x_wconf 88' lang='lat' dir='ltr'>qnod</span> <span class='ocrx_word' id='word_1_109' title='bbox 1314 1901 1371 1944; x_wconf 88' lang='lat' dir='ltr'>et</span> 
     </span>
     <span class='ocr_line' id='line_1_21' title="bbox 302 1965 1364 2029; baseline 0.007 -15"><span class='ocrx_word' id='word_1_110' title='bbox 302 1965 420 2014; x_wconf 79' lang='lat' dir='ltr'>aliis</span> <span class='ocrx_word' id='word_1_111' title='bbox 446 1966 660 2029; x_wconf 84' lang='lat' dir='ltr'><strong>placuit.</strong></span> <span class='ocrx_word' id='word_1_112' title='bbox 725 1969 1003 2018; x_wconf 77' lang='lat' dir='ltr'>Sententia</span> <span class='ocrx_word' id='word_1_113' title='bbox 1025 1978 1107 2017; x_wconf 86' lang='lat' dir='ltr'>est</span> <span class='ocrx_word' id='word_1_114' title='bbox 1126 1970 1237 2018; x_wconf 78' lang='lat' dir='ltr'>:Tu</span> <span class='ocrx_word' id='word_1_115' title='bbox 1256 1970 1364 2020; x_wconf 76' lang='lat' dir='ltr'>Cae·</span> 
     </span>
     <span class='ocr_line' id='line_1_22' title="bbox 300 2041 1365 2108; baseline 0.004 -17"><span class='ocrx_word' id='word_1_116' title='bbox 300 2055 406 2102; x_wconf 85' lang='lat' dir='ltr'>sar,</span> <span class='ocrx_word' id='word_1_117' title='bbox 429 2041 513 2104; x_wconf 84' lang='lat' dir='ltr'>qui</span> <span class='ocrx_word' id='word_1_118' title='bbox 539 2043 722 2092; x_wconf 87' lang='lat' dir='ltr'>adesse</span> <span class='ocrx_word' id='word_1_119' title='bbox 751 2044 898 2094; x_wconf 90' lang='lat' dir='ltr'>nobis</span> <span class='ocrx_word' id='word_1_120' title='bbox 923 2045 1061 2108; x_wconf 86' lang='lat' dir='ltr'>apud</span> <span class='ocrx_word' id='word_1_121' title='bbox 1086 2046 1228 2095; x_wconf 88' lang='lat' dir='ltr'>Deos</span> <span class='ocrx_word' id='word_1_122' title='bbox 1252 2060 1365 2108; x_wconf 88' lang='lat' dir='ltr'>pre-</span> 
     </span>
     <span class='ocr_line' id='line_1_23' title="bbox 301 2118 1370 2185; baseline 0.003 -18"><span class='ocrx_word' id='word_1_123' title='bbox 301 2118 542 2168; x_wconf 71' lang='lat' dir='ltr'>cantibus</span> <span class='ocrx_word' id='word_1_124' title='bbox 565 2120 720 2180; x_wconf 87' lang='lat' dir='ltr'>soles,</span> <span class='ocrx_word' id='word_1_125' title='bbox 743 2126 798 2170; x_wconf 91' lang='lat' dir='ltr'>et</span> <span class='ocrx_word' id='word_1_126' title='bbox 825 2129 945 2170; x_wconf 83' lang='lat' dir='ltr'>vota</span> <span class='ocrx_word' id='word_1_127' title='bbox 968 2128 1144 2171; x_wconf 85' lang='lat' dir='ltr'>nostra</span> <span class='ocrx_word' id='word_1_128' title='bbox 1165 2122 1266 2171; x_wconf 89' lang='lat' dir='ltr'>tuis</span> <span class='ocrx_word' id='word_1_129' title='bbox 1281 2124 1370 2185; x_wconf 87' lang='lat' dir='ltr'>ju·</span> 
     </span>
    </p>
   </div>
   <div class='ocr_carea' id='block_1_3' title="bbox 198 2196 1369 2262">
    <p class='ocr_par' dir='ltr' id='par_1_4' title="bbox 198 2196 1369 2262">
     <span class='ocr_line' id='line_1_24' title="bbox 198 2196 1369 2262; baseline 0.003 -19"><span class='ocrx_word' id='word_1_130' title='bbox 198 2224 205 2230; x_wconf 90' lang='lat'><strong>·</strong></span> <span class='ocrx_word' id='word_1_131' title='bbox 305 2209 462 2244; x_wconf 82' lang='lat' dir='ltr'>vare:</span> <span class='ocrx_word' id='word_1_132' title='bbox 499 2210 644 2259; x_wconf 87' lang='lat' dir='ltr'>ecce,</span> <span class='ocrx_word' id='word_1_133' title='bbox 687 2211 825 2245; x_wconf 89' lang='lat' dir='ltr'>nunc</span> <span class='ocrx_word' id='word_1_134' title='bbox 870 2196 1126 2258; x_wconf 82' lang='lat' dir='ltr'>concede,</span> <span class='ocrx_word' id='word_1_135' title='bbox 1168 2197 1305 2262; x_wconf 88' lang='lat' dir='ltr'>qnod</span> <span class='ocrx_word' id='word_1_136' title='bbox 1338 2212 1369 2248; x_wconf 82' lang='lat' dir='ltr'>a</span> 
     </span>
    </p>
   </div>
   <div class='ocr_carea' id='block_1_4' title="bbox 301 2272 1378 4323">
    <p class='ocr_par' dir='ltr' id='par_1_5' title="bbox 304 2272 1369 2411">
     <span class='ocr_line' id='line_1_25' title="bbox 304 2272 1369 2343; baseline 0.003 -22"><span class='ocrx_word' id='word_1_137' title='bbox 304 2278 381 2331; x_wconf 88' lang='lat' dir='ltr'>te,</span> <span class='ocrx_word' id='word_1_138' title='bbox 406 2285 507 2320; x_wconf 89' lang='lat' dir='ltr'>non</span> <span class='ocrx_word' id='word_1_139' title='bbox 533 2287 563 2320; x_wconf 97' lang='lat' dir='ltr'>a</span> <span class='ocrx_word' id='word_1_140' title='bbox 588 2272 723 2330; x_wconf 89' lang='lat' dir='ltr'>Diis,</span> <span class='ocrx_word' id='word_1_141' title='bbox 758 2273 1004 2337; x_wconf 87' lang='lat' dir='ltr'>petimus,</span> <span class='ocrx_word' id='word_1_142' title='bbox 1037 2279 1091 2323; x_wconf 88' lang='lat' dir='ltr'>et</span> <span class='ocrx_word' id='word_1_143' title='bbox 1113 2289 1144 2322; x_wconf 88' lang='lat' dir='ltr'>a</span> <span class='ocrx_word' id='word_1_144' title='bbox 1169 2281 1220 2323; x_wconf 88' lang='lat' dir='ltr'>te</span> <span class='ocrx_word' id='word_1_145' title='bbox 1243 2288 1369 2343; x_wconf 87' lang='lat' dir='ltr'>pen·</span> 
     </span>
     <span class='ocr_line' id='line_1_26' title="bbox 304 2347 583 2411; baseline 0 -15"><span class='ocrx_word' id='word_1_146' title='bbox 304 2347 414 2396; x_wconf 81' lang='lat' dir='ltr'>det.</span> <span class='ocrx_word' id='word_1_147' title='bbox 447 2347 583 2411; x_wconf 72' lang='lat' dir='ltr'>Lips-</span> 
     </span>
    </p>

    <p class='ocr_par' dir='ltr' id='par_1_6' title="bbox 304 2421 1372 2639">
     <span class='ocr_line' id='line_1_27' title="bbox 370 2421 1370 2486; baseline 0.002 -14"><span class='ocrx_word' id='word_1_148' title='bbox 370 2423 520 2472; x_wconf 81' lang='lat' dir='ltr'>Potes</span> <span class='ocrx_word' id='word_1_149' title='bbox 540 2421 664 2486; x_wconf 75' lang='lat' dir='ltr'>ipse]</span> <span class='ocrx_word' id='word_1_150' title='bbox 699 2424 882 2473; x_wconf 75' lang='lat' dir='ltr'>Potens</span> <span class='ocrx_word' id='word_1_151' title='bbox 901 2439 950 2473; x_wconf 89' lang='lat' dir='ltr'>es</span> <span class='ocrx_word' id='word_1_152' title='bbox 985 2424 1155 2474; x_wconf 81' lang='lat' dir='ltr'>Livio.</span> <span class='ocrx_word' id='word_1_153' title='bbox 1179 2423 1231 2474; x_wconf 87' lang='lat' dir='ltr'>in</span> <span class='ocrx_word' id='word_1_154' title='bbox 1257 2432 1370 2475; x_wconf 84' lang='lat' dir='ltr'>tex·</span> 
     </span>
     <span class='ocr_line' id='line_1_28' title="bbox 305 2498 1372 2566; baseline 0.003 -18"><span class='ocrx_word' id='word_1_155' title='bbox 305 2503 400 2561; x_wconf 87' lang='lat' dir='ltr'>tu;</span> <span class='ocrx_word' id='word_1_156' title='bbox 425 2498 517 2547; x_wconf 87' lang='lat' dir='ltr'>sed</span> <span class='ocrx_word' id='word_1_157' title='bbox 544 2498 595 2547; x_wconf 89' lang='lat' dir='ltr'>in</span> <span class='ocrx_word' id='word_1_158' title='bbox 621 2500 872 2563; x_wconf 75' lang='lat' dir='ltr'>margine,</span> <span class='ocrx_word' id='word_1_159' title='bbox 890 2506 1025 2563; x_wconf 75' lang='lat' dir='ltr'>potes</span> <span class='ocrx_word' id='word_1_160' title='bbox 1045 2501 1146 2566; x_wconf 80' lang='lat' dir='ltr'>ipse</span> <span class='ocrx_word' id='word_1_161' title='bbox 1169 2501 1372 2553; x_wconf 85' lang='lat' dir='ltr'><strong>V.c.R.</strong></span> 
     </span>
     <span class='ocr_line' id='line_1_29' title="bbox 304 2572 859 2639; baseline 0.004 -17"><span class='ocrx_word' id='word_1_162' title='bbox 304 2572 469 2639; x_wconf 82' lang='lat' dir='ltr'>forte,</span> <span class='ocrx_word' id='word_1_163' title='bbox 485 2579 650 2637; x_wconf 77' lang='lat' dir='ltr'>potens</span> <span class='ocrx_word' id='word_1_164' title='bbox 667 2590 718 2624; x_wconf 85' lang='lat' dir='ltr'>es</span> <span class='ocrx_word' id='word_1_165' title='bbox 737 2574 859 2638; x_wconf 76' lang='lat' dir='ltr'>ipse.</span> 
     </span>
    </p>

    <p class='ocr_par' dir='ltr' id='par_1_7' title="bbox 301 2651 1378 4323">
     <span class='ocr_line' id='line_1_30' title="bbox 375 2651 1372 2716; baseline 0.001 -16"><span class='ocrx_word' id='word_1_166' title='bbox 375 2651 590 2708; x_wconf 77' lang='lat' dir='ltr'>Quorum</span> <span class='ocrx_word' id='word_1_167' title='bbox 623 2656 758 2714; x_wconf 75' lang='lat' dir='ltr'>potes</span> <span class='ocrx_word' id='word_1_168' title='bbox 789 2652 913 2716; x_wconf 77' lang='lat' dir='ltr'>ipse]</span> <span class='ocrx_word' id='word_1_169' title='bbox 947 2651 1150 2703; x_wconf 84' lang='lat' dir='ltr'>Horum</span> <span class='ocrx_word' id='word_1_170' title='bbox 1189 2651 1372 2702; x_wconf 84' lang='lat' dir='ltr'>verbo·</span> 
     </span>
     <span class='ocr_line' id='line_1_31' title="bbox 305 2729 1371 2794; baseline 0 -15"><span class='ocrx_word' id='word_1_171' title='bbox 305 2743 421 2779; x_wconf 84' lang='lat' dir='ltr'>rum</span> <span class='ocrx_word' id='word_1_172' title='bbox 478 2731 703 2778; x_wconf 82' lang='lat' dir='ltr'>varietas</span> <span class='ocrx_word' id='word_1_173' title='bbox 746 2729 987 2794; x_wconf 76' lang='lat' dir='ltr'>quaedam</span> <span class='ocrx_word' id='word_1_174' title='bbox 1037 2732 1266 2780; x_wconf 85' lang='lat' dir='ltr'>occurrit</span> <span class='ocrx_word' id='word_1_175' title='bbox 1319 2730 1371 2779; x_wconf 90' lang='lat' dir='ltr'>in</span> 
     </span>
     <span class='ocr_line' id='line_1_32' title="bbox 305 2806 1372 2871; baseline 0.001 -16"><span class='ocrx_word' id='word_1_176' title='bbox 305 2806 521 2870; x_wconf 84' lang='lat' dir='ltr'>scriptis</span> <span class='ocrx_word' id='word_1_177' title='bbox 541 2806 909 2871; x_wconf 87' lang='lat' dir='ltr'>impressisque</span> <span class='ocrx_word' id='word_1_178' title='bbox 945 2807 1109 2856; x_wconf 84' lang='lat' dir='ltr'>libris.</span> <span class='ocrx_word' id='word_1_179' title='bbox 1178 2807 1242 2856; x_wconf 89' lang='lat' dir='ltr'>In</span> <span class='ocrx_word' id='word_1_180' title='bbox 1281 2807 1372 2856; x_wconf 84' lang='lat' dir='ltr'>Sa·</span> 
     </span>
     <span class='ocr_line' id='line_1_33' title="bbox 301 2881 1373 2947; baseline 0.002 -18"><span class='ocrx_word' id='word_1_181' title='bbox 301 2881 621 2945; x_wconf 73' lang='lat' dir='ltr'>lisbtirgensi</span> <span class='ocrx_word' id='word_1_182' title='bbox 659 2881 860 2944; x_wconf 87' lang='lat' dir='ltr'>codice,</span> <span class='ocrx_word' id='word_1_183' title='bbox 895 2890 949 2931; x_wconf 90' lang='lat' dir='ltr'>et</span> <span class='ocrx_word' id='word_1_184' title='bbox 984 2897 1120 2945; x_wconf 87' lang='lat' dir='ltr'>meo,</span> <span class='ocrx_word' id='word_1_185' title='bbox 1159 2884 1373 2947; x_wconf 82' lang='lat' dir='ltr'>legitur,</span> 
     </span>
     <span class='ocr_line' id='line_1_34' title="bbox 305 2963 1374 3025; baseline 0.002 -15"><span class='ocrx_word' id='word_1_186' title='bbox 305 2976 500 3024; x_wconf 74' lang='lat' dir='ltr'>quorum</span> <span class='ocrx_word' id='word_1_187' title='bbox 516 2967 653 3023; x_wconf 77' lang='lat' dir='ltr'>potes</span> <span class='ocrx_word' id='word_1_188' title='bbox 673 2963 881 3025; x_wconf 77' lang='lat' dir='ltr'>ipsoram</span> <span class='ocrx_word' id='word_1_189' title='bbox 896 2979 918 3021; x_wconf 80' lang='lat'>,-</span> <span class='ocrx_word' id='word_1_190' title='bbox 936 2963 987 3012; x_wconf 89' lang='lat' dir='ltr'>in</span> <span class='ocrx_word' id='word_1_191' title='bbox 1013 2963 1374 3025; x_wconf 77' lang='lat' dir='ltr'>salisburgen-</span> 
     </span>
     <span class='ocr_line' id='line_1_35' title="bbox 306 3038 1375 3102; baseline 0.002 -16"><span class='ocrx_word' id='word_1_192' title='bbox 306 3038 350 3086; x_wconf 90' lang='lat' dir='ltr'>si</span> <span class='ocrx_word' id='word_1_193' title='bbox 390 3045 564 3086; x_wconf 86' lang='lat' dir='ltr'>tamen</span> <span class='ocrx_word' id='word_1_194' title='bbox 598 3038 665 3086; x_wconf 89' lang='lat' dir='ltr'>ab</span> <span class='ocrx_word' id='word_1_195' title='bbox 700 3039 801 3088; x_wconf 85' lang='lat' dir='ltr'>alia</span> <span class='ocrx_word' id='word_1_196' title='bbox 841 3053 992 3088; x_wconf 86' lang='lat' dir='ltr'>manu</span> <span class='ocrx_word' id='word_1_197' title='bbox 1031 3053 1126 3102; x_wconf 85' lang='lat' dir='ltr'>pro</span> <span class='ocrx_word' id='word_1_198' title='bbox 1147 3038 1375 3102; x_wconf 78' lang='lat' dir='ltr'>ipsoram,</span> 
     </span>
     <span class='ocr_line' id='line_1_36' title="bbox 308 3114 1375 3178; baseline 0.003 -15"><span class='ocrx_word' id='word_1_199' title='bbox 308 3114 593 3178; x_wconf 81' lang='lat' dir='ltr'>repositum</span> <span class='ocrx_word' id='word_1_200' title='bbox 631 3122 709 3163; x_wconf 88' lang='lat' dir='ltr'>est</span> <span class='ocrx_word' id='word_1_201' title='bbox 750 3115 868 3178; x_wconf 76' lang='lat' dir='ltr'>ipse.</span> <span class='ocrx_word' id='word_1_202' title='bbox 934 3115 1114 3166; x_wconf 82' lang='lat' dir='ltr'>Codex</span> <span class='ocrx_word' id='word_1_203' title='bbox 1156 3116 1375 3167; x_wconf 82' lang='lat' dir='ltr'>Patavi·</span> 
     </span>
     <span class='ocr_line' id='line_1_37' title="bbox 306 3189 1373 3253; baseline 0.003 -15"><span class='ocrx_word' id='word_1_204' title='bbox 306 3204 422 3246; x_wconf 86' lang='lat' dir='ltr'>nus,</span> <span class='ocrx_word' id='word_1_205' title='bbox 447 3197 503 3240; x_wconf 89' lang='lat' dir='ltr'>et</span> <span class='ocrx_word' id='word_1_206' title='bbox 525 3189 658 3239; x_wconf 87' lang='lat' dir='ltr'>liber</span> <span class='ocrx_word' id='word_1_207' title='bbox 679 3190 977 3253; x_wconf 67' lang='lat' dir='ltr'>Vossianus,</span> <span class='ocrx_word' id='word_1_208' title='bbox 1012 3190 1256 3242; x_wconf 78' lang='lat' dir='ltr'>mendose</span> <span class='ocrx_word' id='word_1_209' title='bbox 1286 3193 1373 3241; x_wconf 82' lang='lat' dir='ltr'>ha·</span> 
     </span>
     <span class='ocr_line' id='line_1_38' title="bbox 309 3267 1376 3330; baseline 0.002 -14"><span class='ocrx_word' id='word_1_210' title='bbox 309 3267 437 3316; x_wconf 88' lang='lat' dir='ltr'>bent</span> <span class='ocrx_word' id='word_1_211' title='bbox 470 3282 663 3330; x_wconf 80' lang='lat' dir='ltr'>quorum</span> <span class='ocrx_word' id='word_1_212' title='bbox 691 3272 825 3329; x_wconf 78' lang='lat' dir='ltr'>potes</span> <span class='ocrx_word' id='word_1_213' title='bbox 857 3284 955 3318; x_wconf 84' lang='lat' dir='ltr'>esse</span> <span class='ocrx_word' id='word_1_214' title='bbox 984 3273 1216 3319; x_wconf 73' lang='lat' dir='ltr'>votorum.</span> <span class='ocrx_word' id='word_1_215' title='bbox 1283 3268 1376 3318; x_wconf 87' lang='lat' dir='ltr'>Al·</span> 
     </span>
     <span class='ocr_line' id='line_1_39' title="bbox 309 3343 1374 3403; baseline 0.004 -12"><span class='ocrx_word' id='word_1_216' title='bbox 309 3343 426 3403; x_wconf 89' lang='lat' dir='ltr'>dus,</span> <span class='ocrx_word' id='word_1_217' title='bbox 460 3343 756 3399; x_wconf 79' lang='lat' dir='ltr'>sichardus,</span> <span class='ocrx_word' id='word_1_218' title='bbox 779 3351 833 3393; x_wconf 91' lang='lat' dir='ltr'>et</span> <span class='ocrx_word' id='word_1_219' title='bbox 871 3344 1136 3395; x_wconf 81' lang='lat' dir='ltr'>Livineius</span> <span class='ocrx_word' id='word_1_220' title='bbox 1158 3344 1374 3395; x_wconf 79' lang='lat' dir='ltr'>edidere</span> 
     </span>
     <span class='ocr_line' id='line_1_40' title="bbox 307 3419 1374 3484; baseline 0 -16"><span class='ocrx_word' id='word_1_221' title='bbox 307 3433 506 3481; x_wconf 74' lang='lat' dir='ltr'>quoram</span> <span class='ocrx_word' id='word_1_222' title='bbox 525 3424 690 3481; x_wconf 79' lang='lat' dir='ltr'>potens</span> <span class='ocrx_word' id='word_1_223' title='bbox 725 3433 776 3468; x_wconf 85' lang='lat' dir='ltr'>es</span> <span class='ocrx_word' id='word_1_224' title='bbox 807 3426 1039 3470; x_wconf 79' lang='lat' dir='ltr'>votorum.</span> <span class='ocrx_word' id='word_1_225' title='bbox 1105 3419 1374 3484; x_wconf 75' lang='lat' dir='ltr'>Grypliius</span> 
     </span>
     <span class='ocr_line' id='line_1_41' title="bbox 309 3495 1375 3561; baseline 0.004 -19"><span class='ocrx_word' id='word_1_226' title='bbox 309 3508 393 3551; x_wconf 78' lang='lat' dir='ltr'>an.</span> <span class='ocrx_word' id='word_1_227' title='bbox 430 3497 577 3545; x_wconf 80' lang='lat'>1542.</span> <span class='ocrx_word' id='word_1_228' title='bbox 615 3496 679 3544; x_wconf 85' lang='lat' dir='ltr'>R.</span> <span class='ocrx_word' id='word_1_229' title='bbox 720 3501 775 3544; x_wconf 89' lang='lat' dir='ltr'>et</span> <span class='ocrx_word' id='word_1_230' title='bbox 814 3495 884 3545; x_wconf 89' lang='lat' dir='ltr'>H.</span> <span class='ocrx_word' id='word_1_231' title='bbox 927 3496 1199 3561; x_wconf 76' lang='lat' dir='ltr'>Stephani,</span> <span class='ocrx_word' id='word_1_232' title='bbox 1233 3498 1375 3546; x_wconf 86' lang='lat' dir='ltr'>Box-</span> 
     </span>
     <span class='ocr_line' id='line_1_42' title="bbox 309 3569 1377 3634; baseline 0.004 -16"><span class='ocrx_word' id='word_1_233' title='bbox 309 3569 539 3626; x_wconf 80' lang='lat' dir='ltr'>homins,</span> <span class='ocrx_word' id='word_1_234' title='bbox 559 3571 945 3632; x_wconf 84' lang='lat' dir='ltr'>Cellarius‚Tb.</span> <span class='ocrx_word' id='word_1_235' title='bbox 977 3572 1207 3634; x_wconf 83' lang='lat' dir='ltr'>Hearne,</span> <span class='ocrx_word' id='word_1_236' title='bbox 1240 3573 1377 3624; x_wconf 83' lang='lat' dir='ltr'>Ges·</span> 
     </span>
     <span class='ocr_line' id='line_1_43' title="bbox 307 3650 1377 3713; baseline 0.004 -19"><span class='ocrx_word' id='word_1_237' title='bbox 307 3660 484 3709; x_wconf 85' lang='lat' dir='ltr'>uerus,</span> <span class='ocrx_word' id='word_1_238' title='bbox 507 3661 702 3708; x_wconf 76' lang='lat' dir='ltr'>quorum</span> <span class='ocrx_word' id='word_1_239' title='bbox 734 3652 899 3710; x_wconf 77' lang='lat' dir='ltr'>potens</span> <span class='ocrx_word' id='word_1_240' title='bbox 926 3664 978 3699; x_wconf 84' lang='lat' dir='ltr'>es</span> <span class='ocrx_word' id='word_1_241' title='bbox 1011 3650 1110 3713; x_wconf 77' lang='lat' dir='ltr'>ipse</span> <span class='ocrx_word' id='word_1_242' title='bbox 1143 3654 1377 3698; x_wconf 79' lang='lat' dir='ltr'>votorum.</span> 
     </span>
     <span class='ocr_line' id='line_1_44' title="bbox 310 3721 1375 3786; baseline 0.002 -15"><span class='ocrx_word' id='word_1_243' title='bbox 310 3721 386 3771; x_wconf 85' lang='lat' dir='ltr'>At</span> <span class='ocrx_word' id='word_1_244' title='bbox 421 3722 607 3785; x_wconf 88' lang='lat' dir='ltr'>reliqui</span> <span class='ocrx_word' id='word_1_245' title='bbox 645 3725 853 3774; x_wconf 86' lang='lat' dir='ltr'>codices</span> <span class='ocrx_word' id='word_1_246' title='bbox 896 3725 1025 3773; x_wconf 86' lang='lat' dir='ltr'>Mss.</span> <span class='ocrx_word' id='word_1_247' title='bbox 1064 3724 1247 3786; x_wconf 87' lang='lat' dir='ltr'>utique</span> <span class='ocrx_word' id='word_1_248' title='bbox 1285 3724 1375 3773; x_wconf 79' lang='lat' dir='ltr'>lia·</span> 
     </span>
     <span class='ocr_line' id='line_1_45' title="bbox 310 3797 1377 3864; baseline 0 -16"><span class='ocrx_word' id='word_1_249' title='bbox 310 3797 439 3848; x_wconf 84' lang='lat' dir='ltr'>beut</span> <span class='ocrx_word' id='word_1_250' title='bbox 498 3798 715 3855; x_wconf 81' lang='lat' dir='ltr'>Quorum</span> <span class='ocrx_word' id='word_1_251' title='bbox 765 3806 903 3862; x_wconf 79' lang='lat' dir='ltr'>potes</span> <span class='ocrx_word' id='word_1_252' title='bbox 968 3802 1083 3864; x_wconf 69' lang='lat' dir='ltr'>ipse,</span> <span class='ocrx_word' id='word_1_253' title='bbox 1147 3806 1377 3849; x_wconf 80' lang='lat' dir='ltr'>votorum.</span> 
     </span>
     <span class='ocr_line' id='line_1_46' title="bbox 310 3875 1376 3941; baseline 0.002 -18"><span class='ocrx_word' id='word_1_254' title='bbox 310 3875 480 3933; x_wconf 79' lang='lat' dir='ltr'>Quam</span> <span class='ocrx_word' id='word_1_255' title='bbox 517 3875 791 3925; x_wconf 86' lang='lat' dir='ltr'>lectionem</span> <span class='ocrx_word' id='word_1_256' title='bbox 820 3876 930 3939; x_wconf 84' lang='lat' dir='ltr'>jam</span> <span class='ocrx_word' id='word_1_257' title='bbox 969 3889 1173 3941; x_wconf 84' lang='lat' dir='ltr'>quoque</span> <span class='ocrx_word' id='word_1_258' title='bbox 1207 3876 1376 3939; x_wconf 90' lang='lat' dir='ltr'>publi·</span> 
     </span>
     <span class='ocr_line' id='line_1_47' title="bbox 310 3951 1378 4014; baseline 0.001 -13"><span class='ocrx_word' id='word_1_259' title='bbox 310 3959 496 4001; x_wconf 78' lang='lat' dir='ltr'>cerunt</span> <span class='ocrx_word' id='word_1_260' title='bbox 534 3951 878 4014; x_wconf 73' lang='lat' dir='ltr'>Puteolanus,</span> <span class='ocrx_word' id='word_1_261' title='bbox 929 3952 1237 4012; x_wconf 77' lang='lat' dir='ltr'>Beroaldus,</span> <span class='ocrx_word' id='word_1_262' title='bbox 1278 3952 1378 4002; x_wconf 75' lang='lat' dir='ltr'>Ca-</span> 
     </span>
     <span class='ocr_line' id='line_1_48' title="bbox 312 4028 1377 4091; baseline -0.001 -13"><span class='ocrx_word' id='word_1_263' title='bbox 312 4035 529 4085; x_wconf 77' lang='lat' dir='ltr'>tsnaeus,</span> <span class='ocrx_word' id='word_1_264' title='bbox 603 4028 972 4091; x_wconf 78' lang='lat' dir='ltr'>Cuspiuiauus,</span> <span class='ocrx_word' id='word_1_265' title='bbox 1031 4030 1377 4086; x_wconf 82' lang='lat' dir='ltr'>Philomusus,</span> 
     </span>
     <span class='ocr_line' id='line_1_49' title="bbox 310 4104 1376 4168; baseline -0.001 -13"><span class='ocrx_word' id='word_1_266' title='bbox 310 4105 424 4168; x_wconf 86' lang='lat' dir='ltr'>alii,</span> <span class='ocrx_word' id='word_1_267' title='bbox 447 4111 503 4154; x_wconf 87' lang='lat' dir='ltr'>et</span> <span class='ocrx_word' id='word_1_268' title='bbox 527 4105 797 4154; x_wconf 78' lang='lat' dir='ltr'>novissime</span> <span class='ocrx_word' id='word_1_269' title='bbox 825 4104 1160 4155; x_wconf 80' lang='lat' dir='ltr'>Arntzenius.</span> <span class='ocrx_word' id='word_1_270' title='bbox 1190 4106 1376 4155; x_wconf 80' lang='lat' dir='ltr'>Totum</span> 
     </span>
     <span class='ocr_line' id='line_1_50' title="bbox 310 4180 1376 4245; baseline 0.001 -16"><span class='ocrx_word' id='word_1_271' title='bbox 310 4180 448 4229; x_wconf 80' lang='lat' dir='ltr'>bunc</span> <span class='ocrx_word' id='word_1_272' title='bbox 472 4180 641 4229; x_wconf 87' lang='lat' dir='ltr'>locum</span> <span class='ocrx_word' id='word_1_273' title='bbox 665 4181 741 4230; x_wconf 87' lang='lat' dir='ltr'>sic</span> <span class='ocrx_word' id='word_1_274' title='bbox 764 4182 993 4245; x_wconf 82' lang='lat' dir='ltr'>explico,</span> <span class='ocrx_word' id='word_1_275' title='bbox 1026 4180 1246 4238; x_wconf 74' lang='lat' dir='ltr'>Annuus,</span> <span class='ocrx_word' id='word_1_276' title='bbox 1271 4183 1376 4230; x_wconf 85' lang='lat' dir='ltr'>Coe·</span> 
     </span>
     <span class='ocr_line' id='line_1_51' title="bbox 307 4253 1377 4323; baseline -0.002 -14"><span class='ocrx_word' id='word_1_277' title='bbox 307 4271 411 4316; x_wconf 80' lang='lat' dir='ltr'>sar,</span> <span class='ocrx_word' id='word_1_278' title='bbox 431 4253 726 4320; x_wconf 74' lang='lat' dir='ltr'>optantibus,</span> <span class='ocrx_word' id='word_1_279' title='bbox 746 4271 936 4322; x_wconf 81' lang='lat' dir='ltr'>nempe</span> <span class='ocrx_word' id='word_1_280' title='bbox 956 4255 1038 4315; x_wconf 85' lang='lat' dir='ltr'>iis,</span> <span class='ocrx_word' id='word_1_281' title='bbox 1052 4256 1141 4323; x_wconf 88' lang='lat' dir='ltr'>qui</span> <span class='ocrx_word' id='word_1_282' title='bbox 1158 4262 1241 4308; x_wconf 85' lang='lat' dir='ltr'>ter</span> <span class='ocrx_word' id='word_1_283' title='bbox 1253 4271 1377 4308; x_wconf 86' lang='lat' dir='ltr'>con-</span> 
     </span>
    </p>
   </div>
   <div class='ocr_carea' id='block_1_5' title="bbox 2370 356 2536 439">
    <p class='ocr_par' dir='ltr' id='par_1_8' title="bbox 2370 356 2536 439">
     <span class='ocr_line' id='line_1_52' title="bbox 2370 356 2536 439; baseline -0.012 0"><span class='ocrx_word' id='word_1_284' title='bbox 2370 356 2536 439; x_wconf 75' lang='lat'>975&#39;</span> 
     </span>
    </p>
   </div>
   <div class='ocr_carea' id='block_1_6' title="bbox 1428 524 2550 3784">
    <p class='ocr_par' dir='ltr' id='par_1_9' title="bbox 1428 524 2550 3247">
     <span class='ocr_line' id='line_1_53' title="bbox 1437 524 2503 593; baseline 0.007 -19"><span class='ocrx_word' id='word_1_285' title='bbox 1437 525 1578 574; x_wconf 88' lang='lat' dir='ltr'>sules</span> <span class='ocrx_word' id='word_1_286' title='bbox 1604 524 1769 583; x_wconf 82' lang='lat' dir='ltr'>fuere,</span> <span class='ocrx_word' id='word_1_287' title='bbox 1793 526 1973 593; x_wconf 84' lang='lat' dir='ltr'>etqui,</span> <span class='ocrx_word' id='word_1_288' title='bbox 1997 539 2065 576; x_wconf 87' lang='lat' dir='ltr'>ne</span> <span class='ocrx_word' id='word_1_289' title='bbox 2089 525 2189 577; x_wconf 82' lang='lat' dir='ltr'>tibi</span> <span class='ocrx_word' id='word_1_290' title='bbox 2212 542 2366 592; x_wconf 82' lang='lat' dir='ltr'>pares</span> <span class='ocrx_word' id='word_1_291' title='bbox 2387 544 2503 582; x_wconf 87' lang='lat' dir='ltr'>esse</span> 
     </span>
     <span class='ocr_line' id='line_1_54' title="bbox 1437 602 2503 669; baseline 0.006 -18"><span class='ocrx_word' id='word_1_292' title='bbox 1437 602 1573 651; x_wconf 81' lang='lat' dir='ltr'>velle</span> <span class='ocrx_word' id='word_1_293' title='bbox 1630 602 1923 664; x_wconf 82' lang='lat' dir='ltr'>videantur,</span> <span class='ocrx_word' id='word_1_294' title='bbox 1978 618 2115 653; x_wconf 89' lang='lat' dir='ltr'>nnnc</span> <span class='ocrx_word' id='word_1_295' title='bbox 2182 613 2387 669; x_wconf 81' lang='lat' dir='ltr'>optant,</span> <span class='ocrx_word' id='word_1_296' title='bbox 2442 614 2503 657; x_wconf 85' lang='lat' dir='ltr'>ut</span> 
     </span>
     <span class='ocr_line' id='line_1_55' title="bbox 1436 678 2504 744; baseline 0.008 -20"><span class='ocrx_word' id='word_1_297' title='bbox 1436 685 1680 741; x_wconf 82' lang='lat' dir='ltr'>quartum</span> <span class='ocrx_word' id='word_1_298' title='bbox 1713 680 2037 728; x_wconf 80' lang='lat' dir='ltr'>consulatum</span> <span class='ocrx_word' id='word_1_299' title='bbox 2076 678 2363 744; x_wconf 83' lang='lat' dir='ltr'>suscipias;</span> <span class='ocrx_word' id='word_1_300' title='bbox 2387 682 2504 733; x_wconf 84' lang='lat' dir='ltr'>bos-</span> 
     </span>
     <span class='ocr_line' id='line_1_56' title="bbox 1437 751 2508 821; baseline 0.008 -22"><span class='ocrx_word' id='word_1_301' title='bbox 1437 766 1543 814; x_wconf 71' lang='lat' dir='ltr'>que,</span> <span class='ocrx_word' id='word_1_302' title='bbox 1564 751 1731 813; x_wconf 76' lang='lat' dir='ltr'>quibus</span> <span class='ocrx_word' id='word_1_303' title='bbox 1764 754 1890 814; x_wconf 77' lang='lat' dir='ltr'>opud</span> <span class='ocrx_word' id='word_1_304' title='bbox 1922 754 2056 803; x_wconf 84' lang='lat' dir='ltr'>Deos</span> <span class='ocrx_word' id='word_1_305' title='bbox 2088 756 2267 815; x_wconf 75' lang='lat' dir='ltr'>adesse,</span> <span class='ocrx_word' id='word_1_306' title='bbox 2302 763 2354 805; x_wconf 86' lang='lat' dir='ltr'>et</span> <span class='ocrx_word' id='word_1_307' title='bbox 2378 773 2508 821; x_wconf 86' lang='lat' dir='ltr'>quo·</span> 
     </span>
     <span class='ocr_line' id='line_1_57' title="bbox 1436 830 2504 895; baseline 0.007 -19"><span class='ocrx_word' id='word_1_308' title='bbox 1436 841 1551 876; x_wconf 83' lang='lat' dir='ltr'>rum</span> <span class='ocrx_word' id='word_1_309' title='bbox 1578 834 1704 878; x_wconf 67' lang='lat' dir='ltr'>vota·</span> <span class='ocrx_word' id='word_1_310' title='bbox 1723 830 1835 877; x_wconf 86' lang='lat' dir='ltr'>Diis</span> <span class='ocrx_word' id='word_1_311' title='bbox 1858 830 2504 895; x_wconf 70' lang='lat' dir='ltr'>comniendare,eonsuesti,</span> 
     </span>
     <span class='ocr_line' id='line_1_58' title="bbox 1428 902 2506 973; baseline 0.009 -22"><span class='ocrx_word' id='word_1_312' title='bbox 1428 902 1543 967; x_wconf 73' lang='lat' dir='ltr'>jem</span> <span class='ocrx_word' id='word_1_313' title='bbox 1575 902 1739 962; x_wconf 74' lang='lat' dir='ltr'>socios</span> <span class='ocrx_word' id='word_1_314' title='bbox 1771 912 2001 968; x_wconf 76' lang='lat' dir='ltr'>compotes</span> <span class='ocrx_word' id='word_1_315' title='bbox 2037 913 2267 972; x_wconf 76' lang='lat' dir='ltr'>votorum,</span> <span class='ocrx_word' id='word_1_316' title='bbox 2311 925 2506 973; x_wconf 70' lang='lat' dir='ltr'>quorum</span> 
     </span>
     <span class='ocr_line' id='line_1_59' title="bbox 1439 980 2505 1049; baseline 0.007 -21"><span class='ocrx_word' id='word_1_317' title='bbox 1439 980 1650 1042; x_wconf 84' lang='lat' dir='ltr'>quidem</span> <span class='ocrx_word' id='word_1_318' title='bbox 1708 991 1940 1030; x_wconf 84' lang='lat' dir='ltr'>votorum</span> <span class='ocrx_word' id='word_1_319' title='bbox 1982 984 2190 1033; x_wconf 87' lang='lat' dir='ltr'>eosdem</span> <span class='ocrx_word' id='word_1_320' title='bbox 2236 994 2505 1049; x_wconf 89' lang='lat' dir='ltr'>compotes</span> 
     </span>
     <span class='ocr_line' id='line_1_60' title="bbox 1439 1053 2508 1118; baseline 0.008 -16"><span class='ocrx_word' id='word_1_321' title='bbox 1439 1053 1614 1103; x_wconf 78' lang='lat' dir='ltr'>facere</span> <span class='ocrx_word' id='word_1_322' title='bbox 1649 1057 1749 1118; x_wconf 74' lang='lat' dir='ltr'>ipse</span> <span class='ocrx_word' id='word_1_323' title='bbox 1789 1063 1922 1118; x_wconf 78' lang='lat' dir='ltr'>potes</span> <span class='ocrx_word' id='word_1_324' title='bbox 1936 1072 1955 1114; x_wconf 84' lang='lat'>,-</span> <span class='ocrx_word' id='word_1_325' title='bbox 2005 1058 2127 1108; x_wconf 91' lang='lat' dir='ltr'>dum</span> <span class='ocrx_word' id='word_1_326' title='bbox 2160 1062 2312 1109; x_wconf 89' lang='lat' dir='ltr'>unice</span> <span class='ocrx_word' id='word_1_327' title='bbox 2352 1076 2382 1110; x_wconf 84' lang='lat' dir='ltr'>a</span> <span class='ocrx_word' id='word_1_328' title='bbox 2415 1073 2508 1111; x_wconf 83' lang='lat' dir='ltr'>tua</span> 
     </span>
     <span class='ocr_line' id='line_1_61' title="bbox 1443 1133 2507 1196; baseline 0.009 -18"><span class='ocrx_word' id='word_1_329' title='bbox 1443 1133 1709 1182; x_wconf 81' lang='lat' dir='ltr'>voluntate</span> <span class='ocrx_word' id='word_1_330' title='bbox 1748 1133 2032 1196; x_wconf 81' lang='lat' dir='ltr'>dependet,</span> <span class='ocrx_word' id='word_1_331' title='bbox 2083 1142 2142 1185; x_wconf 88' lang='lat' dir='ltr'>ut</span> <span class='ocrx_word' id='word_1_332' title='bbox 2182 1138 2507 1188; x_wconf 83' lang='lat' dir='ltr'>consulatum</span> 
     </span>
     <span class='ocr_line' id='line_1_62' title="bbox 1439 1210 2506 1278; baseline 0.005 -20"><span class='ocrx_word' id='word_1_333' title='bbox 1439 1217 1681 1273; x_wconf 85' lang='lat' dir='ltr'>quartum</span> <span class='ocrx_word' id='word_1_334' title='bbox 1704 1210 1975 1274; x_wconf 83' lang='lat' dir='ltr'>suscipias.</span> <span class='ocrx_word' id='word_1_335' title='bbox 2042 1213 2097 1262; x_wconf 87' lang='lat' dir='ltr'>Si</span> <span class='ocrx_word' id='word_1_336' title='bbox 2116 1213 2202 1275; x_wconf 89' lang='lat' dir='ltr'>qui</span> <span class='ocrx_word' id='word_1_337' title='bbox 2228 1219 2400 1263; x_wconf 80' lang='lat' dir='ltr'>temen</span> <span class='ocrx_word' id='word_1_338' title='bbox 2423 1229 2506 1278; x_wconf 82' lang='lat' dir='ltr'>op-</span> 
     </span>
     <span class='ocr_line' id='line_1_63' title="bbox 1438 1286 2508 1354; baseline 0.006 -20"><span class='ocrx_word' id='word_1_339' title='bbox 1438 1290 1599 1335; x_wconf 73' lang='lat' dir='ltr'>tantes</span> <span class='ocrx_word' id='word_1_340' title='bbox 1632 1300 1735 1335; x_wconf 92' lang='lat' dir='ltr'>non</span> <span class='ocrx_word' id='word_1_341' title='bbox 1776 1286 1841 1335; x_wconf 81' lang='lat' dir='ltr'>sd</span> <span class='ocrx_word' id='word_1_342' title='bbox 1882 1288 2007 1335; x_wconf 80' lang='lat' dir='ltr'>istos</span> <span class='ocrx_word' id='word_1_343' title='bbox 2048 1289 2206 1338; x_wconf 86' lang='lat' dir='ltr'>tertio</span> <span class='ocrx_word' id='word_1_344' title='bbox 2247 1291 2508 1354; x_wconf 85' lang='lat' dir='ltr'>consules,</span> 
     </span>
     <span class='ocr_line' id='line_1_64' title="bbox 1440 1361 2509 1424; baseline 0.008 -14"><span class='ocrx_word' id='word_1_345' title='bbox 1440 1361 1535 1410; x_wconf 86' lang='lat' dir='ltr'>sed</span> <span class='ocrx_word' id='word_1_346' title='bbox 1559 1362 1845 1424; x_wconf 75' lang='lat' dir='ltr'>generatim</span> <span class='ocrx_word' id='word_1_347' title='bbox 1871 1363 1935 1411; x_wconf 88' lang='lat' dir='ltr'>ad</span> <span class='ocrx_word' id='word_1_348' title='bbox 1976 1364 2203 1413; x_wconf 78' lang='lat' dir='ltr'>Plinium</span> <span class='ocrx_word' id='word_1_349' title='bbox 2228 1373 2284 1415; x_wconf 90' lang='lat' dir='ltr'>et</span> <span class='ocrx_word' id='word_1_350' title='bbox 2307 1373 2509 1419; x_wconf 87' lang='lat' dir='ltr'>senato·</span> 
     </span>
     <span class='ocr_line' id='line_1_65' title="bbox 1442 1434 2508 1501; baseline 0.006 -16"><span class='ocrx_word' id='word_1_351' title='bbox 1442 1450 1528 1485; x_wconf 85' lang='lat' dir='ltr'>res</span> <span class='ocrx_word' id='word_1_352' title='bbox 1552 1451 1750 1500; x_wconf 87' lang='lat' dir='ltr'>omnes,</span> <span class='ocrx_word' id='word_1_353' title='bbox 1773 1434 1970 1487; x_wconf 82' lang='lat' dir='ltr'>referre</span> <span class='ocrx_word' id='word_1_354' title='bbox 1996 1439 2203 1501; x_wconf 84' lang='lat' dir='ltr'>malint;</span> <span class='ocrx_word' id='word_1_355' title='bbox 2230 1441 2281 1489; x_wconf 85' lang='lat' dir='ltr'>hi</span> <span class='ocrx_word' id='word_1_356' title='bbox 2300 1441 2399 1491; x_wconf 92' lang='lat' dir='ltr'>sibi</span> <span class='ocrx_word' id='word_1_357' title='bbox 2423 1436 2508 1491; x_wconf 80' lang='lat' dir='ltr'>me</span> 
     </span>
     <span class='ocr_line' id='line_1_66' title="bbox 1442 1507 2544 1579; baseline 0.005 -18"><span class='ocrx_word' id='word_1_358' title='bbox 1442 1513 1609 1561; x_wconf 84' lang='lat' dir='ltr'>minus</span> <span class='ocrx_word' id='word_1_359' title='bbox 1648 1514 2012 1563; x_wconf 75' lang='lat' dir='ltr'>adversantem</span> <span class='ocrx_word' id='word_1_360' title='bbox 2045 1507 2327 1566; x_wconf 81' lang='lat' dir='ltr'>habebunt.</span> <span class='ocrx_word' id='word_1_361' title='bbox 2396 1518 2506 1567; x_wconf 82' lang='lat' dir='ltr'>Qui</span> <span class='ocrx_word' id='word_1_362' title='bbox 2539 1573 2544 1579; x_wconf 34' lang='lat'><strong>¹</strong></span> 
     </span>
     <span class='ocr_line' id='line_1_67' title="bbox 1444 1589 2510 1641; baseline 0.004 -4"><span class='ocrx_word' id='word_1_363' title='bbox 1444 1601 1569 1637; x_wconf 78' lang='lat' dir='ltr'>vero</span> <span class='ocrx_word' id='word_1_364' title='bbox 1591 1603 1694 1638; x_wconf 91' lang='lat' dir='ltr'>non</span> <span class='ocrx_word' id='word_1_365' title='bbox 1720 1590 1896 1638; x_wconf 85' lang='lat' dir='ltr'>statim</span> <span class='ocrx_word' id='word_1_366' title='bbox 1922 1589 2406 1641; x_wconf 83' lang='lat' dir='ltr'>animadverterunt</span> <span class='ocrx_word' id='word_1_367' title='bbox 2427 1592 2510 1641; x_wconf 74' lang='grc' dir='ltr'>ἐλ-</span> 
     </span>
     <span class='ocr_line' id='line_1_68' title="bbox 1441 1663 2509 1730; baseline 0.005 -17"><span class='ocrx_word' id='word_1_368' title='bbox 1441 1663 1694 1723; x_wconf 72' lang='grc' dir='ltr'>λειπικὴν</span> <span class='ocrx_word' id='word_1_369' title='bbox 1715 1665 1954 1730; x_wconf 87' lang='lat' dir='ltr'>loquendi</span> <span class='ocrx_word' id='word_1_370' title='bbox 1980 1666 2252 1722; x_wconf 79' lang='lat' dir='ltr'>rationem,</span> <span class='ocrx_word' id='word_1_371' title='bbox 2266 1681 2367 1730; x_wconf 85' lang='lat' dir='ltr'>qna</span> <span class='ocrx_word' id='word_1_372' title='bbox 2389 1681 2509 1718; x_wconf 79' lang='lat' dir='ltr'>usus</span> 
     </span>
     <span class='ocr_line' id='line_1_69' title="bbox 1443 1739 2546 1811; baseline 0.001 -21"><span class='ocrx_word' id='word_1_373' title='bbox 1443 1747 1526 1790; x_wconf 85' lang='lat' dir='ltr'>est</span> <span class='ocrx_word' id='word_1_374' title='bbox 1550 1741 1776 1804; x_wconf 76' lang='lat' dir='ltr'>Plinius,</span> <span class='ocrx_word' id='word_1_375' title='bbox 1808 1740 1880 1788; x_wconf 85' lang='lat' dir='ltr'>illi</span> <span class='ocrx_word' id='word_1_376' title='bbox 1918 1739 2101 1800; x_wconf 83' lang='lat' dir='ltr'>nescii,</span> <span class='ocrx_word' id='word_1_377' title='bbox 2135 1741 2272 1789; x_wconf 89' lang='lat' dir='ltr'>unde</span> <span class='ocrx_word' id='word_1_378' title='bbox 2309 1741 2509 1803; x_wconf 87' lang='lat' dir='ltr'>depen-</span> <span class='ocrx_word' id='word_1_379' title='bbox 2539 1802 2546 1811; x_wconf 36' lang='lat'><strong><em>‘</em></strong></span> 
     </span>
     <span class='ocr_line' id='line_1_70' title="bbox 1443 1815 2511 1879; baseline 0.003 -15"><span class='ocrx_word' id='word_1_380' title='bbox 1443 1816 1597 1869; x_wconf 85' lang='lat' dir='ltr'>deret</span> <span class='ocrx_word' id='word_1_381' title='bbox 1618 1830 1769 1865; x_wconf 84' lang='lat' dir='ltr'>casus</span> <span class='ocrx_word' id='word_1_382' title='bbox 1796 1815 2043 1879; x_wconf 82' lang='lat' dir='ltr'>gignendi</span> <span class='ocrx_word' id='word_1_383' title='bbox 2063 1831 2281 1879; x_wconf 73' lang='lat' dir='ltr'>quoram,</span> <span class='ocrx_word' id='word_1_384' title='bbox 2304 1830 2369 1865; x_wconf 82' lang='lat' dir='ltr'>ex</span> <span class='ocrx_word' id='word_1_385' title='bbox 2395 1832 2511 1867; x_wconf 78' lang='lat' dir='ltr'>ver·</span> 
     </span>
     <span class='ocr_line' id='line_1_71' title="bbox 1445 1889 2511 1955; baseline 0.002 -15"><span class='ocrx_word' id='word_1_386' title='bbox 1445 1891 1512 1942; x_wconf 90' lang='lat' dir='ltr'>bo</span> <span class='ocrx_word' id='word_1_387' title='bbox 1529 1896 1679 1954; x_wconf 77' lang='lat' dir='ltr'>potes,</span> <span class='ocrx_word' id='word_1_388' title='bbox 1703 1889 1949 1941; x_wconf 78' lang='lat' dir='ltr'>effinxere</span> <span class='ocrx_word' id='word_1_389' title='bbox 1970 1897 2138 1955; x_wconf 77' lang='lat' dir='ltr'>potens</span> <span class='ocrx_word' id='word_1_390' title='bbox 2158 1906 2224 1943; x_wconf 88' lang='lat' dir='ltr'>es.</span> <span class='ocrx_word' id='word_1_391' title='bbox 2260 1893 2364 1942; x_wconf 88' lang='lat' dir='ltr'>Sed</span> <span class='ocrx_word' id='word_1_392' title='bbox 2386 1893 2511 1942; x_wconf 74' lang='lat' dir='ltr'>niun</span> 
     </span>
     <span class='ocr_line' id='line_1_72' title="bbox 1443 1966 2550 2039; baseline 0.002 -24"><span class='ocrx_word' id='word_1_393' title='bbox 1443 1966 1768 2032; x_wconf 83' lang='lat' dir='ltr'>frequentius</span> <span class='ocrx_word' id='word_1_394' title='bbox 1790 1977 1869 2016; x_wconf 85' lang='lat' dir='ltr'>est</span> <span class='ocrx_word' id='word_1_395' title='bbox 1896 1969 1995 2016; x_wconf 85' lang='lat' dir='ltr'>ista</span> <span class='ocrx_word' id='word_1_396' title='bbox 2030 1967 2239 2016; x_wconf 88' lang='lat' dir='ltr'>dicendi</span> <span class='ocrx_word' id='word_1_397' title='bbox 2274 1969 2512 2031; x_wconf 88' lang='lat' dir='ltr'>ratione;</span> <span class='ocrx_word' id='word_1_398' title='bbox 2543 2032 2550 2039; x_wconf 80' lang='lat'>.</span> 
     </span>
     <span class='ocr_line' id='line_1_73' title="bbox 1446 2043 2512 2107; baseline 0.005 -17"><span class='ocrx_word' id='word_1_399' title='bbox 1446 2054 1496 2092; x_wconf 75' lang='grc' dir='ltr'>ν.</span> <span class='ocrx_word' id='word_1_400' title='bbox 1532 2058 1584 2107; x_wconf 83' lang='lat' dir='ltr'>g.</span> <span class='ocrx_word' id='word_1_401' title='bbox 1621 2044 1820 2100; x_wconf 82' lang='lat' dir='ltr'>Caesar,</span> <span class='ocrx_word' id='word_1_402' title='bbox 1859 2043 1925 2093; x_wconf 87' lang='lat' dir='ltr'>de</span> <span class='ocrx_word' id='word_1_403' title='bbox 1965 2043 2115 2093; x_wconf 85' lang='lat' dir='ltr'>Bello</span> <span class='ocrx_word' id='word_1_404' title='bbox 2154 2043 2362 2093; x_wconf 87' lang='lat' dir='ltr'>Gallico</span> <span class='ocrx_word' id='word_1_405' title='bbox 2396 2058 2436 2094; x_wconf 88' lang='lat'>1.</span> <span class='ocrx_word' id='word_1_406' title='bbox 2459 2049 2512 2095; x_wconf 78' lang='grc'>7.</span> 
     </span>
     <span class='ocr_line' id='line_1_74' title="bbox 1445 2118 2515 2184; baseline -0.001 -14"><span class='ocrx_word' id='word_1_407' title='bbox 1445 2125 1459 2148; x_wconf 87' lang='lat'>‘</span> <span class='ocrx_word' id='word_1_408' title='bbox 1479 2119 1646 2170; x_wconf 79' lang='lat' dir='ltr'>Quam</span> <span class='ocrx_word' id='word_1_409' title='bbox 1671 2119 1905 2168; x_wconf 83' lang='lat' dir='ltr'>maximis</span> <span class='ocrx_word' id='word_1_410' title='bbox 1928 2118 2198 2168; x_wconf 81' lang='lat' dir='ltr'>itineribus</span> <span class='ocrx_word' id='word_1_411' title='bbox 2220 2118 2355 2184; x_wconf 87' lang='lat' dir='ltr'>(scil.</span> <span class='ocrx_word' id='word_1_412' title='bbox 2388 2134 2515 2170; x_wconf 88' lang='lat' dir='ltr'>con-</span> 
     </span>
     <span class='ocr_line' id='line_1_75' title="bbox 1448 2193 2514 2259; baseline 0.001 -14"><span class='ocrx_word' id='word_1_413' title='bbox 1448 2193 1693 2259; x_wconf 81' lang='lat' dir='ltr'>tendere)</span> <span class='ocrx_word' id='word_1_414' title='bbox 1717 2203 1913 2258; x_wconf 83' lang='lat' dir='ltr'>potest,</span> <span class='ocrx_word' id='word_1_415' title='bbox 1940 2197 1995 2245; x_wconf 89' lang='lat' dir='ltr'>in</span> <span class='ocrx_word' id='word_1_416' title='bbox 2038 2195 2261 2245; x_wconf 69' lang='lat' dir='ltr'>Galliam</span> <span class='ocrx_word' id='word_1_417' title='bbox 2296 2195 2514 2246; x_wconf 85' lang='lat' dir='ltr'>interio-</span> 
     </span>
     <span class='ocr_line' id='line_1_76' title="bbox 1447 2270 2514 2335; baseline 0.005 -18"><span class='ocrx_word' id='word_1_418' title='bbox 1447 2283 1558 2320; x_wconf 85' lang='lat' dir='ltr'>rem</span> <span class='ocrx_word' id='word_1_419' title='bbox 1593 2270 1898 2319; x_wconf 84' lang='lat' dir='ltr'>contendit.’</span> <span class='ocrx_word' id='word_1_420' title='bbox 1961 2271 2176 2321; x_wconf 78' lang='lat' dir='ltr'>Sallust.</span> <span class='ocrx_word' id='word_1_421' title='bbox 2197 2272 2331 2335; x_wconf 71' lang='lat' dir='ltr'>Jug.</span> <span class='ocrx_word' id='word_1_422' title='bbox 2359 2286 2408 2322; x_wconf 90' lang='lat' dir='ltr'>c.</span> <span class='ocrx_word' id='word_1_423' title='bbox 2432 2273 2514 2321; x_wconf 68' lang='lat'><strong>13‘.</strong></span> 
     </span>
     <span class='ocr_line' id='line_1_77' title="bbox 1445 2345 2515 2412; baseline 0 -15"><span class='ocrx_word' id='word_1_424' title='bbox 1445 2347 1739 2408; x_wconf 74' lang='lat' dir='ltr'>‘Jugnrtba</span> <span class='ocrx_word' id='word_1_425' title='bbox 1780 2361 1931 2410; x_wconf 88' lang='lat' dir='ltr'>quam</span> <span class='ocrx_word' id='word_1_426' title='bbox 1971 2350 2221 2396; x_wconf 81' lang='lat' dir='ltr'>maximas</span> <span class='ocrx_word' id='word_1_427' title='bbox 2259 2345 2515 2412; x_wconf 83' lang='lat' dir='ltr'>(armare)</span> 
     </span>
     <span class='ocr_line' id='line_1_78' title="bbox 1448 2420 2515 2486; baseline 0.002 -16"><span class='ocrx_word' id='word_1_428' title='bbox 1448 2429 1644 2485; x_wconf 87' lang='lat' dir='ltr'>potest,</span> <span class='ocrx_word' id='word_1_429' title='bbox 1671 2423 1849 2486; x_wconf 86' lang='lat' dir='ltr'>copias</span> <span class='ocrx_word' id='word_1_430' title='bbox 1873 2420 2078 2472; x_wconf 88' lang='lat' dir='ltr'>armat.’</span> <span class='ocrx_word' id='word_1_431' title='bbox 2142 2422 2231 2472; x_wconf 89' lang='lat' dir='ltr'>Sic</span> <span class='ocrx_word' id='word_1_432' title='bbox 2275 2428 2328 2472; x_wconf 87' lang='lat' dir='ltr'>et</span> <span class='ocrx_word' id='word_1_433' title='bbox 2368 2429 2515 2473; x_wconf 80' lang='lat' dir='ltr'>recte</span> 
     </span>
     <span class='ocr_line' id='line_1_79' title="bbox 1446 2500 2517 2565; baseline 0 -16"><span class='ocrx_word' id='word_1_434' title='bbox 1446 2500 1552 2550; x_wconf 88' lang='lat' dir='ltr'>dici</span> <span class='ocrx_word' id='word_1_435' title='bbox 1577 2508 1773 2564; x_wconf 79' lang='lat' dir='ltr'>potest,</span> <span class='ocrx_word' id='word_1_436' title='bbox 1794 2501 2006 2564; x_wconf 79' lang='lat' dir='ltr'>Quorum</span> <span class='ocrx_word' id='word_1_437' title='bbox 2023 2505 2175 2565; x_wconf 79' lang='lat' dir='ltr'>potes,</span> <span class='ocrx_word' id='word_1_438' title='bbox 2199 2505 2413 2550; x_wconf 74' lang='lat' dir='ltr'>votorum</span> <span class='ocrx_word' id='word_1_439' title='bbox 2430 2515 2517 2549; x_wconf 75' lang='lat' dir='ltr'>uos</span> 
     </span>
     <span class='ocr_line' id='line_1_80' title="bbox 1444 2576 2516 2640; baseline 0 -15"><span class='ocrx_word' id='word_1_440' title='bbox 1444 2576 1865 2639; x_wconf 75' lang='lat' dir='ltr'>compotesfacias,</span> <span class='ocrx_word' id='word_1_441' title='bbox 1889 2577 1924 2625; x_wconf 83' lang='lat' dir='ltr'>i.</span> <span class='ocrx_word' id='word_1_442' title='bbox 1946 2591 1996 2625; x_wconf 86' lang='lat' dir='ltr'>e.</span> <span class='ocrx_word' id='word_1_443' title='bbox 2015 2592 2233 2640; x_wconf 86' lang='lat' dir='ltr'>quorum</span> <span class='ocrx_word' id='word_1_444' title='bbox 2246 2578 2258 2587; x_wconf 83' lang='lat'><strong><em>&#39;</em></strong></span> <span class='ocrx_word' id='word_1_445' title='bbox 2274 2585 2516 2628; x_wconf 81' lang='lat' dir='ltr'>votorum</span> 
     </span>
     <span class='ocr_line' id='line_1_81' title="bbox 1447 2650 2517 2715; baseline 0.001 -14"><span class='ocrx_word' id='word_1_446' title='bbox 1447 2659 1718 2715; x_wconf 86' lang='lat' dir='ltr'>compotes</span> <span class='ocrx_word' id='word_1_447' title='bbox 1767 2666 1859 2700; x_wconf 89' lang='lat' dir='ltr'>nos</span> <span class='ocrx_word' id='word_1_448' title='bbox 1898 2650 2074 2701; x_wconf 80' lang='lat' dir='ltr'>facere</span> <span class='ocrx_word' id='word_1_449' title='bbox 2116 2661 2286 2715; x_wconf 87' lang='lat' dir='ltr'>potes,</span> <span class='ocrx_word' id='word_1_450' title='bbox 2335 2667 2517 2702; x_wconf 87' lang='lat' dir='ltr'>eorum</span> 
     </span>
     <span class='ocr_line' id='line_1_82' title="bbox 1447 2729 2517 2795; baseline 0.003 -17"><span class='ocrx_word' id='word_1_451' title='bbox 1447 2744 1542 2795; x_wconf 82' lang='lat' dir='ltr'>nos</span> <span class='ocrx_word' id='word_1_452' title='bbox 1566 2729 1729 2779; x_wconf 79' lang='lat' dir='ltr'>facias</span> <span class='ocrx_word' id='word_1_453' title='bbox 1753 2738 2043 2793; x_wconf 85' lang='lat' dir='ltr'>compotes.</span> <span class='ocrx_word' id='word_1_454' title='bbox 2110 2730 2299 2795; x_wconf 86' lang='lat' dir='ltr'>Itaque</span> <span class='ocrx_word' id='word_1_455' title='bbox 2335 2731 2517 2781; x_wconf 86' lang='lat' dir='ltr'>Bebri-</span> 
     </span>
     <span class='ocr_line' id='line_1_83' title="bbox 1448 2805 2519 2869; baseline 0.004 -15"><span class='ocrx_word' id='word_1_456' title='bbox 1448 2821 1530 2862; x_wconf 87' lang='lat' dir='ltr'>us,</span> <span class='ocrx_word' id='word_1_457' title='bbox 1556 2805 1906 2869; x_wconf 83' lang='lat' dir='ltr'>Gedanensis,</span> <span class='ocrx_word' id='word_1_458' title='bbox 1934 2821 2034 2855; x_wconf 88' lang='lat' dir='ltr'>non</span> <span class='ocrx_word' id='word_1_459' title='bbox 2058 2808 2186 2855; x_wconf 87' lang='lat' dir='ltr'>satis</span> <span class='ocrx_word' id='word_1_460' title='bbox 2207 2806 2405 2857; x_wconf 70' lang='lat' dir='ltr'>caussoe</span> <span class='ocrx_word' id='word_1_461' title='bbox 2431 2808 2519 2858; x_wconf 78' lang='lat' dir='ltr'>ita·</span> 
     </span>
     <span class='ocr_line' id='line_1_84' title="bbox 1449 2880 2519 2939; baseline 0.001 -7"><span class='ocrx_word' id='word_1_462' title='bbox 1449 2883 1581 2939; x_wconf 89' lang='lat' dir='ltr'>buit,</span> <span class='ocrx_word' id='word_1_463' title='bbox 1612 2889 1669 2931; x_wconf 91' lang='lat' dir='ltr'>ut</span> <span class='ocrx_word' id='word_1_464' title='bbox 1710 2883 1822 2931; x_wconf 82' lang='lat' dir='ltr'>haec</span> <span class='ocrx_word' id='word_1_465' title='bbox 1848 2882 2005 2933; x_wconf 89' lang='lat' dir='ltr'>Plinii</span> <span class='ocrx_word' id='word_1_466' title='bbox 2049 2883 2207 2932; x_wconf 82' lang='lat' dir='ltr'>verba</span> <span class='ocrx_word' id='word_1_467' title='bbox 2240 2884 2313 2932; x_wconf 87' lang='lat' dir='ltr'>sic</span> <span class='ocrx_word' id='word_1_468' title='bbox 2346 2880 2519 2933; x_wconf 82' lang='lat' dir='ltr'>emen·</span> 
     </span>
     <span class='ocr_line' id='line_1_85' title="bbox 1449 2957 2519 3022; baseline 0.003 -16"><span class='ocrx_word' id='word_1_469' title='bbox 1449 2957 1580 3007; x_wconf 79' lang='lat' dir='ltr'>dare</span> <span class='ocrx_word' id='word_1_470' title='bbox 1619 2958 1801 3014; x_wconf 80' lang='lat' dir='ltr'>vellet,</span> <span class='ocrx_word' id='word_1_471' title='bbox 1828 2958 2051 3019; x_wconf 74' lang='lat' dir='ltr'>Annuus,</span> <span class='ocrx_word' id='word_1_472' title='bbox 2092 2959 2274 3014; x_wconf 80' lang='lat' dir='ltr'>Coesar‚</span> <span class='ocrx_word' id='word_1_473' title='bbox 2309 2959 2519 3022; x_wconf 72' lang='lat' dir='ltr'>optanti-</span> 
     </span>
     <span class='ocr_line' id='line_1_86' title="bbox 1449 3029 2520 3098; baseline 0.001 -15"><span class='ocrx_word' id='word_1_474' title='bbox 1449 3035 1555 3096; x_wconf 69' lang='lat' dir='ltr'>bus,</span> <span class='ocrx_word' id='word_1_475' title='bbox 1591 3034 1765 3098; x_wconf 81' lang='lat' dir='ltr'>quique</span> <span class='ocrx_word' id='word_1_476' title='bbox 1799 3036 1926 3098; x_wconf 79' lang='lat' dir='ltr'>opud</span> <span class='ocrx_word' id='word_1_477' title='bbox 1960 3035 2093 3084; x_wconf 83' lang='lat' dir='ltr'>Deos</span> <span class='ocrx_word' id='word_1_478' title='bbox 2128 3050 2229 3084; x_wconf 84' lang='lat' dir='ltr'>esse</span> <span class='ocrx_word' id='word_1_479' title='bbox 2266 3029 2520 3093; x_wconf 50' lang='lat' dir='ltr'>consuestvss</span> 
     </span>
     <span class='ocr_line' id='line_1_87' title="bbox 1448 3108 2524 3177; baseline 0.004 -18"><span class='ocrx_word' id='word_1_480' title='bbox 1448 3112 1572 3174; x_wconf 76' lang='lat' dir='ltr'>quod</span> <span class='ocrx_word' id='word_1_481' title='bbox 1597 3109 1707 3169; x_wconf 74' lang='lat' dir='ltr'>jam</span> <span class='ocrx_word' id='word_1_482' title='bbox 1735 3117 1870 3173; x_wconf 76' lang='lat' dir='ltr'>potes</span> <span class='ocrx_word' id='word_1_483' title='bbox 1904 3111 2024 3175; x_wconf 78' lang='lat' dir='ltr'>ipse,</span> <span class='ocrx_word' id='word_1_484' title='bbox 2046 3116 2258 3161; x_wconf 74' lang='lat' dir='ltr'>totorum</span> <span class='ocrx_word' id='word_1_485' title='bbox 2287 3108 2524 3177; x_wconf 75' lang='lat' dir='ltr'>compotes</span> 
     </span>
     <span class='ocr_line' id='line_1_88' title="bbox 1437 3186 2068 3247; baseline -0.002 -11"><span class='ocrx_word' id='word_1_486' title='bbox 1437 3186 1622 3247; x_wconf 75' lang='lat' dir='ltr'>sacias-</span> <span class='ocrx_word' id='word_1_487' title='bbox 1654 3187 1916 3237; x_wconf 77' lang='lat' dir='ltr'>Schwarz.</span> <span class='ocrx_word' id='word_1_488' title='bbox 2063 3188 2068 3193; x_wconf 84' lang='grc'><em>“</em></span> 
     </span>
    </p>

    <p class='ocr_par' dir='ltr' id='par_1_10' title="bbox 1450 3263 2522 3784">
     <span class='ocr_line' id='line_1_89' title="bbox 1518 3263 2521 3329; baseline 0.002 -17"><span class='ocrx_word' id='word_1_489' title='bbox 1518 3263 1655 3312; x_wconf 63' lang='lat' dir='ltr'>esp.</span> <span class='ocrx_word' id='word_1_490' title='bbox 1676 3275 1876 3312; x_wconf 66' lang='lat' dir='ltr'>mxxix.</span> <span class='ocrx_word' id='word_1_491' title='bbox 1930 3263 2157 3313; x_wconf 77' lang='lat' dir='ltr'>Fortasse</span> <span class='ocrx_word' id='word_1_492' title='bbox 2176 3265 2381 3329; x_wconf 78' lang='lat' dir='ltr'>sufficiat</span> <span class='ocrx_word' id='word_1_493' title='bbox 2403 3263 2521 3328; x_wconf 71' lang='lat' dir='ltr'>tibi]</span> 
     </span>
     <span class='ocr_line' id='line_1_90' title="bbox 1450 3337 2520 3403; baseline 0.004 -17"><span class='ocrx_word' id='word_1_494' title='bbox 1450 3337 1517 3389; x_wconf 83' lang='lat' dir='ltr'>In</span> <span class='ocrx_word' id='word_1_495' title='bbox 1554 3337 1735 3386; x_wconf 84' lang='lat' dir='ltr'>codice</span> <span class='ocrx_word' id='word_1_496' title='bbox 1775 3338 2033 3387; x_wconf 81' lang='lat' dir='ltr'>Vaticano</span> <span class='ocrx_word' id='word_1_497' title='bbox 2074 3343 2223 3389; x_wconf 77' lang='lat'>3461.</span> <span class='ocrx_word' id='word_1_498' title='bbox 2264 3341 2520 3403; x_wconf 80' lang='lat' dir='ltr'>scriptum</span> 
     </span>
     <span class='ocr_line' id='line_1_91' title="bbox 1451 3415 2522 3481; baseline 0.004 -18"><span class='ocrx_word' id='word_1_499' title='bbox 1451 3422 1535 3464; x_wconf 91' lang='lat' dir='ltr'>est</span> <span class='ocrx_word' id='word_1_500' title='bbox 1570 3415 1797 3465; x_wconf 77' lang='lat' dir='ltr'>Fortasse</span> <span class='ocrx_word' id='word_1_501' title='bbox 1828 3415 1917 3465; x_wconf 76' lang='lat' dir='ltr'>tibi</span> <span class='ocrx_word' id='word_1_502' title='bbox 1945 3417 2161 3480; x_wconf 74' lang='lat' dir='ltr'>sufficiet.</span> <span class='ocrx_word' id='word_1_503' title='bbox 2232 3418 2294 3467; x_wconf 89' lang='lat' dir='ltr'>In</span> <span class='ocrx_word' id='word_1_504' title='bbox 2321 3418 2522 3481; x_wconf 80' lang='lat' dir='ltr'>aliquot</span> 
     </span>
     <span class='ocr_line' id='line_1_92' title="bbox 1451 3489 2522 3556; baseline 0.003 -17"><span class='ocrx_word' id='word_1_505' title='bbox 1451 3489 1719 3540; x_wconf 77' lang='lat' dir='ltr'>codicibus</span> <span class='ocrx_word' id='word_1_506' title='bbox 1744 3491 1874 3540; x_wconf 89' lang='lat' dir='ltr'>Mss.</span> <span class='ocrx_word' id='word_1_507' title='bbox 1902 3498 1958 3555; x_wconf 82' lang='lat' dir='ltr'>et</span> <span class='ocrx_word' id='word_1_508' title='bbox 1988 3493 2142 3540; x_wconf 88' lang='lat' dir='ltr'>editis</span> <span class='ocrx_word' id='word_1_509' title='bbox 2170 3492 2312 3541; x_wconf 86' lang='lat' dir='ltr'>libris</span> <span class='ocrx_word' id='word_1_510' title='bbox 2334 3507 2522 3556; x_wconf 84' lang='lat' dir='ltr'>perpe-</span> 
     </span>
     <span class='ocr_line' id='line_1_93' title="bbox 1452 3566 2520 3632; baseline 0.001 -16"><span class='ocrx_word' id='word_1_511' title='bbox 1452 3582 1562 3616; x_wconf 83' lang='lat' dir='ltr'>ram</span> <span class='ocrx_word' id='word_1_512' title='bbox 1585 3566 1736 3615; x_wconf 83' lang='lat' dir='ltr'>deest</span> <span class='ocrx_word' id='word_1_513' title='bbox 1758 3581 2040 3630; x_wconf 75' lang='lat' dir='ltr'>pronomen</span> <span class='ocrx_word' id='word_1_514' title='bbox 2058 3567 2148 3616; x_wconf 76' lang='lat' dir='ltr'>eibi</span> <span class='ocrx_word' id='word_1_515' title='bbox 2163 3583 2185 3626; x_wconf 79' lang='lat'>,⁰</span> <span class='ocrx_word' id='word_1_516' title='bbox 2216 3582 2318 3632; x_wconf 84' lang='lat' dir='ltr'>quo</span> <span class='ocrx_word' id='word_1_517' title='bbox 2345 3576 2520 3617; x_wconf 75' lang='lat' dir='ltr'>tamen</span> 
     </span>
     <span class='ocr_line' id='line_1_94' title="bbox 1454 3644 2517 3705; baseline 0 -13"><span class='ocrx_word' id='word_1_518' title='bbox 1454 3657 1593 3704; x_wconf 71' lang='lat' dir='ltr'>aegre</span> <span class='ocrx_word' id='word_1_519' title='bbox 1614 3656 1795 3691; x_wconf 85' lang='lat' dir='ltr'>carere</span> <span class='ocrx_word' id='word_1_520' title='bbox 1822 3650 1997 3705; x_wconf 85' lang='lat' dir='ltr'>potest</span> <span class='ocrx_word' id='word_1_521' title='bbox 2033 3649 2314 3691; x_wconf 81' lang='lat' dir='ltr'>contextus</span> <span class='ocrx_word' id='word_1_522' title='bbox 2351 3644 2517 3693; x_wconf 86' lang='lat' dir='ltr'>orati·</span> 
     </span>
     <span class='ocr_line' id='line_1_95' title="bbox 1453 3719 2519 3784; baseline 0.001 -15"><span class='ocrx_word' id='word_1_523' title='bbox 1453 3719 1685 3779; x_wconf 86' lang='lat' dir='ltr'>onis,ubi</span> <span class='ocrx_word' id='word_1_524' title='bbox 1713 3719 2133 3782; x_wconf 75' lang='lat' dir='ltr'>pronomina,tt’bi</span> <span class='ocrx_word' id='word_1_525' title='bbox 2156 3730 2209 3769; x_wconf 87' lang='lat' dir='ltr'>et</span> <span class='ocrx_word' id='word_1_526' title='bbox 2229 3719 2519 3784; x_wconf 52' lang='lat' dir='ltr'>nobi-imua-</span> 
     </span>
    </p>
   </div>
   <div class='ocr_carea' id='block_1_7' title="bbox 1451 3791 2522 3920">
    <p class='ocr_par' dir='ltr' id='par_1_11' title="bbox 1451 3791 2522 3920">
     <span class='ocr_line' id='line_1_96' title="bbox 1451 3791 2522 3860; baseline 0.003 -18"><span class='ocrx_word' id='word_1_527' title='bbox 1451 3795 1493 3842; x_wconf 88' lang='lat' dir='ltr'>si</span> <span class='ocrx_word' id='word_1_528' title='bbox 1516 3791 1755 3859; x_wconf 71' lang='grc' dir='ltr'><strong><em>ἀντίθετα,</em></strong></span> <span class='ocrx_word' id='word_1_529' title='bbox 1769 3795 2037 3858; x_wconf 78' lang='lat' dir='ltr'>eleganter</span> <span class='ocrx_word' id='word_1_530' title='bbox 2053 3795 2151 3844; x_wconf 85' lang='lat' dir='ltr'>sibi</span> <span class='ocrx_word' id='word_1_531' title='bbox 2168 3804 2522 3860; x_wconf 80' lang='lat' dir='ltr'>opponuntur.</span> 
     </span>
     <span class='ocr_line' id='line_1_97' title="bbox 1453 3871 2508 3920; baseline 0.002 -1"><span class='ocrx_word' id='word_1_532' title='bbox 1453 3871 1608 3920; x_wconf 82' lang='lat' dir='ltr'>Idem.</span> <span class='ocrx_word' id='word_1_533' title='bbox 2495 3873 2508 3881; x_wconf 79' lang='lat'>&#39;</span> 
     </span>
    </p>
   </div>
   <div class='ocr_carea' id='block_1_8' title="bbox 1437 3910 2525 4166">
    <p class='ocr_par' dir='ltr' id='par_1_12' title="bbox 1437 3910 2525 4166">
     <span class='ocr_line' id='line_1_98' title="bbox 1521 3910 2525 4013; baseline 0.003 -18"><span class='ocrx_word' id='word_1_534' title='bbox 1521 3946 1743 4013; x_wconf 76' lang='lat' dir='ltr'>Sufficiat</span> <span class='ocrx_word' id='word_1_535' title='bbox 1768 3946 1858 3996; x_wconf 78' lang='lat' dir='ltr'>tibi</span> <span class='ocrx_word' id='word_1_536' title='bbox 1882 3946 2079 4009; x_wconf 74' lang='lat' dir='ltr'>tertius]</span> <span class='ocrx_word' id='word_1_537' title='bbox 2112 3945 2330 4012; x_wconf 70' lang='lat' dir='ltr'>Sufficiat</span> <span class='ocrx_word' id='word_1_538' title='bbox 2352 3910 2525 3998; x_wconf 71' lang='lat' dir='ltr'>tertius</span> 
     </span>
     <span class='ocr_line' id='line_1_99' title="bbox 1457 4024 2524 4089; baseline -0.002 -15"><span class='ocrx_word' id='word_1_539' title='bbox 1457 4024 1625 4074; x_wconf 80' lang='lat' dir='ltr'>Livin.</span> <span class='ocrx_word' id='word_1_540' title='bbox 1648 4026 1701 4073; x_wconf 89' lang='lat' dir='ltr'>in</span> <span class='ocrx_word' id='word_1_541' title='bbox 1726 4032 1907 4085; x_wconf 82' lang='lat' dir='ltr'>textu3</span> <span class='ocrx_word' id='word_1_542' title='bbox 1941 4025 2032 4074; x_wconf 87' lang='lat' dir='ltr'>sed</span> <span class='ocrx_word' id='word_1_543' title='bbox 2057 4025 2109 4074; x_wconf 84' lang='lat' dir='ltr'>in</span> <span class='ocrx_word' id='word_1_544' title='bbox 2132 4026 2386 4089; x_wconf 79' lang='lat' dir='ltr'>margine,</span> <span class='ocrx_word' id='word_1_545' title='bbox 2403 4024 2524 4085; x_wconf 75' lang='lat' dir='ltr'>Saf-</span> 
     </span>
     <span class='ocr_line' id='line_1_100' title="bbox 1437 4099 1987 4166; baseline -0.002 -17"><span class='ocrx_word' id='word_1_546' title='bbox 1437 4100 1584 4166; x_wconf 73' lang='lat' dir='ltr'>ficiot</span> <span class='ocrx_word' id='word_1_547' title='bbox 1608 4099 1700 4149; x_wconf 76' lang='lat' dir='ltr'>tibi</span> <span class='ocrx_word' id='word_1_548' title='bbox 1724 4100 1897 4150; x_wconf 71' lang='lat' dir='ltr'>tertius</span> <span class='ocrx_word' id='word_1_549' title='bbox 1921 4101 1987 4150; x_wconf 85' lang='lat' dir='ltr'>G.</span> 
     </span>
    </p>
   </div>
   <div class='ocr_carea' id='block_1_9' title="bbox 1453 4176 2530 4321">
    <p class='ocr_par' dir='ltr' id='par_1_13' title="bbox 1453 4176 2530 4321">
     <span class='ocr_line' id='line_1_101' title="bbox 1520 4176 2530 4244; baseline -0.001 -15"><span class='ocrx_word' id='word_1_550' title='bbox 1520 4181 1616 4231; x_wconf 83' lang='lat' dir='ltr'>Ille</span> <span class='ocrx_word' id='word_1_551' title='bbox 1650 4181 1756 4244; x_wconf 78' lang='lat' dir='ltr'>nos]</span> <span class='ocrx_word' id='word_1_552' title='bbox 1786 4180 1918 4230; x_wconf 86' lang='lat' dir='ltr'>Tam</span> <span class='ocrx_word' id='word_1_553' title='bbox 1949 4176 2285 4230; x_wconf 68' lang='lat' dir='ltr'>&#39;laudabiliter</span> <span class='ocrx_word' id='word_1_554' title='bbox 2325 4183 2530 4243; x_wconf 74' lang='lat' dir='ltr'>gestus.</span> 
     </span>
     <span class='ocr_line' id='line_1_102' title="bbox 1453 4255 2516 4321; baseline -0.018 -13"><span class='ocrx_word' id='word_1_555' title='bbox 1453 4255 1590 4321; x_wconf 61' lang='lat' dir='ltr'>Lep«.</span> <span class='ocrx_word' id='word_1_556' title='bbox 1717 4274 1722 4281; x_wconf 89' lang='lat'><strong>·</strong></span> <span class='ocrx_word' id='word_1_557' title='bbox 2509 4268 2516 4289; x_wconf 63' lang='grc' dir='ltr'><strong><em>ι</em></strong></span> 
     </span>
    </p>
   </div>
  </div>
 </body>
</html>
