3017 4942
748 346 814 395 c.
861 343 1103 398 eumn
1151 342 1484 396 saeuum
1534 343 1815 397 ranae.
1887 344 1938 396 ι.
1982 330 2091 397 40.

313 486 375 538 iu
395 483 595 552 fragm.
615 500 702 552 ap.
732 487 910 539 Burm.
931 504 985 554 p.
1009 493 1126 542 668.
1159 488 1177 518 ‘
1194 487 1279 541 Ac
1300 494 1378 541 to·

317 571 409 615 tna
435 564 534 616 tibi
564 565 728 616 servit
757 566 955 616 honor!
1021 567 1125 617 Sed
1154 567 1385 619 occurrit

314 641 371 692 in
395 641 495 692 hoc
530 640 689 692 verbo
722 644 956 707 quaedam
991 643 1238 694 varietas.
1274 643 1382 692 Pu-

317 718 577 784 teolanus,
609 720 916 784 Beroaldus,
956 721 1255 784 catanens,
1289 720 1381 771 Al·

315 795 430 853 dns,
450 796 819 860 cuspinianus,
832 799 1018 855 Junta.
1033 798 1384 862 Philomusns,

313 873 615 931 Rhenanus,
641 874 708 924 R.
743 882 801 925 et
831 875 905 925 H.
939 875 1210 939 Stephani,
1242 876 1382 939 Gry·

312 955 489 1021 phius,
523 955 830 1020 sichardus,
852 956 1071 1011 Navius,
1094 955 1384 1017 Livineius,

313 1032 547 1096 Lipsius,
590 1033 873 1096 Gruterus,
909 1040 965 1082 et
1003 1032 1090 1083 alii
1133 1033 1382 1083 exhibent

311 1111 547 1160 ser-new.
619 1109 817 1159 Contra
869 1109 1043 1162 codex
1095 1109 1382 1161 Vaticanus

311 1188 463 1236 3461.
490 1186 1001 1250 Gu'elplserbytanus,
1017 1192 1074 1236 et
1098 1185 1229 1238 liber
1252 1187 1381 1235 Vos·

312 1260 489 1311 uanus
528 1261 725 1312 habent
768 1267 919 1313 totum
959 1264 1192 1326 sepulcro,
1233 1268 1382 1314 totam

300 1336 494 1401 fanni,
514 1344 687 1389 servet.
753 1340 972 1402 Verum,
995 1340 1047 1388 in
1069 1339 1253 1394 codice
1274 1340 1380 1389 Ve-

311 1423 437 1464 neto
461 1415 704 1480 legimus,
727 1422 886 1480 prout
920 1417 1246 1479 evulgamus,
1278 1420 1382 1466 tota

308 1492 542 1553 mulcro,
585 1496 689 1542 iota
714 1492 906 1556 funeri,
949 1494 1145 1544 serviet.
1209 1493 1381 1545 Quam

309 1567 593 1620 lectionem
603 1570 719 1631 jam
742 1569 796 1618 in
812 1570 1045 1635 margine
1065 1567 1380 1620 annotlirunt

309 1644 598 1709 Gryphius.
631 1647 930 1707 sichardus,
964 1647 1034 1697 H.
1067 1647 1383 1711 Stephanus,

311 1720 565 1772 Claudius
585 1722 783 1780 Minoe,
806 1725 1030 1781 Elzevir,
1066 1731 1122 1774 et
1144 1724 1380 1781 Rivinus,

311 1797 639 1864 eandemque
663 1801 774 1864 jam
808 1801 862 1850 in
897 1808 1202 1851 contextum
1224 1802 1380 1851 orati·

310 1874 425 1925 onis
460 1883 780 1939 receperunt
812 1877 1158 1933 Boxuornius,
1191 1873 1379 1928 Kireh·

309 1952 559 2014 maierus,
591 1953 863 2014 cellarius,
891 1954 1129 2018 Patarol,
1159 1961 1216 2003 et
1245 1954 1381 2005 Tho.

309 2041 416 2078 mss
438 2027 694 2091 Hearne;
731 2030 817 2079 eui
851 2030 1011 2081 etiam
1045 2044 1184 2080 nnnc
1206 2030 1380 2081 locum

308 2105 462 2156 dedit
483 2105 772 2158 Gesnerns.
838 2106 1037 2157 Omnes
1058 2105 1269 2172 quidem
1299 2107 1379 2159 ha

308 2192 420 2237 tres
453 2184 714 2234 lectiones
755 2183 997 2234 videntur
1031 2184 1243 2248 habere,
1276 2199 1380 2248 quo

308 2275 366 2312 se
390 2268 667 2325 tueantur,
686 2261 1082 2325 ambiguamque
1117 2261 1269 2312 nobis
1304 2259 1382 2310 fa·

308 2338 456 2388 ciant
495 2340 784 2402 optionem.
850 2338 1040 2402 Neque
1073 2337 1245 2389 codex
1277 2337 1383 2388 Ms.

305 2415 643 2474 Parmensis,
667 2430 834 2481 neque
846 2414 1274 2479 Saliaburgensis,
1292 2428 1382 2464 ne·

309 2507 413 2558 qne
433 2500 643 2556 noster,
674 2494 941 2557 explicant
975 2492 1226 2553 dubium;
1262 2506 1381 2542 cum

307 2569 362 2619 in
384 2570 467 2620 his
489 2570 658 2621 tribus
689 2584 965 2635 perperam
1000 2570 1254 2633 scriptum
1289 2569 1380 2634 sit,

306 2653 373 2713 et,
388 2649 439 2700 εἰ
459 2650 536 2699 s'ta
558 2654 733 2711 gratus
756 2650 891 2700 lieres
918 2649 1064 2708 solet,
1085 2652 1200 2720 ‘tota
1225 2647 1381 2711 sepel-

304 2742 407 2791 πο,
420 2726 724 2786 tolosanos-i,
745 2731 922 2777 servet.
989 2724 1117 2775 Pari
1139 2724 1278 2774 enim
1299 2738 1381 2772 ra·

306 2804 457 2855 tione
499 2804 730 2861 haesites.
763 2813 937 2853 utrum
982 2802 1038 2853 in
1081 2802 1181 2852 hoc
1222 2799 1382 2851 verbo

313 2881 471 2931 litera
496 2882 519 2930 ι’
540 2882 693 2944 elisa,
708 2886 863 2931 servet
887 2879 1171 2943 repositum
1193 2878 1263 2928 sit
1288 2891 1383 2940 pro

308 2956 485 3009 motet
500 2973 523 3017 ‚·
552 2972 644 3019 an,
669 2956 963 3007 decurtatis
981 2954 1173 3004 ultimis
1188 2953 1384 3004 duabus

307 3034 501 3099 literis,
533 3048 613 3097 ar,
636 3040 746 3089 ant,
776 3033 963 3083 omisso
993 3031 1172 3082 harum
1210 3031 1385 3080 litera·

308 3121 425 3161 ram
459 3110 832 3174 compendioso
865 3108 1035 3172 signo,
1072 3112 1251 3170 servet,
1285 3121 1382 3171 pro

308 3194 543 3247 servetur,
558 3188 728 3237 locum
746 3186 1005 3236 invenerit
1020 3200 1036 3245 ;
1070 3197 1137 3233 an
1155 3183 1383 3248 denique

311 3265 365 3315 in
386 3265 649 3330 adjectivo
663 3268 784 3321 tota,
798 3263 878 3312 bis
902 3277 1008 3326 prae
1017 3260 1255 3311 tes-missa
1271 3258 1383 3310 fue-

313 3343 382 3393 rit
403 3344 591 3392 ultima
613 3342 769 3391 litera
804 3356 873 3402 m,
906 3345 999 3390 aut
1028 3339 1182 3402 hujus
1215 3338 1381 3388 litera

314 3419 540 3484 signum.
584 3418 806 3469 Interim
830 3417 1025 3467 retinui
1045 3414 1260 3466 verbnm
1285 3429 1383 3464 ser-

311 3496 427 3562 uiet,
459 3496 601 3562 qnod
639 3497 916 3560 perspicue
940 3493 1192 3560 exprimit
1214 3493 1383 3542 codex

312 3574 573 3639 Venetus,
612 3580 669 3623 et
702 3573 839 3638 quod
876 3572 1085 3622 ratione
1117 3570 1387 3633 temporis,

313 3652 502 3717 magis,
523 3665 679 3716 qnam
702 3650 915 3700 verbnm
945 3653 1120 3711 servet,
1143 3648 1386 3710 congruit

316 3740 430 3778 cnm
451 3727 622 3792 primo
644 3727 798 3791 hujus
822 3724 1024 3789 periodi
1048 3723 1232 3783 verbo,
1251 3736 1384 3772 cure·

316 3805 404 3869 bit,
426 3813 483 3856 et
506 3820 624 3855 cnm
643 3805 843 3861 ultimo,
858 3803 1081 3853 adsistet.
1103 3801 1363 3851 Schwarz.

376 3884 537 3933 Nemo
550 3880 848 3944 observator]
870 3880 934 3929 Id
957 3884 1058 3940 est,
1079 3891 1254 3932 nemo,
1275 3878 1385 3927 sive

315 3959 626 4024 publicanus
660 3960 773 4009 sive
807 3957 938 4007 alius
973 3955 1039 4005 ab
1070 3954 1169 4004 hoc
1205 3954 1384 4003 subor-

315 4042 492 4097 natus,
520 4042 768 4101 tauquam
800 4041 977 4084 custos
1009 4030 1268 4096 publicus,
1293 4028 1382 4079 ad·

318 4112 502 4169 stabit,
524 4119 583 4162 nt
606 4114 949 4167 observenae
971 4109 1293 4174 speculetur,
1318 4121 1383 4156 an

320 4189 444 4239 nihil
484 4190 539 4238 in
568 4186 809 4238 fraudem
848 4188 1104 4238 vicesima
1141 4185 1259 4247 fiat3
1296 4199 1383 4234 ne·

324 4278 423 4330 qne
464 4269 524 4317 ut
566 4265 822 4330 inquirat,
863 4263 991 4329 quid
1030 4260 1386 4330 reprehendat

2275 331 2521 402 ·6⁷1

1876 491 1892 521 ⁴
1914 491 2213 546 Observare
2240 490 2257 516 '
2278 491 2417 546 enim
2441 502 2524 548 est

1460 569 1658 633 aliquid
1673 570 1833 621 oculis
1848 569 2119 635 animoque
2136 568 2202 619 ad
2220 569 2386 621 instar
2408 586 2525 636 spe·

1459 648 1712 698 culatoris
1764 654 1820 697 et
1873 646 2189 698 insidiatoris
2245 648 2526 699 custodire.

1458 722 1618 775 Unde
1659 723 1824 775 verba
1859 725 1971 776 ϋηο
2013 724 2281 788 conjunxit
2324 725 2434 777 Cic.
2469 724 2523 775 in

1460 799 1612 853 Orat.
1634 816 1681 851 c.
1703 805 1785 853 62.
1809 803 1827 830 ‘
1845 802 1965 853 Non
1981 802 2119 854 enim
2144 802 2194 851 id
2220 802 2347 865 agit,
2370 809 2426 852 ut
2447 802 2525 856 in·
2571 827 2574 830 >

1460 505 1524 543 ae
1550 489 1814 544 coerceat·

1458 876 1698 943 sidietur,
1721 887 1777 930 et
1801 878 2077 941 observetg
2111 878 2204 930 sed
2229 879 2341 943 jam
2364 878 2529 941 favet,

1454 953 1777 1028 dicendiqqe
1801 957 1902 1007 vim
1927 956 2209 1020 admirans,
2232 970 2333 1006 non
2358 956 2525 1021 inqui-

1456 1031 1550 1094 rit,
1575 1032 1714 1096 quod
1749 1031 2137 1097 reprehendat.'
2205 1033 2277 1082 Et
2315 1032 2381 1084 Q·
2412 1033 2526 1084 Cic·

1456 1106 1526 1160 de
1548 1107 1715 1158 Petit.
1738 1108 1949 1160 Consul.
1965 1112 2107 1159 c.14.
2123 1108 2139 1136 ‘
2160 1108 2282 1170 Fac,
2301 1114 2361 1159 ut
2383 1122 2523 1159 com·

1458 1184 1714 1249 petitores
1740 1200 1798 1236 se
1836 1186 1930 1237 abs
1970 1193 2025 1236 te
2069 1184 2321 1236 custodiri
2364 1191 2523 1249 atque

1456 1264 1724 1315 observari
1749 1264 1955 1315 sciant.'
2022 1264 2164 1314 Hinc
2187 1263 2398 1314 ducitur
2432 1277 2524 1316 no·

1458 1354 1580 1391 rnen
1618 1343 1633 1368 ⁸
1657 1338 2014 1400 observator,'
2052 1356 2157 1404 quo
2195 1342 2355 1391 etiarn
2400 1355 2521 1391 usus

1457 1425 1542 1467 est
1585 1418 1786 1472 Seneca
1818 1416 1987 1481 Epist.
2023 1419 2108 1468 41.
2140 1417 2157 1445 ‘
2181 1415 2343 1468 Sacer
2383 1416 2522 1467 intra

1458 1507 1553 1544 nos
1598 1494 1817 1557 spiritus
1857 1491 2028 1555 sedet,
2073 1494 2322 1543 malorum
2368 1494 2526 1544 bono·

1459 1585 1674 1637 rumque
1699 1578 1988 1621 nostrorum
2006 1570 2310 1620 observator
2331 1580 2385 1621 et
2405 1586 2523 1622 cus·

1457 1647 1573 1700 tos!
1638 1649 1746 1698 Pro
1768 1650 1885 1711 boc,
1907 1654 1924 1679 ‘
1941 1648 2311 1713 speculatoris'
2334 1662 2528 1699 nomen

1457 1726 1633 1788 posuit
1654 1725 1912 1776 Prudent.
1933 1725 1986 1774 in
2008 1725 2220 1788 Hymno
2236 1723 2523 1781 Matutino.

1457 1816 1535 1852 vs.
1565 1806 1677 1852 105.
1712 1809 1727 1833 ‘
1749 1802 2060 1866 speculator
2080 1800 2256 1851 adstat
2277 1800 2522 1864 desuper,

1457 1878 1564 1929 Qui
1602 1893 1697 1932 nos
1735 1879 1920 1930 diebus
1965 1878 2202 1929 omnibus
2253 1877 2521 1943 Actusque

1456 1959 1663 2004 nostros
1685 1953 1981 2019 prospicit.’
2039 1954 2056 1982 ‘
2077 1952 2376 2017 castigator
2395 1953 2410 1976 '
2430 1967 2522 2003 au·

1456 2036 1565 2080 tem
1592 2033 1808 2095 proprie
1840 2030 2054 2087 dicitur,
2087 2029 2178 2095 qni
2216 2028 2430 2081 coercet
2464 2035 2523 2082 et

1456 2105 1774 2171 moderatur,
1810 2115 1971 2173 atque
2005 2106 2204 2171 aliquid
2242 2106 2382 2158 intra
2419 2120 2522 2156 mo·

1457 2183 1580 2233 dnm
1615 2197 1762 2235 suum
1796 2192 1854 2235 et
1895 2184 2137 2234 decorem
2180 2182 2400 2247 redigit3
2433 2197 2523 2246 ge·

1455 2261 1676 2313 neratim
1723 2275 1867 2325 vero,
1910 2261 2000 2326 qni
2046 2261 2227 2326 quovis
2269 2260 2424 2312 modo
2469 2261 2522 2310 iu

1458 2348 1740 2401 peccantes
1764 2338 2157 2389 animadvertit.
2213 2337 2303 2387 Sic
2323 2337 2524 2389 Plinius

1457 2414 1648 2478 Major,
1673 2428 1840 2466 xvtu.
1871 2418 1952 2465 17.
1983 2414 2002 2445 ⁴
2024 2414 2257 2466 Luxuria
2284 2421 2524 2477 segetum

1456 2491 1747 2556 castigatur
1788 2491 1948 2543 dente
1990 2491 2195 2555 pecoris
2251 2481 2312 2540 in'
2360 2491 2524 2541 herba

1456 2566 1752 2619 duntaxat.'
1822 2568 1955 2619 vid·
1993 2569 2277 2619 Burmann.
2315 2568 2380 2617 ad
2417 2569 2522 2618 Pe-

1454 2650 1595 2694 tron.
1633 2659 1687 2708 p.
1721 2648 1837 2695 238.
1875 2645 2091 2695 Terent.
2118 2644 2317 2695 Heaut.
2349 2656 2436 2694 ιιι.
2470 2647 2522 2693 8.

1456 2723 1539 2772 31.
1563 2727 1840 2786 utrumque
1862 2720 2097 2779 verbum,
2122 2735 2153 2770 a
2175 2735 2279 2784 quo
2294 2720 2407 2771 haec
2430 2734 2524 2770 no·

1455 2798 1597 2850 mina
1618 2797 1971 2860 descendunt„
1998 2796 2272 2861 conjungit
2288 2812 2305 2843 a
2341 2803 2356 2826 ‘
2378 2797 2520 2849 Quid

1458 2875 1601 2925 illum
1626 2890 1781 2941 porro
1798 2874 1971 2925 credis
1986 2872 2269 2932 facturum,
2284 2874 2523 2937 Chreme,

1459 2951 1576 3002 Nisi
1602 2966 1739 3016 enm,
1761 2958 2013 3017 qnantum
2034 2950 2125 3001 tibi
2141 2951 2253 3014 opis
2269 2950 2355 3000 Dii
2376 2950 2526 3007 dant,

1458 3042 1649 3086 servas,
1674 3026 1736 3092 [ἰ.
1758 3042 1807 3079 e.
1829 3027 2121 3092 observas,]
2144 3026 2387 3090 castigas,
2416 3041 2524 3077 mo·

1459 3118 1552 3154 nes
1569 3104 1607 3154 2²
1667 3106 1936 3171 Ceterum,
1958 3118 2055 3168 pro
2078 3103 2322 3168 sequenti
2346 3103 2527 3159 verbo.

1456 3183 1677 3238 adsistet,
1701 3184 1843 3232 Ceva
1858 3183 1908 3232 in
1931 3181 2162 3232 editione
2176 3195 2271 3232 sua
2291 3180 2526 3232 exhibuit

1455 3262 1679 3319 adsidet,·
1713 3260 1807 3310 sed
1846 3259 2051 3322 dubito,
2089 3272 2157 3308 an
2192 3273 2260 3308 ex
2297 3257 2523 3322 quodam

1456 3338 1641 3388 codice
1659 3338 1764 3389 Ms.
1800 3337 1956 3387 Idem.

1528 3416 1804 3479 Cuicunqsoe
1823 3413 2008 3465 modica
2036 3411 2259 3477 pecunia]
2294 3410 2358 3460 Iu
2383 3410 2524 3461 codi-

1455 3504 1519 3541 ee
1555 3492 1659 3542 Ms.
1685 3492 1945 3541 Vaticano
1969 3493 2115 3540 1475.
2147 3489 2202 3536 in
2227 3487 2527 3548 Parisiensi,

1458 3567 1683 3631 Veneto,
1713 3566 2111 3630 Salisbnrgensi,
2143 3569 2201 3613 et
2239 3562 2371 3612 libro
2388 3563 2523 3612 Vos-

1457 3635 1604 3696 siano
1619 3663 1635 3707 3
1665 3645 1790 3694 item
1816 3645 1867 3692 in
1893 3641 2126 3708 plurimis
2142 3639 2284 3689 libris
2300 3638 2526 3695 excusis,

1458 3722 1601 3771 loeus
1623 3720 1707 3770 hic
1728 3719 1805 3770 sic
1824 3731 2100 3782 expressus
2114 3715 2324 3778 legitur,
2350 3713 2529 3776 Cujus·

1457 3811 1636 3861 cunque
1679 3795 1808 3846 modi
1842 3810 1900 3845 ea
1930 3792 2135 3858 pecunia
2167 3806 2230 3841 ex
2262 3791 2527 3841 hereditate

1457 3873 1662 3935 alicujus
1680 3870 1939 3921 obvenerit.
2008 3867 2272 3918 Livineius
2308 3872 2364 3916 et
2402 3866 2526 3929 Lip-

1458 3952 1562 4000 sius
1600 3951 1653 4000 iu
1692 3950 1997 4014 quibusdam
2036 3947 2183 3997 libris
2220 3952 2529 4010 repererant
2633 3992 2641 4000 ,

1455 4028 1767 4091 cujuscunque
1784 4026 1965 4075 modica
1982 4024 2218 4088 pecunia3
2249 4036 2403 4087 quarn
2425 4021 2528 4071 lec-

1459 4107 1653 4157 tionem
1689 4104 1843 4153 iidem
1877 4101 2104 4150 nondum
2138 4098 2346 4165 quidem
2383 4111 2528 4148 rece-

1460 4175 1810 4248 perunt,‘sed
1866 4178 2158 4242 probamut
2212 4182 2407 4232 tamen,
2450 4175 2530 4224 ita.

1460 4272 1603 4322 vero,
1625 4262 1758 4307 utet
1782 4268 1878 4319 pro
1909 4251 2249 4318 subsequenti
2270 4264 2398 4304 voce
2436 4249 2527 4300 sli-
