3017 4942
725 440 794 487 o.
840 436 1085 488 runnu
1132 435 1474 488 saeuum
1526 437 1808 488 muno.
1870 437 1934 489 .1.
1967 419 2079 487 51.

299 581 392 635 bro
419 581 692 639 Vossiauo,
715 597 808 649 pro
829 587 1363 642 tantum,·annotatum

299 666 376 713 est
393 664 585 717 turrem·
618 673 735 724 quae
754 659 980 709 variatio
1001 674 1101 709 non
1122 658 1188 709 de
1204 659 1363 713 nihilo

298 750 408 787 esse
428 735 655 786 videtur.
690 734 938 785 Scissum.

358 812 647 863 Inmensum
668 813 797 861 latus
831 811 975 876 circi]
1010 811 1167 864 Quod
1204 811 1360 862 deus·

295 893 406 936 tum
431 901 464 937 e
502 887 823 937 naumachias
845 888 1163 937 Domitiana
1185 888 1360 951 lapide

295 962 641 1015 instauratum
663 964 946 1015 Suetonius
970 963 1138 1016 refert
1157 964 1361 1017 Domit.

296 1052 343 1088 c.
362 1044 414 1089 5.
450 1040 618 1091 Livia.
1211 1090 1220 1097 .

358 1117 676 1183 Immensum]
738 1119 876 1170 Sane
930 1120 1256 1178 immensum,
1303 1125 1363 1175 et

294 1193 661 1258 ‘longitudine
715 1196 1001 1247 stadiorum
1056 1197 1249 1262 trium,'
1303 1203 1364 1249 ut

295 1270 505 1345 minius
547 1285 748 1323 xxxvi.
786 1277 871 1323 16.
908 1273 1115 1339 scribit,
1144 1281 1161 1304 ⁴
1183 1275 1362 1325 latitu-

293 1346 416 1398 dine
441 1349 629 1401 unius.’
661 1350 808 1415 Lips.
1355 1394 1362 1401 .

358 1426 652 1476 Immensum
715 1430 842 1478 latus
900 1428 1044 1493 circi]
1105 1429 1365 1495 Intelligit

292 1501 611 1553 {maximum
630 1503 773 1554 illum
798 1505 1033 1562 circum,'
1055 1507 1228 1572 quiex
1254 1509 1365 1557 Do·

292 1579 500 1629 mitiani
522 1582 846 1633 naumacbiae
863 1582 1039 1645 lapide
1062 1590 1366 1635 exstructus

292 1668 325 1704 a
344 1654 595 1718 Trajano.
617 1654 765 1706 Suet.
789 1658 992 1707 Domit.
1023 1672 1072 1707 c.
1101 1664 1150 1708 ὃ.
1188 1660 1289 1710 Dio
1312 1659 1366 1708 iu

291 1730 544 1795 Trajano·
587 1729 779 1796 Aliqua
803 1741 976 1783 tamen
1001 1734 1136 1785 illins
1159 1749 1368 1784 nauma-

292 1807 428 1859 cbiae
465 1807 683 1872 vestigia
719 1816 903 1860 extare
940 1812 1224 1861 creduntur
1248 1819 1369 1875 post

290 1884 557 1949 sylvestri
610 1883 808 1944 fanum,
878 1888 1021 1938 inter
1065 1890 1369 1940 Flaminiam

294 1963 460 2024 viam,
505 1967 561 2011 et
607 1961 911 2014 Pincianum
954 1967 1143 2017 collem
1180 1967 1369 2017 vinetis

292 2047 575 2104 cooperta.
640 2041 722 2092 M.
740 2042 867 2094 Ant.
885 2044 1076 2096 Sabell.
1094 2045 1149 2096 in
1171 2045 1371 2100 Domit-

294 2117 463 2168 Bern.

360 2195 527 2245 Lotus
557 2196 701 2260 circi]
737 2198 824 2249 De
858 2198 1046 2250 eodem
1084 2197 1237 2250 Circo
1260 2200 1370 2251 Dio

293 2271 450 2323 Cass.
473 2273 566 2322 lib.
585 2287 790 2325 vaur.
815 2282 837 2339 β
856 2276 1143 2343 Postquam
1172 2278 1370 2328 circum

294 2349 585 2414 collapsum
605 2352 854 2416 restituit,
871 2355 1226 2418 majoremque
1253 2354 1370 2405 red·

295 2425 459 2489 didit,
472 2433 631 2492 atque
646 2428 1019 2493 pulchriorem,
1034 2429 1305 2494 inscripsit
1320 2431 1372 2480 iu

278 2519 385 2567 vco,
410 2504 699 2570 perfecisse
722 2522 797 2564 se,
824 2515 883 2557 ut
908 2510 1116 2577 populo*
1132 2510 1371 2560 Romano

295 2579 607 2632 sufficeret.’
671 2583 879 2633 Circum
916 2599 1041 2635 vero
1077 2587 1310 2637 restituit
1341 2600 1372 2637 e

291 2658 477 2723 lapide
499 2659 839 2718 naumachiae,
864 2676 1017 2729 quam
1035 2663 1370 2715 Domitianus

294 2742 629 2793 extruxerat,
653 2736 905 2788 innuente
936 2739 1152 2789 Sueton.
1177 2740 1370 2791 Domit.

295 2825 419 2875 cap.
443 2816 495 2861 6.
542 2812 683 2863 Circi
706 2812 858 2876 liujus
884 2815 1130 2864 memoria
1150 2817 1371 2869 nummis

295 2888 464 2938 etiam
487 2887 647 2938 edita.
714 2888 845 2940 Post
871 2891 1008 2943 hunc
1033 2892 1250 2942 aliorum
1274 2893 1374 2943 eti·

297 2982 385 3027 am
428 2982 461 3017 a
495 2967 720 3031 Trajano
764 2975 1122 3026 extructorum
1159 2985 1372 3034 operum

293 3058 540 3096 nummos
568 3044 871 3105 exhibemus
902 3063 918 3107 3
966 3047 1375 3097 nimirumPor-

298 3128 416 3172 tum
439 3119 847 3180 Anconitanum,
864 3121 1011 3185 cujus
1033 3136 1240 3172 nummo
1263 3122 1374 3187 qui·

301 3197 427 3247 dam
443 3211 512 3247 ex
530 3197 832 3261 antiquariis
852 3197 973 3246 olim
995 3198 1222 3247 Danubii
1247 3213 1374 3261 pon-

296 3280 412 3324 tem
430 3274 794 3336 repraesentari
811 3273 1147 3325 crediderunt
1160 3283 1201 3324 :⁴
1219 3275 1376 3325 Tem-

300 3351 397 3414 pla
446 3347 692 3413 gemina,’
749 3350 764 3378 ⁸
784 3349 989 3414 Aquam
1009 3347 1025 3370 ’
1081 3358 1140 3400 et
1191 3351 1206 3378 ‘
1226 3352 1376 3400 Viam

300 3424 621 3491 Trajanam,’
638 3432 796 3491 atque
810 3426 1137 3476 ‘Columnam
1154 3425 1189 3490 ς’
1201 3442 1377 3491 quam·

302 3503 384 3553 vis
443 3501 602 3552 iidem
656 3503 853 3552 nummi
897 3504 1130 3567 percussi
1183 3502 1377 3554 fuerint

305 3585 431 3645 post
452 3578 668 3629 tertium
685 3579 903 3643 Trajani
918 3581 1266 3642 consulatum,
1281 3581 1378 3632 boc

305 3665 410 3716 est,
434 3666 559 3724 post
580 3659 714 3710 hanc
731 3659 1020 3710 orationem
1035 3660 1251 3711 dictam.
1278 3660 1378 3710 Pa·

308 3737 454 3785 tarot.

376 3811 791 3869 Pulchritudiaem
806 3814 1057 3878 paroeat]
1092 3814 1215 3864 Duo
1238 3813 1379 3864 codi-

308 3903 400 3940 ces
420 3889 663 3939 Vaticani
690 3904 785 3953 pro
809 3904 937 3941 voce
954 3892 1380 3955 pulchritudinem,

308 3964 510 4015 habent
540 3965 954 4027 magnitudinem3
990 3968 1075 4018 cui
1108 3969 1381 4017 variationi

311 4039 540 4106 praefero
576 4041 857 4091 lectionem
894 4043 1175 4106 vulgatam.
1257 4045 1381 4094 Pro·

314 4123 470 4182 vocnt,
492 4119 643 4182 quasi
680 4118 745 4167 ad
781 4126 1049 4169 certamen
1085 4128 1255 4183 vocat,
1288 4122 1379 4180 ita,

315 4200 371 4243 ut
396 4196 588 4244 vincat.
653 4194 905 4246 Quinctil.
941 4196 1117 4247 Instit.
1149 4197 1299 4248 Orat.
1322 4211 1380 4248 κ.

318 4274 363 4320 1.
397 4273 612 4335 ‘Elegia
638 4272 856 4322 Graecos
883 4289 1091 4338 quoque
1130 4289 1380 4339 provoca·

319 4349 484 4413 mus3'
539 4349 748 4402 scilicet
788 4353 938 4417 quasi
971 4353 1105 4403 certi
1150 4350 1284 4419 fore,
1323 4359 1383 4404 ut

2348 418 2495 488 ‘⁴761

1438 581 1722 633 vincamus.
1784 581 1928 633 Plin.
1948 582 2119 647 Epist.
2143 593 2211 632 n.
2231 584 2282 632 7.
2298 583 2500 647 ‘Tanta

1434 657 1483 707 ei
1507 658 1781 719 sauctitas,
1802 689 1820 706 .
1840 687 1856 707 .
1876 692 1890 708 .
1926 666 1986 708 ut
2009 663 2190 722 posset
2212 671 2363 708 senes
2381 658 2500 708 illos

1437 748 1724 799 provocare
1748 735 1965 791 virtute,
1996 733 2182 799 quibus
2227 748 2366 785 nunc
2404 734 2499 786 ho-

1435 827 1561 862 nore
1587 815 1889 876 adaequatus
1904 810 2027 863 est.’
2059 811 2304 862 Schts-urz.

1447 936 1452 943 .
1499 890 1877 955 Spectabuntur]
1934 888 2213 940 Circenses
2255 889 2366 939 sive
2409 903 2505 951 cu.»

1434 966 1576 1015 rules
1599 966 1706 1015 ludi
1729 966 2011 1029 imprimis3
2043 964 2135 1014 sed
2159 965 2317 1015 etiam
2337 964 2502 1028 gladi-

1435 1050 1625 1099 atores,
1647 1043 1972 1099 venationes,
1989 1049 2042 1090 et
2061 1056 2212 1091 omne
2234 1056 2396 1106 genus
2418 1055 2501 1091 so-

1434 1118 1511 1169 let
1533 1118 1736 1169 interim
1755 1118 1841 1168 hic
1864 1117 1997 1167 dari.
2029 1117 2166 1182 Lips.
2492 1158 2501 1173 ,

1502 1193 1764 1258 AEquutus]
1789 1193 1932 1244 Imus
1954 1194 2121 1255 locus,
2145 1208 2242 1256 pro
2262 1192 2503 1258 digniore

1438 1267 1668 1335 babitus,
1691 1272 2017 1324 senatoribus
2039 1271 2154 1322 dari
2176 1271 2401 1334 solebat,
2422 1271 2501 1321 di-

1438 1351 1758 1414 cebaturque
1791 1347 2066 1413 ‘podiumss
2130 1348 2306 1400 Quare
2339 1349 2502 1409 δοκι,

1439 1430 1542 1480 nal.
1564 1429 1676 1478 Sat.
1701 1441 1764 1489 rr.
1798 1430 1911 1477 145.
1934 1441 2076 1491 seqq.
2108 1433 2123 1457 ⁸
2144 1426 2212 1475 Et
2249 1425 2505 1490 Capitoli-

1440 1507 1520 1556 nis
1544 1504 1845 1569 generosior
1861 1511 1915 1553 et
1939 1502 2228 1564 Marcellis,
2250 1502 2320 1552 Et
2343 1503 2503 1569 Catu7

1439 1584 1522 1646 lis,
1542 1581 1817 1647 Paullique
1833 1580 2211 1645 minoribus2et
2232 1578 2423 1642 Fabiis,
2446 1584 2505 1630 et

1443 1660 1701 1713 Omnibus
1738 1659 1806 1709 ad
1846 1659 2058 1724 podium
2102 1654 2504 1721 spectantibus.}

1443 1738 1679 1803 Reliquis
1710 1737 1871 1800 juxta
1917 1734 2236 1799 singulorum
2283 1731 2504 1797 gradum

1442 1817 1585 1866 locus
1608 1815 1661 1864 in
1685 1813 1888 1864 theatro
1907 1811 2155 1861 dabatur.
2217 1809 2356 1859 Vide
2374 1810 2505 1861 Sue-

1443 1898 1555 1941 ton.
1592 1890 1730 1955 Aug.
1768 1905 1816 1941 e.
1834 1891 1934 1953 ⁴44.
1962 1889 1978 1916 ‘
1994 1886 2277 1953 Spectandi
2324 1886 2505 1936 confu-

1444 1967 1696 2017 sissimum
1730 1973 1890 2031 atque
1913 1964 2278 2016 solutissimum
2309 1976 2507 2027 morem

1444 2044 1697 2108 correxit,
1719 2040 2124 2108 ordinavitque,’
2141 2044 2240 2091 διο.
2283 2041 2348 2090 In
2365 2041 2506 2091 circo

1359 2162 1368 2181 ,
1445 2120 1596 2171 sedes
1628 2126 1916 2184 separatas,
1935 2132 2107 2185 neque
2137 2124 2347 2172 senatus
2383 2124 2508 2177 ante

1446 2197 1746 2261 Claudium,
1766 2210 1941 2262 neque
1959 2197 2161 2261 equites
2183 2203 2304 2245 ante
2337 2194 2505 2257 Neroq

1446 2288 1587 2330 nem,
1623 2273 1936 2324 babuerunt.
2005 2271 2243 2336 Interim,
2284 2270 2421 2321 sieut
2455 2271 2508 2320 in

1448 2351 1654 2411 theatro
1679 2348 2075 2399 honestissimus
2111 2348 2256 2399 locus
2287 2353 2404 2398 erat
2438 2345 2508 2397 ad

1446 2427 1687 2492 podium;
1720 2427 1794 2477 sic
1818 2426 1870 2474 in
1893 2426 2035 2476 circo
2056 2426 2119 2475 ad
2141 2423 2395 2489 euripum,
2419 2425 2508 2488 qui

1444 2503 1674 2555 medium
1700 2502 1923 2553 stadium
1943 2501 2207 2567 cingebat.
2248 2501 2387 2551 Vide
2410 2502 2509 2552 Ca·

1445 2584 1733 2634 saubouurn
1758 2583 1822 2633 ad
1846 2584 2064 2633 Suetou.
2088 2581 2128 2630 l.
2145 2596 2192 2632 c.
2224 2581 2444 2632 Pctus-ol.
2496 2630 2503 2637 ᾳ

1512 2660 1762 2723 Spectanti
1801 2659 1987 2708 Coesari
2014 2658 2292 2721 suggestus]
2331 2657 2511 2721 Vulgo

1447 2735 1499 2785 in
1541 2736 1776 2786 omnibus
1808 2733 2019 2798 scriptis
2054 2733 2425 2799 impressisque
2450 2733 2511 2782 li-

1448 2811 1557 2862 bris
1587 2813 1806 2875 legimus
1835 2809 2078 2875 metandi
2100 2809 2322 2859 Coesaris.
2365 2808 2512 2863 Jam-

1448 2888 1642 2951 dudum
1666 2886 1884 2937 mirifice
1915 2886 2068 2950 gestii
2092 2887 2265 2949 legere
2295 2891 2510 2950 spectas?

1449 2965 1493 3014 ti
1519 2964 1735 3023 Coesari3
1769 2962 1907 3028 quod
1948 2963 2106 3013 etiam
2141 2962 2512 3027 Cbristoplrorq

1449 3040 1642 3090 Bebrio
1676 3040 1821 3090 venit
1863 3040 1918 3103 in
1962 3047 2224 3101 mentem;
2274 3040 2400 3090 item
2457 3046 2514 3103 et
2608 3052 2611 3057 ·

1450 3129 1620 3182 nuper
1655 3117 1913 3174 Gesnero‚
1959 3117 2047 3182 qui
2089 3125 2261 3167 tamen
2301 3116 2511 3182 utrique

1449 3194 1503 3244 in
1542 3197 1652 3259 ipso
1674 3201 1932 3245 contextu
1952 3195 2218 3245 retinuere
2252 3196 2513 3258 vulgatam

1449 3273 1754 3335 lectionem;
1789 3288 1942 3337 quam
1968 3271 2240 3324 Gesnerus
2257 3275 2329 3324 ita
2348 3275 2516 3340 expli-

1452 3357 1572 3399 cat:
1609 3352 1625 3378 ‘
1642 3350 1949 3414 Suggestus,
1971 3350 2021 3399 in
2046 3364 2149 3414 quo
2173 3350 2348 3400 Caesar
2363 3365 2515 3414 specq

1452 3424 1641 3475 taudus
1675 3435 2076 3489 proponeretur.
2154 3428 2288 3478 Erat
2327 3441 2517 3493 nempe

1450 3502 1618 3567 locus,
1660 3502 1886 3553 cubiculi
1931 3503 2097 3553 instar
2141 3505 2369 3568 clausus,
2399 3506 2517 3557 loco

1452 3587 1769 3630 senatorum.
1836 3579 1972 3629 Vide
2009 3579 2239 3643 Lipsium
2282 3581 2347 3630 de
2391 3580 2517 3641 Am7

1453 3658 1770 3725 phitheatro,
1807 3672 1852 3709 c.
1877 3661 1956 3708 11.
1989 3672 2054 3707 ex
2092 3657 2339 3719 ,Suetonio
2377 3658 2516 3711 Caes.

1454 3751 1503 3786 c.
1525 3740 1607 3786 76.
1629 3744 1686 3786 et
1710 3737 1842 3786 Ner.
1877 3749 1923 3784 c.
1948 3738 2028 3783 12.
2092 3733 2197 3784 Hic
2218 3743 2518 3798 suggestus,

1453 3812 1554 3862 hoc
1587 3811 1901 3873 cubiculum,
1935 3809 2301 3871 intercipiebat
2343 3811 2516 3873 proxi·

1454 3888 1552 3939 mis
1593 3888 1662 3937 ab
1700 3896 1921 3952 utraque
1965 3887 2352 3952 spectatoribus
2397 3901 2523 3952 pro*

1454 3974 1716 4027 spectum,
1735 3978 1801 4013 ne
1819 3978 1875 4015 se
1900 3964 2119 4023 invicem
2136 3964 2375 4017 contueri
2399 3979 2515 4028 pos-

1454 4046 1589 4092 sent.
1640 4040 1897 4090 Putabam
1923 4038 2198 4105 aliquando
2220 4041 2530 4160 legendum,-

1453 4121 1686 4186 spectanti
1713 4119 1929 4170 (Ἰωκή)
2005 4119 2276 4170 Hactenus
2314 4119 2492 4173 Gesne

1454 4213 1566 4248 rus.
1630 4199 1684 4247 Si
1709 4212 1853 4259 vero,
1877 4196 2015 4262 quod
2049 4196 2185 4261 idem
2225 4197 2320 4257 ait,
2356 4199 2519 4261 quod}-

1457 4292 1560 4342 que
1599 4278 1712 4340 ipse
1749 4289 1861 4339 ego·
1892 4275 2077 4339 sentio,
2125 4280 2382 4339 suggestus
2421 4276 2519 4325 boe

1456 4353 1571 4407 loco
1594 4352 1789 4405 dicitur
1812 4366 1909 4419 pro
1931 4354 1947 4383 ‘
1964 4351 2209 4406 cubiculo
2232 4348 2519 4416 principis}
