<?xml version="1.0" encoding="UTF-8"?>
<!DOCTYPE html PUBLIC "-//W3C//DTD XHTML 1.0 Transitional//EN"
    "http://www.w3.org/TR/xhtml1/DTD/xhtml1-transitional.dtd">
<html xmlns="http://www.w3.org/1999/xhtml" xml:lang="en" lang="en">
 <head>
  <title>
</title>
<meta http-equiv="Content-Type" content="text/html;charset=utf-8" />
  <meta name='ocr-system' content='tesseract 3.04.00' />
  <meta name='ocr-capabilities' content='ocr_page ocr_carea ocr_par ocr_line ocrx_word'/>
</head>
<body>
  <div class='ocr_page' id='page_1' title='image "./panegyriciveter01unkngoog_0117.png"; bbox 0 0 3017 4942; ppageno 0'>
   <div class='ocr_carea' id='block_1_1' title="bbox 727 394 2070 464">
    <p class='ocr_par' dir='ltr' id='par_1_1' title="bbox 727 394 2070 464">
     <span class='ocr_line' id='line_1_1' title="bbox 727 394 2070 464; baseline 0.003 -6"><span class='ocrx_word' id='word_1_1' title='bbox 727 408 809 458; x_wconf 83' lang='lat' dir='ltr'><strong>c.-</strong></span> <span class='ocrx_word' id='word_1_2' title='bbox 841 409 1084 459; x_wconf 64' lang='lat' dir='ltr'><strong>smmi</strong></span> <span class='ocrx_word' id='word_1_3' title='bbox 1133 407 1475 460; x_wconf 65' lang='lat' dir='ltr'><strong>saeuum</strong></span> <span class='ocrx_word' id='word_1_4' title='bbox 1524 408 1805 464; x_wconf 66' lang='lat' dir='ltr'><strong>nnnc.</strong></span> <span class='ocrx_word' id='word_1_5' title='bbox 1840 421 1846 426; x_wconf 92' lang='lat'><strong>·</strong></span> <span class='ocrx_word' id='word_1_6' title='bbox 1878 411 1931 460; x_wconf 87' lang='lat'><strong>1.</strong></span> <span class='ocrx_word' id='word_1_7' title='bbox 1960 394 2070 462; x_wconf 81' lang='lat'><strong>24.</strong></span> 
     </span>
    </p>
   </div>
   <div class='ocr_carea' id='block_1_2' title="bbox 287 551 1382 4319">
    <p class='ocr_par' dir='ltr' id='par_1_2' title="bbox 287 551 1378 3383">
     <span class='ocr_line' id='line_1_2' title="bbox 366 551 1369 618; baseline 0.004 -15"><span class='ocrx_word' id='word_1_8' title='bbox 366 551 644 616; x_wconf 65' lang='lat' dir='ltr'><strong>Meu-tque</strong></span> <span class='ocrx_word' id='word_1_9' title='bbox 674 555 833 608; x_wconf 70' lang='lat' dir='ltr'><strong>omnia</strong></span> <span class='ocrx_word' id='word_1_10' title='bbox 862 553 974 618; x_wconf 72' lang='lat' dir='ltr'><strong>illa]</strong></span> <span class='ocrx_word' id='word_1_11' title='bbox 1006 553 1146 608; x_wconf 84' lang='lat' dir='ltr'><strong>Quid</strong></span> <span class='ocrx_word' id='word_1_12' title='bbox 1180 554 1235 606; x_wconf 86' lang='lat' dir='ltr'><strong>in</strong></span> <span class='ocrx_word' id='word_1_13' title='bbox 1269 553 1369 607; x_wconf 86' lang='lat' dir='ltr'><strong>boc</strong></span> 
     </span>
     <span class='ocr_line' id='line_1_3' title="bbox 302 623 1368 696; baseline -0.004 -10"><span class='ocrx_word' id='word_1_14' title='bbox 302 631 418 686; x_wconf 67' lang='lat' dir='ltr'><strong>loco</strong></span> <span class='ocrx_word' id='word_1_15' title='bbox 447 631 765 695; x_wconf 78' lang='lat' dir='ltr'><strong>explicando</strong></span> <span class='ocrx_word' id='word_1_16' title='bbox 792 623 848 682; x_wconf 83' lang='lat' dir='ltr'><strong>et</strong></span> <span class='ocrx_word' id='word_1_17' title='bbox 875 632 1206 696; x_wconf 77' lang='lat' dir='ltr'><strong>corrigendo,</strong></span> <span class='ocrx_word' id='word_1_18' title='bbox 1228 630 1368 682; x_wconf 79' lang='lat' dir='ltr'><strong>Livi-</strong></span> 
     </span>
     <span class='ocr_line' id='line_1_4' title="bbox 309 707 1368 774; baseline 0.003 -18"><span class='ocrx_word' id='word_1_19' title='bbox 309 707 467 771; x_wconf 83' lang='lat' dir='ltr'><strong>neius,</strong></span> <span class='ocrx_word' id='word_1_20' title='bbox 500 707 626 771; x_wconf 88' lang='lat' dir='ltr'><strong>quid</strong></span> <span class='ocrx_word' id='word_1_21' title='bbox 667 707 889 771; x_wconf 86' lang='lat' dir='ltr'><strong>Lipsius,</strong></span> <span class='ocrx_word' id='word_1_22' title='bbox 925 707 1054 774; x_wconf 80' lang='lat' dir='ltr'><strong>quid</strong></span> <span class='ocrx_word' id='word_1_23' title='bbox 1089 708 1368 773; x_wconf 85' lang='lat' dir='ltr'><strong>Gruterus,</strong></span> 
     </span>
     <span class='ocr_line' id='line_1_5' title="bbox 304 784 1368 849; baseline 0.001 -15"><span class='ocrx_word' id='word_1_24' title='bbox 304 784 427 849; x_wconf 88' lang='lat' dir='ltr'><strong>quid</strong></span> <span class='ocrx_word' id='word_1_25' title='bbox 463 784 729 834; x_wconf 86' lang='lat' dir='ltr'><strong>recentius</strong></span> <span class='ocrx_word' id='word_1_26' title='bbox 766 784 1052 835; x_wconf 85' lang='lat' dir='ltr'><strong>-Gesnerus</strong></span> <span class='ocrx_word' id='word_1_27' title='bbox 1092 786 1368 848; x_wconf 82' lang='lat' dir='ltr'><strong>tentarint,</strong></span> 
     </span>
     <span class='ocr_line' id='line_1_6' title="bbox 306 860 1367 914; baseline 0 -2"><span class='ocrx_word' id='word_1_28' title='bbox 306 875 368 912; x_wconf 85' lang='lat' dir='ltr'><strong>ex</strong></span> <span class='ocrx_word' id='word_1_29' title='bbox 396 875 578 911; x_wconf 90' lang='lat' dir='ltr'><strong>eorum</strong></span> <span class='ocrx_word' id='word_1_30' title='bbox 604 861 740 914; x_wconf 91' lang='lat' dir='ltr'><strong>uotis</strong></span> <span class='ocrx_word' id='word_1_31' title='bbox 763 866 820 912; x_wconf 86' lang='lat' dir='ltr'><strong>et</strong></span> <span class='ocrx_word' id='word_1_32' title='bbox 844 860 1367 913; x_wconf 69' lang='lat' dir='ltr'><strong>commentationibus</strong></span> 
     </span>
     <span class='ocr_line' id='line_1_7' title="bbox 303 938 1369 1003; baseline 0.001 -14"><span class='ocrx_word' id='word_1_33' title='bbox 303 939 600 1003; x_wconf 83' lang='lat' dir='ltr'><strong>intelligere</strong></span> <span class='ocrx_word' id='word_1_34' title='bbox 634 938 778 989; x_wconf 89' lang='lat' dir='ltr'><strong>licet.</strong></span> <span class='ocrx_word' id='word_1_35' title='bbox 843 939 957 1003; x_wconf 77' lang='lat' dir='ltr'><strong>Ego</strong></span> <span class='ocrx_word' id='word_1_36' title='bbox 988 938 1163 1003; x_wconf 79' lang='lat' dir='ltr'><strong>velim,</strong></span> <span class='ocrx_word' id='word_1_37' title='bbox 1185 945 1243 990; x_wconf 87' lang='lat' dir='ltr'><strong>ut</strong></span> <span class='ocrx_word' id='word_1_38' title='bbox 1276 953 1369 1003; x_wconf 88' lang='lat' dir='ltr'><strong>po·</strong></span> 
     </span>
     <span class='ocr_line' id='line_1_8' title="bbox 304 1015 1368 1080; baseline 0.003 -16"><span class='ocrx_word' id='word_1_39' title='bbox 304 1015 558 1067; x_wconf 75' lang='lat' dir='ltr'><strong>tissimum</strong></span> <span class='ocrx_word' id='word_1_40' title='bbox 601 1015 1047 1068; x_wconf 73' lang='lat' dir='ltr'><strong>animadvertatur</strong></span> <span class='ocrx_word' id='word_1_41' title='bbox 1085 1029 1368 1080; x_wconf 84' lang='lat' dir='ltr'><strong>pronomen</strong></span> 
     </span>
     <span class='ocr_line' id='line_1_9' title="bbox 301 1090 1369 1155; baseline 0.003 -15"><span class='ocrx_word' id='word_1_42' title='bbox 301 1092 401 1149; x_wconf 74' lang='lat' dir='ltr'><strong>illa,</strong></span> <span class='ocrx_word' id='word_1_43' title='bbox 422 1090 563 1155; x_wconf 90' lang='lat' dir='ltr'><strong>quod</strong></span> <span class='ocrx_word' id='word_1_44' title='bbox 589 1091 643 1141; x_wconf 88' lang='lat' dir='ltr'><strong>in</strong></span> <span class='ocrx_word' id='word_1_45' title='bbox 665 1092 819 1142; x_wconf 88' lang='lat' dir='ltr'><strong>unica</strong></span> <span class='ocrx_word' id='word_1_46' title='bbox 841 1092 998 1142; x_wconf 81' lang='lat' dir='ltr'><strong>Cevae</strong></span> <span class='ocrx_word' id='word_1_47' title='bbox 1024 1093 1255 1143; x_wconf 76' lang='lat' dir='ltr'><strong>editione</strong></span> <span class='ocrx_word' id='word_1_48' title='bbox 1278 1093 1369 1143; x_wconf 90' lang='lat' dir='ltr'><strong>de·</strong></span> 
     </span>
     <span class='ocr_line' id='line_1_10' title="bbox 303 1168 1370 1233; baseline 0.001 -15"><span class='ocrx_word' id='word_1_49' title='bbox 303 1168 582 1225; x_wconf 84' lang='lat' dir='ltr'><strong>sideratur,</strong></span> <span class='ocrx_word' id='word_1_50' title='bbox 606 1175 664 1218; x_wconf 84' lang='lat' dir='ltr'><strong>et</strong></span> <span class='ocrx_word' id='word_1_51' title='bbox 693 1168 746 1218; x_wconf 88' lang='lat' dir='ltr'><strong>in</strong></span> <span class='ocrx_word' id='word_1_52' title='bbox 778 1169 893 1219; x_wconf 89' lang='lat' dir='ltr'><strong>cod.</strong></span> <span class='ocrx_word' id='word_1_53' title='bbox 925 1169 1117 1222; x_wconf 86' lang='lat' dir='ltr'><strong>Salisb.</strong></span> <span class='ocrx_word' id='word_1_54' title='bbox 1147 1169 1370 1233; x_wconf 90' lang='lat' dir='ltr'><strong>primum</strong></span> 
     </span>
     <span class='ocr_line' id='line_1_11' title="bbox 297 1244 1370 1310; baseline 0.003 -16"><span class='ocrx_word' id='word_1_55' title='bbox 297 1244 507 1310; x_wconf 84' lang='lat' dir='ltr'><strong>quidem</strong></span> <span class='ocrx_word' id='word_1_56' title='bbox 543 1246 807 1310; x_wconf 89' lang='lat' dir='ltr'><strong>omissum,</strong></span> <span class='ocrx_word' id='word_1_57' title='bbox 829 1245 1020 1296; x_wconf 90' lang='lat' dir='ltr'><strong>deiude</strong></span> <span class='ocrx_word' id='word_1_58' title='bbox 1055 1260 1180 1297; x_wconf 84' lang='lat' dir='ltr'><strong>vero</strong></span> <span class='ocrx_word' id='word_1_59' title='bbox 1199 1246 1278 1309; x_wconf 21' lang='lat' dir='ltr'><strong>‘ab</strong></span> <span class='ocrx_word' id='word_1_60' title='bbox 1300 1261 1370 1297; x_wconf 74' lang='lat' dir='ltr'><strong>re·</strong></span> 
     </span>
     <span class='ocr_line' id='line_1_12' title="bbox 302 1322 1371 1388; baseline 0.001 -17"><span class='ocrx_word' id='word_1_61' title='bbox 302 1336 399 1387; x_wconf 87' lang='lat' dir='ltr'><strong>que</strong></span> <span class='ocrx_word' id='word_1_62' title='bbox 413 1322 635 1388; x_wconf 88' lang='lat' dir='ltr'><strong>antiqua</strong></span> <span class='ocrx_word' id='word_1_63' title='bbox 647 1336 803 1372; x_wconf 89' lang='lat' dir='ltr'><strong>manu</strong></span> <span class='ocrx_word' id='word_1_64' title='bbox 820 1337 978 1387; x_wconf 86' lang='lat' dir='ltr'><strong>supra</strong></span> <span class='ocrx_word' id='word_1_65' title='bbox 994 1322 1244 1387; x_wconf 90' lang='lat' dir='ltr'><strong>scriptum</strong></span> <span class='ocrx_word' id='word_1_66' title='bbox 1261 1328 1371 1385; x_wconf 82' lang='lat' dir='ltr'><strong>est;</strong></span> 
     </span>
     <span class='ocr_line' id='line_1_13' title="bbox 296 1400 1370 1464; baseline -0.001 -14"><span class='ocrx_word' id='word_1_67' title='bbox 296 1406 352 1450; x_wconf 72' lang='lat' dir='ltr'><strong>at</strong></span> <span class='ocrx_word' id='word_1_68' title='bbox 367 1400 418 1450; x_wconf 90' lang='lat' dir='ltr'><strong>in</strong></span> <span class='ocrx_word' id='word_1_69' title='bbox 437 1402 637 1451; x_wconf 89' lang='lat' dir='ltr'><strong>ceteris</strong></span> <span class='ocrx_word' id='word_1_70' title='bbox 653 1400 891 1451; x_wconf 82' lang='lat' dir='ltr'><strong>omnibus</strong></span> <span class='ocrx_word' id='word_1_71' title='bbox 909 1400 1050 1451; x_wconf 82' lang='lat' dir='ltr'><strong>libris</strong></span> <span class='ocrx_word' id='word_1_72' title='bbox 1065 1413 1370 1464; x_wconf 87' lang='lat' dir='ltr'><strong>expressum</strong></span> 
     </span>
     <span class='ocr_line' id='line_1_14' title="bbox 294 1478 1371 1544; baseline -0.001 -15"><span class='ocrx_word' id='word_1_73' title='bbox 294 1478 507 1544; x_wconf 80' lang='lat' dir='ltr'><strong>legitur.</strong></span> <span class='ocrx_word' id='word_1_74' title='bbox 566 1479 689 1530; x_wconf 90' lang='lat' dir='ltr'><strong>Hoc</strong></span> <span class='ocrx_word' id='word_1_75' title='bbox 714 1479 881 1543; x_wconf 87' lang='lat' dir='ltr'><strong>ipsum</strong></span> <span class='ocrx_word' id='word_1_76' title='bbox 902 1493 1187 1543; x_wconf 79' lang='lat' dir='ltr'><strong>pronomen</strong></span> <span class='ocrx_word' id='word_1_77' title='bbox 1207 1478 1371 1530; x_wconf 88' lang='lat' dir='ltr'><strong>omni-</strong></span> 
     </span>
     <span class='ocr_line' id='line_1_15' title="bbox 296 1554 1373 1621; baseline -0.001 -16"><span class='ocrx_word' id='word_1_78' title='bbox 296 1569 363 1605; x_wconf 81' lang='lat' dir='ltr'><strong>no</strong></span> <span class='ocrx_word' id='word_1_79' title='bbox 400 1555 628 1620; x_wconf 78' lang='lat' dir='ltr'><strong>respicit</strong></span> <span class='ocrx_word' id='word_1_80' title='bbox 662 1554 1055 1621; x_wconf 68' lang='lat' dir='ltr'><strong>antecedentia,</strong></span> <span class='ocrx_word' id='word_1_81' title='bbox 1083 1555 1153 1606; x_wconf 85' lang='lat' dir='ltr'><strong>de</strong></span> <span class='ocrx_word' id='word_1_82' title='bbox 1184 1554 1373 1621; x_wconf 88' lang='lat' dir='ltr'><strong>quibus</strong></span> 
     </span>
     <span class='ocr_line' id='line_1_16' title="bbox 292 1631 1372 1697; baseline 0.003 -16"><span class='ocrx_word' id='word_1_83' title='bbox 292 1631 397 1695; x_wconf 77' lang='lat' dir='ltr'><strong>jam</strong></span> <span class='ocrx_word' id='word_1_84' title='bbox 432 1634 647 1683; x_wconf 84' lang='lat' dir='ltr'><strong>locutus</strong></span> <span class='ocrx_word' id='word_1_85' title='bbox 680 1638 764 1682; x_wconf 86' lang='lat' dir='ltr'><strong>est</strong></span> <span class='ocrx_word' id='word_1_86' title='bbox 799 1632 1037 1694; x_wconf 88' lang='lat' dir='ltr'><strong>Plinius;</strong></span> <span class='ocrx_word' id='word_1_87' title='bbox 1079 1646 1269 1697; x_wconf 82' lang='lat' dir='ltr'><strong>nempe</strong></span> <span class='ocrx_word' id='word_1_88' title='bbox 1304 1632 1372 1684; x_wconf 86' lang='lat' dir='ltr'><strong>de</strong></span> 
     </span>
     <span class='ocr_line' id='line_1_17' title="bbox 294 1708 1373 1775; baseline 0.002 -14"><span class='ocrx_word' id='word_1_89' title='bbox 294 1710 506 1775; x_wconf 78' lang='lat' dir='ltr'><strong>&#39;l&#39;rajani</strong></span> <span class='ocrx_word' id='word_1_90' title='bbox 550 1709 822 1774; x_wconf 79' lang='lat' dir='ltr'><strong>singularis</strong></span> <span class='ocrx_word' id='word_1_91' title='bbox 855 1708 1125 1759; x_wconf 64' lang='lat' dir='ltr'><strong>modestia</strong></span> <span class='ocrx_word' id='word_1_92' title='bbox 1156 1715 1215 1760; x_wconf 84' lang='lat' dir='ltr'><strong>et</strong></span> <span class='ocrx_word' id='word_1_93' title='bbox 1246 1708 1373 1763; x_wconf 77' lang='lat' dir='ltr'><strong>civi·</strong></span> 
     </span>
     <span class='ocr_line' id='line_1_18' title="bbox 298 1784 1373 1852; baseline 0.002 -17"><span class='ocrx_word' id='word_1_94' title='bbox 298 1786 458 1838; x_wconf 87' lang='lat' dir='ltr'><strong>litatis</strong></span> <span class='ocrx_word' id='word_1_95' title='bbox 486 1788 659 1851; x_wconf 85' lang='lat' dir='ltr'><strong>signis</strong></span> <span class='ocrx_word' id='word_1_96' title='bbox 691 1794 748 1836; x_wconf 88' lang='lat' dir='ltr'><strong>et</strong></span> <span class='ocrx_word' id='word_1_97' title='bbox 777 1786 1063 1851; x_wconf 84' lang='lat' dir='ltr'><strong>exemplis;</strong></span> <span class='ocrx_word' id='word_1_98' title='bbox 1095 1786 1267 1852; x_wconf 83' lang='lat' dir='ltr'><strong>qualia</strong></span> <span class='ocrx_word' id='word_1_99' title='bbox 1294 1784 1373 1837; x_wconf 84' lang='lat' dir='ltr'><strong>fu·</strong></span> 
     </span>
     <span class='ocr_line' id='line_1_19' title="bbox 296 1864 1374 1930; baseline 0.001 -15"><span class='ocrx_word' id='word_1_100' title='bbox 296 1872 471 1930; x_wconf 82' lang='lat' dir='ltr'><strong>eruut,</strong></span> <span class='ocrx_word' id='word_1_101' title='bbox 509 1865 738 1930; x_wconf 77' lang='lat' dir='ltr'><strong>pristina</strong></span> <span class='ocrx_word' id='word_1_102' title='bbox 769 1864 870 1915; x_wconf 86' lang='lat' dir='ltr'><strong>oris</strong></span> <span class='ocrx_word' id='word_1_103' title='bbox 903 1864 1019 1929; x_wconf 85' lang='lat' dir='ltr'><strong>ejus</strong></span> <span class='ocrx_word' id='word_1_104' title='bbox 1062 1864 1374 1922; x_wconf 80' lang='lat' dir='ltr'><strong>humanitas,</strong></span> 
     </span>
     <span class='ocr_line' id='line_1_20' title="bbox 292 1941 1374 2006; baseline -0.003 -13"><span class='ocrx_word' id='word_1_105' title='bbox 292 1942 497 1994; x_wconf 69' lang='lat' dir='ltr'><strong>dextra».</strong></span> <span class='ocrx_word' id='word_1_106' title='bbox 539 1942 854 1994; x_wconf 81' lang='lat' dir='ltr'><strong>verecundia</strong></span> <span class='ocrx_word' id='word_1_107' title='bbox 881 1942 934 1994; x_wconf 90' lang='lat' dir='ltr'><strong>in</strong></span> <span class='ocrx_word' id='word_1_108' title='bbox 960 1942 1151 1995; x_wconf 83' lang='lat' dir='ltr'><strong>osculis</strong></span> <span class='ocrx_word' id='word_1_109' title='bbox 1175 1941 1374 2006; x_wconf 82' lang='lat' dir='ltr'><strong>excipi·</strong></span> 
     </span>
     <span class='ocr_line' id='line_1_21' title="bbox 294 2017 1372 2083; baseline -0.005 -11"><span class='ocrx_word' id='word_1_110' title='bbox 294 2019 460 2083; x_wconf 76' lang='lat' dir='ltr'><strong>cudis,</strong></span> <span class='ocrx_word' id='word_1_111' title='bbox 489 2020 734 2072; x_wconf 79' lang='lat' dir='ltr'><strong>incessus</strong></span> <span class='ocrx_word' id='word_1_112' title='bbox 766 2017 1045 2083; x_wconf 87' lang='lat' dir='ltr'><strong>pedestris,</strong></span> <span class='ocrx_word' id='word_1_113' title='bbox 1078 2024 1131 2068; x_wconf 85' lang='lat' dir='ltr'><strong>et</strong></span> <span class='ocrx_word' id='word_1_114' title='bbox 1162 2018 1272 2068; x_wconf 82' lang='lat' dir='ltr'><strong>vita</strong></span> <span class='ocrx_word' id='word_1_115' title='bbox 1299 2018 1372 2067; x_wconf 88' lang='lat' dir='ltr'><strong>la·</strong></span> 
     </span>
     <span class='ocr_line' id='line_1_22' title="bbox 297 2094 1373 2161; baseline 0.001 -14"><span class='ocrx_word' id='word_1_116' title='bbox 297 2095 670 2147; x_wconf 83' lang='lat' dir='ltr'><strong>boriosissima.</strong></span> <span class='ocrx_word' id='word_1_117' title='bbox 733 2095 848 2159; x_wconf 77' lang='lat' dir='ltr'><strong>lua,</strong></span> <span class='ocrx_word' id='word_1_118' title='bbox 881 2101 938 2148; x_wconf 90' lang='lat' dir='ltr'><strong>et</strong></span> <span class='ocrx_word' id='word_1_119' title='bbox 974 2095 1126 2161; x_wconf 85' lang='lat' dir='ltr'><strong>hujus</strong></span> <span class='ocrx_word' id='word_1_120' title='bbox 1164 2094 1373 2159; x_wconf 77' lang='lat' dir='ltr'><strong>generis</strong></span> 
     </span>
     <span class='ocr_line' id='line_1_23' title="bbox 298 2172 1373 2226; baseline -0.003 -2"><span class='ocrx_word' id='word_1_121' title='bbox 298 2174 396 2225; x_wconf 85' lang='lat' dir='ltr'><strong>alia</strong></span> <span class='ocrx_word' id='word_1_122' title='bbox 415 2174 585 2226; x_wconf 80' lang='lat' dir='ltr'><strong>omnia</strong></span> <span class='ocrx_word' id='word_1_123' title='bbox 616 2173 924 2223; x_wconf 85' lang='lat' dir='ltr'><strong>documenta</strong></span> <span class='ocrx_word' id='word_1_124' title='bbox 945 2172 1018 2223; x_wconf 84' lang='lat' dir='ltr'><strong>sit</strong></span> <span class='ocrx_word' id='word_1_125' title='bbox 1041 2172 1245 2223; x_wconf 89' lang='lat' dir='ltr'><strong>Plinius</strong></span> <span class='ocrx_word' id='word_1_126' title='bbox 1265 2185 1373 2222; x_wconf 87' lang='lat' dir='ltr'><strong>ma-</strong></span> 
     </span>
     <span class='ocr_line' id='line_1_24' title="bbox 298 2250 1373 2316; baseline -0.004 -13"><span class='ocrx_word' id='word_1_127' title='bbox 298 2265 420 2303; x_wconf 88' lang='lat' dir='ltr'><strong>nere</strong></span> <span class='ocrx_word' id='word_1_128' title='bbox 449 2255 625 2303; x_wconf 78' lang='lat' dir='ltr'><strong>eadem</strong></span> <span class='ocrx_word' id='word_1_129' title='bbox 655 2251 797 2302; x_wconf 90' lang='lat' dir='ltr'><strong>circa</strong></span> <span class='ocrx_word' id='word_1_130' title='bbox 826 2251 1115 2316; x_wconf 86' lang='lat' dir='ltr'><strong>Trajanum</strong></span> <span class='ocrx_word' id='word_1_131' title='bbox 1146 2250 1373 2315; x_wconf 80' lang='lat' dir='ltr'><strong>impera-</strong></span> 
     </span>
     <span class='ocr_line' id='line_1_25' title="bbox 296 2327 1374 2394; baseline -0.001 -12"><span class='ocrx_word' id='word_1_132' title='bbox 296 2336 481 2392; x_wconf 80' lang='lat' dir='ltr'><strong>torem,</strong></span> <span class='ocrx_word' id='word_1_133' title='bbox 500 2332 665 2393; x_wconf 88' lang='lat' dir='ltr'><strong>adeo,</strong></span> <span class='ocrx_word' id='word_1_134' title='bbox 681 2336 738 2380; x_wconf 89' lang='lat' dir='ltr'><strong>ut</strong></span> <span class='ocrx_word' id='word_1_135' title='bbox 760 2342 858 2380; x_wconf 88' lang='lat' dir='ltr'><strong>nec</strong></span> <span class='ocrx_word' id='word_1_136' title='bbox 880 2330 992 2394; x_wconf 82' lang='lat' dir='ltr'><strong>ipsa</strong></span> <span class='ocrx_word' id='word_1_137' title='bbox 1013 2327 1241 2391; x_wconf 81' lang='lat' dir='ltr'><strong>fortuna,</strong></span> <span class='ocrx_word' id='word_1_138' title='bbox 1256 2341 1374 2392; x_wconf 64' lang='lat' dir='ltr'><strong>qum</strong></span> 
     </span>
     <span class='ocr_line' id='line_1_26' title="bbox 297 2404 1375 2471; baseline -0.003 -14"><span class='ocrx_word' id='word_1_139' title='bbox 297 2407 419 2458; x_wconf 80' lang='lat' dir='ltr'><strong>alias</strong></span> <span class='ocrx_word' id='word_1_140' title='bbox 448 2406 705 2458; x_wconf 77' lang='lat' dir='ltr'><strong>facillime</strong></span> <span class='ocrx_word' id='word_1_141' title='bbox 734 2406 1056 2471; x_wconf 74' lang='lat' dir='ltr'><strong>maximeque</strong></span> <span class='ocrx_word' id='word_1_142' title='bbox 1088 2410 1259 2456; x_wconf 83' lang='lat' dir='ltr'><strong>mutat</strong></span> <span class='ocrx_word' id='word_1_143' title='bbox 1286 2404 1375 2455; x_wconf 83' lang='lat' dir='ltr'><strong>ho-</strong></span> 
     </span>
     <span class='ocr_line' id='line_1_27' title="bbox 295 2483 1376 2548; baseline -0.002 -15"><span class='ocrx_word' id='word_1_144' title='bbox 295 2486 481 2548; x_wconf 83' lang='lat' dir='ltr'><strong>mines,</strong></span> <span class='ocrx_word' id='word_1_145' title='bbox 504 2498 633 2536; x_wconf 90' lang='lat' dir='ltr'><strong>eum</strong></span> <span class='ocrx_word' id='word_1_146' title='bbox 667 2485 898 2534; x_wconf 84' lang='lat' dir='ltr'><strong>mutarit.</strong></span> <span class='ocrx_word' id='word_1_147' title='bbox 963 2483 1226 2536; x_wconf 84' lang='lat' dir='ltr'><strong>Quantum</strong></span> <span class='ocrx_word' id='word_1_148' title='bbox 1252 2494 1376 2538; x_wconf 73' lang='lat' dir='ltr'><strong>vero</strong></span> 
     </span>
     <span class='ocr_line' id='line_1_28' title="bbox 296 2558 1375 2617; baseline -0.005 -4"><span class='ocrx_word' id='word_1_149' title='bbox 296 2564 469 2617; x_wconf 79' lang='lat' dir='ltr'><strong>valeat</strong></span> <span class='ocrx_word' id='word_1_150' title='bbox 501 2562 725 2613; x_wconf 83' lang='lat' dir='ltr'><strong>fortuna</strong></span> <span class='ocrx_word' id='word_1_151' title='bbox 752 2562 807 2613; x_wconf 86' lang='lat' dir='ltr'><strong>in</strong></span> <span class='ocrx_word' id='word_1_152' title='bbox 836 2560 1093 2611; x_wconf 74' lang='lat' dir='ltr'><strong>mutandis</strong></span> <span class='ocrx_word' id='word_1_153' title='bbox 1113 2558 1375 2611; x_wconf 86' lang='lat' dir='ltr'><strong>hominum</strong></span> 
     </span>
     <span class='ocr_line' id='line_1_29' title="bbox 295 2637 1376 2704; baseline -0.006 -11"><span class='ocrx_word' id='word_1_154' title='bbox 295 2640 499 2704; x_wconf 66' lang='lat' dir='ltr'><strong>animis,</strong></span> <span class='ocrx_word' id='word_1_155' title='bbox 519 2640 883 2702; x_wconf 77' lang='lat' dir='ltr'><strong>moribusque,</strong></span> <span class='ocrx_word' id='word_1_156' title='bbox 902 2639 1016 2703; x_wconf 89' lang='lat' dir='ltr'><strong>ejus</strong></span> <span class='ocrx_word' id='word_1_157' title='bbox 1034 2637 1239 2703; x_wconf 77' lang='lat' dir='ltr'><strong>generis</strong></span> <span class='ocrx_word' id='word_1_158' title='bbox 1259 2650 1376 2686; x_wconf 87' lang='lat' dir='ltr'><strong>sen·</strong></span> 
     </span>
     <span class='ocr_line' id='line_1_30' title="bbox 296 2715 1376 2781; baseline -0.004 -15"><span class='ocrx_word' id='word_1_159' title='bbox 296 2717 477 2767; x_wconf 83' lang='lat' dir='ltr'><strong>tentiis</strong></span> <span class='ocrx_word' id='word_1_160' title='bbox 496 2725 556 2768; x_wconf 86' lang='lat' dir='ltr'><strong>et</strong></span> <span class='ocrx_word' id='word_1_161' title='bbox 572 2715 832 2781; x_wconf 86' lang='lat' dir='ltr'><strong>exemplis</strong></span> <span class='ocrx_word' id='word_1_162' title='bbox 849 2715 990 2779; x_wconf 88' lang='lat' dir='ltr'><strong>pleni</strong></span> <span class='ocrx_word' id='word_1_163' title='bbox 1003 2720 1122 2764; x_wconf 87' lang='lat' dir='ltr'><strong>sunt</strong></span> <span class='ocrx_word' id='word_1_164' title='bbox 1139 2718 1376 2764; x_wconf 81' lang='lat' dir='ltr'><strong>veterum</strong></span> 
     </span>
     <span class='ocr_line' id='line_1_31' title="bbox 290 2791 1375 2859; baseline -0.003 -16"><span class='ocrx_word' id='word_1_165' title='bbox 290 2792 433 2859; x_wconf 76' lang='lat' dir='ltr'><strong>libri.</strong></span> <span class='ocrx_word' id='word_1_166' title='bbox 501 2793 598 2844; x_wconf 89' lang='lat' dir='ltr'><strong>Ita</strong></span> <span class='ocrx_word' id='word_1_167' title='bbox 634 2792 785 2843; x_wconf 87' lang='lat' dir='ltr'><strong>Curt.</strong></span> <span class='ocrx_word' id='word_1_168' title='bbox 819 2806 876 2843; x_wconf 84' lang='lat' dir='ltr'><strong>x.</strong></span> <span class='ocrx_word' id='word_1_169' title='bbox 908 2795 960 2844; x_wconf 87' lang='lat'><strong>1.</strong></span> <span class='ocrx_word' id='word_1_170' title='bbox 992 2795 1078 2843; x_wconf 74' lang='lat'><strong>4⁰.</strong></span> <span class='ocrx_word' id='word_1_171' title='bbox 1117 2791 1134 2822; x_wconf 82' lang='lat'>‘</span> <span class='ocrx_word' id='word_1_172' title='bbox 1159 2792 1264 2841; x_wconf 87' lang='lat' dir='ltr'><strong>Res</strong></span> <span class='ocrx_word' id='word_1_173' title='bbox 1295 2803 1375 2840; x_wconf 90' lang='lat' dir='ltr'><strong>se-</strong></span> 
     </span>
     <span class='ocr_line' id='line_1_32' title="bbox 295 2864 1378 2922; baseline -0.003 -1"><span class='ocrx_word' id='word_1_174' title='bbox 295 2871 482 2922; x_wconf 81' lang='lat' dir='ltr'><strong>cundae</strong></span> <span class='ocrx_word' id='word_1_175' title='bbox 524 2870 711 2920; x_wconf 71' lang='lat' dir='ltr'><strong>valent</strong></span> <span class='ocrx_word' id='word_1_176' title='bbox 745 2875 1064 2920; x_wconf 86' lang='lat' dir='ltr'><strong>commutare</strong></span> <span class='ocrx_word' id='word_1_177' title='bbox 1100 2864 1378 2918; x_wconf 84' lang='lat' dir='ltr'><strong>naturam.&#39;</strong></span> 
     </span>
     <span class='ocr_line' id='line_1_33' title="bbox 297 2946 1376 3013; baseline -0.002 -15"><span class='ocrx_word' id='word_1_178' title='bbox 297 2947 371 2998; x_wconf 85' lang='lat' dir='ltr'><strong>Et</strong></span> <span class='ocrx_word' id='word_1_179' title='bbox 395 2948 542 3013; x_wconf 86' lang='lat' dir='ltr'><strong>apud</strong></span> <span class='ocrx_word' id='word_1_180' title='bbox 578 2947 742 2998; x_wconf 83' lang='lat' dir='ltr'><strong>eund.</strong></span> <span class='ocrx_word' id='word_1_181' title='bbox 768 2961 854 2997; x_wconf 89' lang='grc' dir='ltr'><strong>ιιι.</strong></span> <span class='ocrx_word' id='word_1_182' title='bbox 874 2951 925 2997; x_wconf 79' lang='grc'><strong>2.</strong></span> <span class='ocrx_word' id='word_1_183' title='bbox 948 2951 1029 2997; x_wconf 87' lang='grc'><strong>18.</strong></span> <span class='ocrx_word' id='word_1_184' title='bbox 1049 2946 1236 3010; x_wconf 83' lang='lat' dir='ltr'><strong>hospes</strong></span> <span class='ocrx_word' id='word_1_185' title='bbox 1260 2946 1376 3012; x_wconf 89' lang='lat' dir='ltr'><strong>qui-</strong></span> 
     </span>
     <span class='ocr_line' id='line_1_34' title="bbox 297 3022 1377 3088; baseline -0.002 -14"><span class='ocrx_word' id='word_1_186' title='bbox 297 3024 416 3076; x_wconf 87' lang='lat' dir='ltr'><strong>dam</strong></span> <span class='ocrx_word' id='word_1_187' title='bbox 438 3025 588 3075; x_wconf 83' lang='lat' dir='ltr'><strong>dixit</strong></span> <span class='ocrx_word' id='word_1_188' title='bbox 623 3023 801 3086; x_wconf 79' lang='lat' dir='ltr'><strong>Dario,</strong></span> <span class='ocrx_word' id='word_1_189' title='bbox 824 3030 840 3054; x_wconf 79' lang='lat'><em>⁴</em></span> <span class='ocrx_word' id='word_1_190' title='bbox 862 3023 943 3074; x_wconf 83' lang='lat' dir='ltr'><strong>Tu</strong></span> <span class='ocrx_word' id='word_1_191' title='bbox 968 3023 1182 3088; x_wconf 89' lang='lat' dir='ltr'><strong>quidem</strong></span> <span class='ocrx_word' id='word_1_192' title='bbox 1215 3022 1377 3073; x_wconf 88' lang='lat' dir='ltr'><strong>licen-</strong></span> 
     </span>
     <span class='ocr_line' id='line_1_35' title="bbox 294 3098 1376 3166; baseline 0 -16"><span class='ocrx_word' id='word_1_193' title='bbox 294 3102 366 3154; x_wconf 78' lang='lat' dir='ltr'><strong>tia</strong></span> <span class='ocrx_word' id='word_1_194' title='bbox 383 3102 537 3166; x_wconf 82' lang='lat' dir='ltr'><strong>regni</strong></span> <span class='ocrx_word' id='word_1_195' title='bbox 554 3100 732 3153; x_wconf 87' lang='lat' dir='ltr'><strong>subito</strong></span> <span class='ocrx_word' id='word_1_196' title='bbox 748 3107 994 3157; x_wconf 87' lang='lat' dir='ltr'><strong>mutatus,</strong></span> <span class='ocrx_word' id='word_1_197' title='bbox 1008 3098 1376 3150; x_wconf 82' lang='lat' dir='ltr'><strong>documentum</strong></span> 
     </span>
     <span class='ocr_line' id='line_1_36' title="bbox 297 3175 1378 3243; baseline 0 -17"><span class='ocrx_word' id='word_1_198' title='bbox 297 3178 397 3228; x_wconf 81' lang='lat' dir='ltr'><strong>eris</strong></span> <span class='ocrx_word' id='word_1_199' title='bbox 423 3177 680 3243; x_wconf 75' lang='lat' dir='ltr'><strong>posteris,</strong></span> <span class='ocrx_word' id='word_1_200' title='bbox 700 3176 955 3240; x_wconf 86' lang='lat' dir='ltr'><strong>homines,</strong></span> <span class='ocrx_word' id='word_1_201' title='bbox 971 3191 1088 3227; x_wconf 89' lang='lat' dir='ltr'><strong>cum</strong></span> <span class='ocrx_word' id='word_1_202' title='bbox 1109 3190 1165 3227; x_wconf 90' lang='lat' dir='ltr'><strong>se</strong></span> <span class='ocrx_word' id='word_1_203' title='bbox 1191 3175 1378 3240; x_wconf 78' lang='lat' dir='ltr'><strong>permi-</strong></span> 
     </span>
     <span class='ocr_line' id='line_1_37' title="bbox 298 3251 1378 3318; baseline 0 -14"><span class='ocrx_word' id='word_1_204' title='bbox 298 3268 413 3305; x_wconf 84' lang='lat' dir='ltr'><strong>sere</strong></span> <span class='ocrx_word' id='word_1_205' title='bbox 448 3254 708 3318; x_wconf 62' lang='lat' dir='ltr'><strong>fortunae,</strong></span> <span class='ocrx_word' id='word_1_206' title='bbox 742 3253 900 3303; x_wconf 86' lang='lat' dir='ltr'><strong>etiam</strong></span> <span class='ocrx_word' id='word_1_207' title='bbox 941 3260 1179 3304; x_wconf 81' lang='lat' dir='ltr'><strong>naturam</strong></span> <span class='ocrx_word' id='word_1_208' title='bbox 1206 3251 1378 3304; x_wconf 87' lang='lat' dir='ltr'><strong>dedis-</strong></span> 
     </span>
     <span class='ocr_line' id='line_1_38' title="bbox 287 3331 765 3383; baseline -0.002 -2"><span class='ocrx_word' id='word_1_209' title='bbox 287 3331 448 3383; x_wconf 44' lang='lat' dir='ltr'><strong>¹*cere-⁹</strong></span> <span class='ocrx_word' id='word_1_210' title='bbox 481 3332 765 3382; x_wconf 57' lang='lat' dir='ltr'><strong>Salmas-2.-</strong></span> 
     </span>
    </p>

    <p class='ocr_par' dir='ltr' id='par_1_3' title="bbox 290 3406 1382 4319">
     <span class='ocr_line' id='line_1_39' title="bbox 361 3406 1379 3473; baseline -0.001 -15"><span class='ocrx_word' id='word_1_211' title='bbox 361 3409 512 3459; x_wconf 75' lang='lat' dir='ltr'><strong>Nilu’l</strong></span> <span class='ocrx_word' id='word_1_212' title='bbox 524 3409 638 3473; x_wconf 78' lang='lat' dir='ltr'><strong>ipsa</strong></span> <span class='ocrx_word' id='word_1_213' title='bbox 651 3407 930 3473; x_wconf 72' lang='lat' dir='ltr'><strong>teser-tuna]</strong></span> <span class='ocrx_word' id='word_1_214' title='bbox 955 3407 1152 3460; x_wconf 88' lang='lat' dir='ltr'><strong>Omnes</strong></span> <span class='ocrx_word' id='word_1_215' title='bbox 1164 3406 1379 3458; x_wconf 88' lang='lat' dir='ltr'><strong>omnino</strong></span> 
     </span>
     <span class='ocr_line' id='line_1_40' title="bbox 295 3484 1380 3548; baseline -0.003 -13"><span class='ocrx_word' id='word_1_216' title='bbox 295 3484 509 3535; x_wconf 83' lang='lat' dir='ltr'><strong>codices</strong></span> <span class='ocrx_word' id='word_1_217' title='bbox 536 3496 696 3533; x_wconf 84' lang='lat' dir='ltr'><strong>manu</strong></span> <span class='ocrx_word' id='word_1_218' title='bbox 717 3484 899 3547; x_wconf 86' lang='lat' dir='ltr'><strong>scripti</strong></span> <span class='ocrx_word' id='word_1_219' title='bbox 918 3484 1110 3535; x_wconf 83' lang='lat' dir='ltr'><strong>habent</strong></span> <span class='ocrx_word' id='word_1_220' title='bbox 1129 3484 1252 3533; x_wconf 70' lang='lat' dir='ltr'><strong>nihil</strong></span> <span class='ocrx_word' id='word_1_221' title='bbox 1276 3485 1380 3548; x_wconf 75' lang='lat' dir='ltr'><strong>ipso</strong></span> 
     </span>
     <span class='ocr_line' id='line_1_41' title="bbox 298 3561 1379 3627; baseline -0.001 -16"><span class='ocrx_word' id='word_1_222' title='bbox 298 3567 361 3613; x_wconf 81' lang='lat' dir='ltr'><strong>te.</strong></span> <span class='ocrx_word' id='word_1_223' title='bbox 424 3562 628 3627; x_wconf 84' lang='lat' dir='ltr'><strong>Neque</strong></span> <span class='ocrx_word' id='word_1_224' title='bbox 648 3561 802 3611; x_wconf 87' lang='lat' dir='ltr'><strong>aliam</strong></span> <span class='ocrx_word' id='word_1_225' title='bbox 825 3561 1107 3613; x_wconf 86' lang='lat' dir='ltr'><strong>lectionem</strong></span> <span class='ocrx_word' id='word_1_226' title='bbox 1130 3561 1379 3612; x_wconf 75' lang='lat' dir='ltr'><strong>exbibue-</strong></span> 
     </span>
     <span class='ocr_line' id='line_1_42' title="bbox 294 3637 1380 3702; baseline -0.001 -13"><span class='ocrx_word' id='word_1_227' title='bbox 294 3647 419 3690; x_wconf 76' lang='lat' dir='ltr'><strong>runt</strong></span> <span class='ocrx_word' id='word_1_228' title='bbox 444 3639 686 3689; x_wconf 74' lang='lat' dir='ltr'><strong>editores</strong></span> <span class='ocrx_word' id='word_1_229' title='bbox 709 3639 760 3688; x_wconf 88' lang='lat' dir='ltr'><strong>in</strong></span> <span class='ocrx_word' id='word_1_230' title='bbox 783 3637 931 3687; x_wconf 84' lang='lat' dir='ltr'><strong>libris</strong></span> <span class='ocrx_word' id='word_1_231' title='bbox 951 3638 1214 3702; x_wconf 73' lang='lat' dir='ltr'><strong>impressis</strong></span> <span class='ocrx_word' id='word_1_232' title='bbox 1228 3653 1247 3701; x_wconf 81' lang='lat'>3</span> <span class='ocrx_word' id='word_1_233' title='bbox 1278 3638 1380 3698; x_wconf 80' lang='lat' dir='ltr'><strong>nisi</strong></span> 
     </span>
     <span class='ocr_line' id='line_1_43' title="bbox 290 3714 1380 3782; baseline 0.002 -19"><span class='ocrx_word' id='word_1_234' title='bbox 290 3714 435 3780; x_wconf 76' lang='lat' dir='ltr'><strong>quod</strong></span> <span class='ocrx_word' id='word_1_235' title='bbox 460 3714 696 3764; x_wconf 87' lang='lat' dir='ltr'><strong>omnium</strong></span> <span class='ocrx_word' id='word_1_236' title='bbox 717 3715 910 3777; x_wconf 87' lang='lat' dir='ltr'><strong>primus</strong></span> <span class='ocrx_word' id='word_1_237' title='bbox 926 3714 1276 3776; x_wconf 74' lang='lat' dir='ltr'><strong>Boxum-nius,</strong></span> <span class='ocrx_word' id='word_1_238' title='bbox 1291 3714 1380 3782; x_wconf 88' lang='lat' dir='ltr'><strong>qui</strong></span> 
     </span>
     <span class='ocr_line' id='line_1_44' title="bbox 300 3790 1380 3849; baseline 0.003 -10"><span class='ocrx_word' id='word_1_239' title='bbox 300 3805 422 3840; x_wconf 76' lang='lat' dir='ltr'><strong>vero</strong></span> <span class='ocrx_word' id='word_1_240' title='bbox 447 3790 601 3841; x_wconf 85' lang='lat' dir='ltr'><strong>nullo</strong></span> <span class='ocrx_word' id='word_1_241' title='bbox 626 3798 836 3840; x_wconf 81' lang='lat' dir='ltr'><strong>vetusto</strong></span> <span class='ocrx_word' id='word_1_242' title='bbox 853 3791 1036 3840; x_wconf 83' lang='lat' dir='ltr'><strong>codice</strong></span> <span class='ocrx_word' id='word_1_243' title='bbox 1054 3805 1178 3843; x_wconf 89' lang='lat' dir='ltr'><strong>usus</strong></span> <span class='ocrx_word' id='word_1_244' title='bbox 1195 3800 1294 3849; x_wconf 85' lang='lat' dir='ltr'><strong>est,</strong></span> <span class='ocrx_word' id='word_1_245' title='bbox 1312 3806 1380 3842; x_wconf 83' lang='lat' dir='ltr'><strong>ex</strong></span> 
     </span>
     <span class='ocr_line' id='line_1_45' title="bbox 296 3869 1379 3934; baseline 0.004 -18"><span class='ocrx_word' id='word_1_246' title='bbox 296 3869 630 3932; x_wconf 80' lang='lat' dir='ltr'><strong>conjectura,</strong></span> <span class='ocrx_word' id='word_1_247' title='bbox 672 3881 825 3931; x_wconf 86' lang='lat' dir='ltr'><strong>quam</strong></span> <span class='ocrx_word' id='word_1_248' title='bbox 862 3874 923 3918; x_wconf 89' lang='lat' dir='ltr'><strong>et</strong></span> <span class='ocrx_word' id='word_1_249' title='bbox 959 3875 1083 3919; x_wconf 81' lang='lat' dir='ltr'><strong>aute</strong></span> <span class='ocrx_word' id='word_1_250' title='bbox 1120 3882 1239 3920; x_wconf 89' lang='lat' dir='ltr'><strong>eum</strong></span> <span class='ocrx_word' id='word_1_251' title='bbox 1266 3870 1379 3934; x_wconf 89' lang='lat' dir='ltr'><strong>jam</strong></span> 
     </span>
     <span class='ocr_line' id='line_1_46' title="bbox 298 3945 1382 4009; baseline 0.004 -16"><span class='ocrx_word' id='word_1_252' title='bbox 298 3952 691 4009; x_wconf 84' lang='lat' dir='ltr'><strong>proposuerant</strong></span> <span class='ocrx_word' id='word_1_253' title='bbox 712 3946 906 3995; x_wconf 86' lang='lat' dir='ltr'><strong>Petrus</strong></span> <span class='ocrx_word' id='word_1_254' title='bbox 930 3945 1121 4009; x_wconf 82' lang='lat' dir='ltr'><strong>Faber,</strong></span> <span class='ocrx_word' id='word_1_255' title='bbox 1142 3952 1199 3997; x_wconf 89' lang='lat' dir='ltr'><strong>et</strong></span> <span class='ocrx_word' id='word_1_256' title='bbox 1222 3947 1382 3998; x_wconf 87' lang='lat' dir='ltr'><strong>Conr.</strong></span> 
     </span>
     <span class='ocr_line' id='line_1_47' title="bbox 302 4020 1381 4079; baseline 0.005 -9"><span class='ocrx_word' id='word_1_257' title='bbox 302 4020 717 4079; x_wconf 84' lang='lat' dir='ltr'><strong>Ritterslmsius,</strong></span> <span class='ocrx_word' id='word_1_258' title='bbox 769 4022 1133 4074; x_wconf 85' lang='lat' dir='ltr'><strong>excudendum</strong></span> <span class='ocrx_word' id='word_1_259' title='bbox 1171 4025 1381 4075; x_wconf 84' lang='lat' dir='ltr'><strong>curavit</strong></span> 
     </span>
     <span class='ocr_line' id='line_1_48' title="bbox 301 4096 1381 4161; baseline 0.006 -15"><span class='ocrx_word' id='word_1_260' title='bbox 301 4096 422 4152; x_wconf 64' lang='lat' dir='ltr'><strong>siluit</strong></span> <span class='ocrx_word' id='word_1_261' title='bbox 441 4100 625 4161; x_wconf 78' lang='lat' dir='ltr'><strong>inipso</strong></span> <span class='ocrx_word' id='word_1_262' title='bbox 643 4104 691 4147; x_wconf 76' lang='lat' dir='ltr'><strong>te</strong></span> <span class='ocrx_word' id='word_1_263' title='bbox 698 4097 906 4158; x_wconf 76' lang='lat' dir='ltr'><strong>fortuna</strong></span> <span class='ocrx_word' id='word_1_264' title='bbox 922 4100 1144 4150; x_wconf 75' lang='lat' dir='ltr'><strong>mutavit.</strong></span> <span class='ocrx_word' id='word_1_265' title='bbox 1208 4100 1381 4152; x_wconf 80' lang='lat' dir='ltr'><strong>Quam</strong></span> 
     </span>
     <span class='ocr_line' id='line_1_49' title="bbox 298 4173 1382 4239; baseline 0.006 -15"><span class='ocrx_word' id='word_1_266' title='bbox 298 4173 591 4224; x_wconf 78' lang='lat' dir='ltr'><strong>lectionem</strong></span> <span class='ocrx_word' id='word_1_267' title='bbox 620 4173 873 4238; x_wconf 79' lang='lat' dir='ltr'><strong>deinceps</strong></span> <span class='ocrx_word' id='word_1_268' title='bbox 899 4176 1105 4239; x_wconf 81' lang='lat' dir='ltr'><strong>plurimi</strong></span> <span class='ocrx_word' id='word_1_269' title='bbox 1125 4178 1382 4229; x_wconf 85' lang='lat' dir='ltr'><strong>recentio-</strong></span> 
     </span>
     <span class='ocr_line' id='line_1_50' title="bbox 302 4250 1380 4319; baseline 0.004 -17"><span class='ocrx_word' id='word_1_270' title='bbox 302 4261 417 4302; x_wconf 75' lang='lat' dir='ltr'><strong>rum</strong></span> <span class='ocrx_word' id='word_1_271' title='bbox 445 4256 576 4299; x_wconf 84' lang='lat' dir='ltr'><strong>sunt</strong></span> <span class='ocrx_word' id='word_1_272' title='bbox 608 4250 798 4300; x_wconf 87' lang='lat' dir='ltr'><strong>secuti.</strong></span> <span class='ocrx_word' id='word_1_273' title='bbox 866 4252 1148 4304; x_wconf 86' lang='lat' dir='ltr'><strong>Commoda</strong></span> <span class='ocrx_word' id='word_1_274' title='bbox 1170 4255 1380 4319; x_wconf 81' lang='lat' dir='ltr'><strong>quidem</strong></span> 
     </span>
    </p>
   </div>
   <div class='ocr_carea' id='block_1_3' title="bbox 2373 400 2505 468">
    <p class='ocr_par' dir='ltr' id='par_1_4' title="bbox 2373 400 2505 468">
     <span class='ocr_line' id='line_1_51' title="bbox 2373 400 2505 468; baseline 0.015 -2"><span class='ocrx_word' id='word_1_275' title='bbox 2373 400 2505 468; x_wconf 72' lang='lat'><strong>54⁷</strong></span> 
     </span>
    </p>
   </div>
   <div class='ocr_carea' id='block_1_4' title="bbox 1434 553 2529 4316">
    <p class='ocr_par' dir='ltr' id='par_1_5' title="bbox 1434 553 2529 3922">
     <span class='ocr_line' id='line_1_52' title="bbox 1436 553 2508 619; baseline 0.004 -11"><span class='ocrx_word' id='word_1_276' title='bbox 1436 553 1603 608; x_wconf 82' lang='lat' dir='ltr'><strong>Plinii</strong></span> <span class='ocrx_word' id='word_1_277' title='bbox 1636 554 1838 619; x_wconf 59' lang='lat' dir='ltr'><strong>alienu</strong></span> <span class='ocrx_word' id='word_1_278' title='bbox 1882 562 2115 610; x_wconf 79' lang='lat' dir='ltr'><strong>veterum</strong></span> <span class='ocrx_word' id='word_1_279' title='bbox 2156 562 2330 611; x_wconf 83' lang='lat' dir='ltr'><strong>tamen</strong></span> <span class='ocrx_word' id='word_1_280' title='bbox 2361 560 2508 612; x_wconf 62' lang='lat' dir='ltr'><strong>eodb-</strong></span> 
     </span>
     <span class='ocr_line' id='line_1_53' title="bbox 1435 631 2507 690; baseline 0.007 -9"><span class='ocrx_word' id='word_1_281' title='bbox 1435 643 1553 683; x_wconf 88' lang='lat' dir='ltr'><strong>cum</strong></span> <span class='ocrx_word' id='word_1_282' title='bbox 1591 631 1904 683; x_wconf 83' lang='lat' dir='ltr'><strong>auctoritate</strong></span> <span class='ocrx_word' id='word_1_283' title='bbox 1939 631 2262 684; x_wconf 83' lang='lat' dir='ltr'><strong>destituitur.</strong></span> <span class='ocrx_word' id='word_1_284' title='bbox 2328 634 2412 687; x_wconf 83' lang='lat' dir='ltr'><strong>Ac</strong></span> <span class='ocrx_word' id='word_1_285' title='bbox 2445 637 2507 690; x_wconf 88' lang='lat' dir='ltr'><strong>li-</strong></span> 
     </span>
     <span class='ocr_line' id='line_1_54' title="bbox 1436 699 2507 776; baseline 0.005 -16"><span class='ocrx_word' id='word_1_286' title='bbox 1436 715 1526 760; x_wconf 86' lang='lat' dir='ltr'><strong>cet</strong></span> <span class='ocrx_word' id='word_1_287' title='bbox 1554 707 1870 760; x_wconf 77' lang='lat' dir='ltr'><strong>Arntzeuius</strong></span> <span class='ocrx_word' id='word_1_288' title='bbox 1902 699 2097 776; x_wconf 76' lang='lat' dir='ltr'><strong>tradat,</strong></span> <span class='ocrx_word' id='word_1_289' title='bbox 2119 725 2234 763; x_wconf 86' lang='lat' dir='ltr'><strong>eam</strong></span> <span class='ocrx_word' id='word_1_290' title='bbox 2258 728 2289 763; x_wconf 86' lang='lat' dir='ltr'><strong>a</strong></span> <span class='ocrx_word' id='word_1_291' title='bbox 2314 713 2507 766; x_wconf 88' lang='lat' dir='ltr'><strong>codici·</strong></span> 
     </span>
     <span class='ocr_line' id='line_1_55' title="bbox 1437 783 2508 851; baseline 0.009 -18"><span class='ocrx_word' id='word_1_292' title='bbox 1437 783 1533 834; x_wconf 87' lang='lat' dir='ltr'><strong>bus</strong></span> <span class='ocrx_word' id='word_1_293' title='bbox 1566 784 1672 835; x_wconf 88' lang='lat' dir='ltr'><strong>suis</strong></span> <span class='ocrx_word' id='word_1_294' title='bbox 1704 784 2030 850; x_wconf 78' lang='lat' dir='ltr'><strong>confirmari3</strong></span> <span class='ocrx_word' id='word_1_295' title='bbox 2070 796 2277 841; x_wconf 83' lang='lat' dir='ltr'><strong>constat</strong></span> <span class='ocrx_word' id='word_1_296' title='bbox 2310 797 2508 851; x_wconf 84' lang='lat' dir='ltr'><strong>tamen,</strong></span> 
     </span>
     <span class='ocr_line' id='line_1_56' title="bbox 1436 861 2507 935; baseline 0.008 -23"><span class='ocrx_word' id='word_1_297' title='bbox 1436 861 1609 926; x_wconf 87' lang='lat' dir='ltr'><strong>ipsum</strong></span> <span class='ocrx_word' id='word_1_298' title='bbox 1643 864 1788 915; x_wconf 86' lang='lat' dir='ltr'><strong>nullo</strong></span> <span class='ocrx_word' id='word_1_299' title='bbox 1822 865 2005 916; x_wconf 81' lang='lat' dir='ltr'><strong>codice</strong></span> <span class='ocrx_word' id='word_1_300' title='bbox 2040 866 2144 920; x_wconf 88' lang='lat' dir='ltr'><strong>Ms.</strong></span> <span class='ocrx_word' id='word_1_301' title='bbox 2177 882 2323 919; x_wconf 88' lang='lat' dir='ltr'><strong>usum</strong></span> <span class='ocrx_word' id='word_1_302' title='bbox 2369 884 2507 935; x_wconf 85' lang='lat' dir='ltr'><strong>esse,</strong></span> 
     </span>
     <span class='ocr_line' id='line_1_57' title="bbox 1434 937 2511 1007; baseline 0.006 -15"><span class='ocrx_word' id='word_1_303' title='bbox 1434 937 1541 992; x_wconf 76' lang='lat' dir='ltr'><strong>nisi</strong></span> <span class='ocrx_word' id='word_1_304' title='bbox 1572 941 1837 1004; x_wconf 82' lang='lat' dir='ltr'><strong>excerptis</strong></span> <span class='ocrx_word' id='word_1_305' title='bbox 1871 941 2156 1007; x_wconf 86' lang='lat' dir='ltr'><strong>Vossianis,</strong></span> <span class='ocrx_word' id='word_1_306' title='bbox 2178 950 2233 995; x_wconf 88' lang='lat' dir='ltr'><strong>et</strong></span> <span class='ocrx_word' id='word_1_307' title='bbox 2266 947 2511 999; x_wconf 75' lang='lat' dir='ltr'><strong>varisuti-</strong></span> 
     </span>
     <span class='ocr_line' id='line_1_58' title="bbox 1438 1012 2507 1088; baseline 0.009 -23"><span class='ocrx_word' id='word_1_308' title='bbox 1438 1012 1535 1065; x_wconf 85' lang='lat' dir='ltr'><strong>bus</strong></span> <span class='ocrx_word' id='word_1_309' title='bbox 1568 1015 1885 1068; x_wconf 89' lang='lat' dir='ltr'><strong>lectionibus</strong></span> <span class='ocrx_word' id='word_1_310' title='bbox 1919 1033 1950 1069; x_wconf 92' lang='lat' dir='ltr'><strong>e</strong></span> <span class='ocrx_word' id='word_1_311' title='bbox 1988 1020 2173 1071; x_wconf 88' lang='lat' dir='ltr'><strong>codice</strong></span> <span class='ocrx_word' id='word_1_312' title='bbox 2212 1022 2507 1088; x_wconf 73' lang='lat' dir='ltr'><strong>Guelpher-</strong></span> 
     </span>
     <span class='ocr_line' id='line_1_59' title="bbox 1440 1089 2509 1164; baseline 0.011 -24"><span class='ocrx_word' id='word_1_313' title='bbox 1440 1089 1637 1155; x_wconf 83' lang='lat' dir='ltr'><strong>bytano</strong></span> <span class='ocrx_word' id='word_1_314' title='bbox 1667 1093 1962 1160; x_wconf 85' lang='lat' dir='ltr'><strong>descriptis.</strong></span> <span class='ocrx_word' id='word_1_315' title='bbox 2028 1096 2103 1147; x_wconf 88' lang='lat' dir='ltr'><strong>At</strong></span> <span class='ocrx_word' id='word_1_316' title='bbox 2125 1098 2178 1147; x_wconf 91' lang='lat' dir='ltr'><strong>in</strong></span> <span class='ocrx_word' id='word_1_317' title='bbox 2204 1099 2300 1150; x_wconf 85' lang='lat' dir='ltr'><strong>boc</strong></span> <span class='ocrx_word' id='word_1_318' title='bbox 2324 1101 2509 1164; x_wconf 76' lang='lat' dir='ltr'><strong>codiee</strong></span> 
     </span>
     <span class='ocr_line' id='line_1_60' title="bbox 1438 1168 2508 1240; baseline 0.008 -21"><span class='ocrx_word' id='word_1_319' title='bbox 1438 1168 1666 1233; x_wconf 85' lang='lat' dir='ltr'><strong>Guelpb.</strong></span> <span class='ocrx_word' id='word_1_320' title='bbox 1684 1176 1834 1221; x_wconf 82' lang='lat' dir='ltr'><strong>extat</strong></span> <span class='ocrx_word' id='word_1_321' title='bbox 1854 1173 2060 1224; x_wconf 87' lang='lat' dir='ltr'><strong>omniuo</strong></span> <span class='ocrx_word' id='word_1_322' title='bbox 2084 1176 2310 1240; x_wconf 81' lang='lat' dir='ltr'><strong>vulgaris</strong></span> <span class='ocrx_word' id='word_1_323' title='bbox 2327 1177 2508 1237; x_wconf 84' lang='lat' dir='ltr'><strong>lectio,</strong></span> 
     </span>
     <span class='ocr_line' id='line_1_61' title="bbox 1434 1246 2513 1315; baseline 0.007 -17"><span class='ocrx_word' id='word_1_324' title='bbox 1434 1246 1562 1298; x_wconf 69' lang='lat' dir='ltr'><strong>m’ltil</strong></span> <span class='ocrx_word' id='word_1_325' title='bbox 1577 1247 1679 1312; x_wconf 73' lang='lat' dir='ltr'><strong>ipso</strong></span> <span class='ocrx_word' id='word_1_326' title='bbox 1695 1252 1761 1310; x_wconf 76' lang='lat' dir='ltr'><strong>ts,</strong></span> <span class='ocrx_word' id='word_1_327' title='bbox 1780 1248 1892 1299; x_wconf 89' lang='lat' dir='ltr'><strong>sine</strong></span> <span class='ocrx_word' id='word_1_328' title='bbox 1911 1252 2280 1315; x_wconf 67' lang='lat' dir='ltr'><strong>prepositione</strong></span> <span class='ocrx_word' id='word_1_329' title='bbox 2294 1254 2365 1304; x_wconf 73' lang='lat' dir='ltr'><strong>ia.</strong></span> <span class='ocrx_word' id='word_1_330' title='bbox 2406 1255 2513 1306; x_wconf 81' lang='lat' dir='ltr'><strong>Ex-</strong></span> 
     </span>
     <span class='ocr_line' id='line_1_62' title="bbox 1440 1327 2511 1398; baseline 0.009 -25"><span class='ocrx_word' id='word_1_331' title='bbox 1440 1332 1626 1389; x_wconf 84' lang='lat' dir='ltr'><strong>cerpta</strong></span> <span class='ocrx_word' id='word_1_332' title='bbox 1639 1340 1764 1375; x_wconf 81' lang='lat' dir='ltr'><strong>vero</strong></span> <span class='ocrx_word' id='word_1_333' title='bbox 1779 1327 2033 1379; x_wconf 75' lang='lat' dir='ltr'><strong>Vossiana</strong></span> <span class='ocrx_word' id='word_1_334' title='bbox 2051 1329 2289 1381; x_wconf 86' lang='lat' dir='ltr'><strong>nituntur</strong></span> <span class='ocrx_word' id='word_1_335' title='bbox 2300 1331 2511 1398; x_wconf 83' lang='lat' dir='ltr'><strong>quidem</strong></span> 
     </span>
     <span class='ocr_line' id='line_1_63' title="bbox 1441 1402 2513 1467; baseline 0.007 -16"><span class='ocrx_word' id='word_1_336' title='bbox 1441 1402 1717 1467; x_wconf 83' lang='lat' dir='ltr'><strong>aliquando</strong></span> <span class='ocrx_word' id='word_1_337' title='bbox 1761 1405 2061 1457; x_wconf 87' lang='lat' dir='ltr'><strong>testimonio</strong></span> <span class='ocrx_word' id='word_1_338' title='bbox 2103 1409 2339 1460; x_wconf 88' lang='lat' dir='ltr'><strong>codicum</strong></span> <span class='ocrx_word' id='word_1_339' title='bbox 2379 1410 2513 1461; x_wconf 68' lang='grc' dir='ltr'><strong>Μαι.</strong></span> 
     </span>
     <span class='ocr_line' id='line_1_64' title="bbox 1436 1478 2512 1545; baseline 0.008 -16"><span class='ocrx_word' id='word_1_340' title='bbox 1436 1478 1538 1530; x_wconf 85' lang='lat' dir='ltr'><strong>sed</strong></span> <span class='ocrx_word' id='word_1_341' title='bbox 1572 1480 1916 1545; x_wconf 71' lang='lat' dir='ltr'><strong>incertorum,¹</strong></span> <span class='ocrx_word' id='word_1_342' title='bbox 1943 1496 2046 1534; x_wconf 88' lang='lat' dir='ltr'><strong>nec</strong></span> <span class='ocrx_word' id='word_1_343' title='bbox 2079 1484 2379 1538; x_wconf 85' lang='lat' dir='ltr'><strong>nominatim</strong></span> <span class='ocrx_word' id='word_1_344' title='bbox 2419 1485 2512 1538; x_wconf 85' lang='lat' dir='ltr'><strong>de-</strong></span> 
     </span>
     <span class='ocr_line' id='line_1_65' title="bbox 1443 1557 2511 1622; baseline 0.009 -17"><span class='ocrx_word' id='word_1_345' title='bbox 1443 1557 1797 1621; x_wconf 76' lang='lat' dir='ltr'><strong>signatorum3</strong></span> <span class='ocrx_word' id='word_1_346' title='bbox 1832 1565 2093 1622; x_wconf 62' lang='lat' dir='ltr'><strong>praterea</strong></span> <span class='ocrx_word' id='word_1_347' title='bbox 2114 1575 2212 1612; x_wconf 87' lang='lat' dir='ltr'><strong>nec</strong></span> <span class='ocrx_word' id='word_1_348' title='bbox 2236 1577 2353 1613; x_wconf 84' lang='lat' dir='ltr'><strong>raro</strong></span> <span class='ocrx_word' id='word_1_349' title='bbox 2372 1564 2511 1615; x_wconf 87' lang='lat' dir='ltr'><strong>solas</strong></span> 
     </span>
     <span class='ocr_line' id='line_1_66' title="bbox 1443 1635 2510 1704; baseline 0.007 -19"><span class='ocrx_word' id='word_1_350' title='bbox 1443 1635 1772 1700; x_wconf 82' lang='lat' dir='ltr'><strong>conjecturas</strong></span> <span class='ocrx_word' id='word_1_351' title='bbox 1795 1635 2109 1689; x_wconf 77' lang='lat' dir='ltr'><strong>admiscent..</strong></span> <span class='ocrx_word' id='word_1_352' title='bbox 2155 1640 2414 1704; x_wconf 83' lang='lat' dir='ltr'><strong>Equidem</strong></span> <span class='ocrx_word' id='word_1_353' title='bbox 2432 1638 2510 1691; x_wconf 81' lang='lat' dir='ltr'><strong>fa·</strong></span> 
     </span>
     <span class='ocr_line' id='line_1_67' title="bbox 1444 1717 2514 1775; baseline 0.005 -12"><span class='ocrx_word' id='word_1_354' title='bbox 1444 1719 1582 1775; x_wconf 88' lang='lat' dir='ltr'><strong>teor,</strong></span> <span class='ocrx_word' id='word_1_355' title='bbox 1603 1726 1700 1763; x_wconf 84' lang='lat' dir='ltr'><strong>nec</strong></span> <span class='ocrx_word' id='word_1_356' title='bbox 1720 1727 1851 1763; x_wconf 66' lang='lat' dir='ltr'><strong>meas</strong></span> <span class='ocrx_word' id='word_1_357' title='bbox 1873 1717 2183 1767; x_wconf 86' lang='lat' dir='ltr'><strong>correctioni</strong></span> <span class='ocrx_word' id='word_1_358' title='bbox 2209 1717 2378 1768; x_wconf 83' lang='lat' dir='ltr'><strong>adbuc</strong></span> <span class='ocrx_word' id='word_1_359' title='bbox 2399 1732 2514 1768; x_wconf 85' lang='lat' dir='ltr'><strong>suc·</strong></span> 
     </span>
     <span class='ocr_line' id='line_1_68' title="bbox 1443 1791 2514 1858; baseline 0.005 -18"><span class='ocrx_word' id='word_1_360' title='bbox 1443 1803 1659 1841; x_wconf 89' lang='lat' dir='ltr'><strong>currere</strong></span> <span class='ocrx_word' id='word_1_361' title='bbox 1689 1791 1910 1856; x_wconf 87' lang='lat' dir='ltr'><strong>alicujus</strong></span> <span class='ocrx_word' id='word_1_362' title='bbox 1938 1793 2137 1858; x_wconf 79' lang='lat' dir='ltr'><strong>antiqui</strong></span> <span class='ocrx_word' id='word_1_363' title='bbox 2168 1794 2368 1845; x_wconf 86' lang='lat' dir='ltr'><strong>codicis</strong></span> <span class='ocrx_word' id='word_1_364' title='bbox 2402 1793 2514 1845; x_wconf 83' lang='lat' dir='ltr'><strong>suf·</strong></span> 
     </span>
     <span class='ocr_line' id='line_1_69' title="bbox 1441 1864 2513 1934; baseline 0.006 -18"><span class='ocrx_word' id='word_1_365' title='bbox 1441 1864 1687 1932; x_wconf 75' lang='lat' dir='ltr'><strong>fragium.</strong></span> <span class='ocrx_word' id='word_1_366' title='bbox 1761 1868 2137 1934; x_wconf 81' lang='lat' dir='ltr'><strong>Veruntamen,</strong></span> <span class='ocrx_word' id='word_1_367' title='bbox 2174 1870 2219 1921; x_wconf 90' lang='lat' dir='ltr'><strong>si</strong></span> <span class='ocrx_word' id='word_1_368' title='bbox 2259 1872 2313 1922; x_wconf 89' lang='lat' dir='ltr'><strong>in</strong></span> <span class='ocrx_word' id='word_1_369' title='bbox 2351 1869 2513 1923; x_wconf 87' lang='lat' dir='ltr'><strong>corri—</strong></span> 
     </span>
     <span class='ocr_line' id='line_1_70' title="bbox 1444 1943 2513 2012; baseline 0.007 -18"><span class='ocrx_word' id='word_1_370' title='bbox 1444 1943 1626 2005; x_wconf 72' lang='lat' dir='ltr'><strong>gendis</strong></span> <span class='ocrx_word' id='word_1_371' title='bbox 1657 1944 1787 1994; x_wconf 88' lang='lat' dir='ltr'><strong>locis</strong></span> <span class='ocrx_word' id='word_1_372' title='bbox 1809 1953 1995 2009; x_wconf 85' lang='lat' dir='ltr'><strong>aperte</strong></span> <span class='ocrx_word' id='word_1_373' title='bbox 2018 1947 2300 2012; x_wconf 84' lang='lat' dir='ltr'><strong>corruptis,</strong></span> <span class='ocrx_word' id='word_1_374' title='bbox 2321 1947 2414 2002; x_wconf 78' lang='lat' dir='ltr'><strong>nbi</strong></span> <span class='ocrx_word' id='word_1_375' title='bbox 2434 1948 2513 2002; x_wconf 76' lang='lat' dir='ltr'><strong>ni·</strong></span> 
     </span>
     <span class='ocr_line' id='line_1_71' title="bbox 1443 2018 2518 2084; baseline 0.005 -15"><span class='ocrx_word' id='word_1_376' title='bbox 1443 2019 1520 2070; x_wconf 87' lang='lat' dir='ltr'><strong>hil</strong></span> <span class='ocrx_word' id='word_1_377' title='bbox 1556 2020 1781 2084; x_wconf 71' lang='lat' dir='ltr'><strong>praesidii</strong></span> <span class='ocrx_word' id='word_1_378' title='bbox 1817 2018 2040 2072; x_wconf 83' lang='lat' dir='ltr'><strong>afferunt</strong></span> <span class='ocrx_word' id='word_1_379' title='bbox 2057 2023 2277 2074; x_wconf 68' lang='lat' dir='ltr'><strong>codices</strong></span> <span class='ocrx_word' id='word_1_380' title='bbox 2305 2025 2518 2080; x_wconf 81' lang='lat' dir='ltr'><strong>vetusti.</strong></span> 
     </span>
     <span class='ocr_line' id='line_1_72' title="bbox 1447 2096 2519 2162; baseline 0.004 -16"><span class='ocrx_word' id='word_1_381' title='bbox 1447 2110 1530 2154; x_wconf 85' lang='lat' dir='ltr'><strong>ea,</strong></span> <span class='ocrx_word' id='word_1_382' title='bbox 1549 2111 1666 2162; x_wconf 72' lang='lat' dir='ltr'><strong>quie</strong></span> <span class='ocrx_word' id='word_1_383' title='bbox 1698 2097 1955 2147; x_wconf 84' lang='lat' dir='ltr'><strong>lenissima</strong></span> <span class='ocrx_word' id='word_1_384' title='bbox 1985 2104 2042 2149; x_wconf 83' lang='lat' dir='ltr'><strong>et</strong></span> <span class='ocrx_word' id='word_1_385' title='bbox 2070 2096 2318 2151; x_wconf 78' lang='lat' dir='ltr'><strong>facillima</strong></span> <span class='ocrx_word' id='word_1_386' title='bbox 2344 2114 2519 2153; x_wconf 89' lang='lat' dir='ltr'><strong>emen-</strong></span> 
     </span>
     <span class='ocr_line' id='line_1_73' title="bbox 1447 2172 2520 2244; baseline 0.007 -21"><span class='ocrx_word' id='word_1_387' title='bbox 1447 2172 1608 2230; x_wconf 85' lang='lat' dir='ltr'><strong>dandi</strong></span> <span class='ocrx_word' id='word_1_388' title='bbox 1627 2174 1760 2224; x_wconf 87' lang='lat' dir='ltr'><strong>ratio</strong></span> <span class='ocrx_word' id='word_1_389' title='bbox 1777 2174 1956 2226; x_wconf 85' lang='lat' dir='ltr'><strong>baberi</strong></span> <span class='ocrx_word' id='word_1_390' title='bbox 1977 2183 2168 2239; x_wconf 83' lang='lat' dir='ltr'><strong>potest,</strong></span> <span class='ocrx_word' id='word_1_391' title='bbox 2190 2175 2309 2228; x_wconf 88' lang='lat' dir='ltr'><strong>iniri</strong></span> <span class='ocrx_word' id='word_1_392' title='bbox 2327 2178 2520 2244; x_wconf 82' lang='lat' dir='ltr'><strong>debet3</strong></span> 
     </span>
     <span class='ocr_line' id='line_1_74' title="bbox 1449 2250 2519 2318; baseline 0.005 -17"><span class='ocrx_word' id='word_1_393' title='bbox 1449 2264 1552 2301; x_wconf 88' lang='lat' dir='ltr'><strong>non</strong></span> <span class='ocrx_word' id='word_1_394' title='bbox 1585 2250 1737 2302; x_wconf 84' lang='lat' dir='ltr'><strong>video</strong></span> <span class='ocrx_word' id='word_1_395' title='bbox 1770 2252 2061 2318; x_wconf 89' lang='lat' dir='ltr'><strong>sane,quid</strong></span> <span class='ocrx_word' id='word_1_396' title='bbox 2095 2254 2260 2304; x_wconf 87' lang='lat' dir='ltr'><strong>lenius</strong></span> <span class='ocrx_word' id='word_1_397' title='bbox 2288 2252 2519 2308; x_wconf 78' lang='lat' dir='ltr'><strong>facilius·</strong></span> 
     </span>
     <span class='ocr_line' id='line_1_75' title="bbox 1447 2325 2519 2394; baseline 0.003 -17"><span class='ocrx_word' id='word_1_398' title='bbox 1447 2341 1550 2393; x_wconf 81' lang='lat' dir='ltr'><strong>que</strong></span> <span class='ocrx_word' id='word_1_399' title='bbox 1565 2325 1682 2378; x_wconf 83' lang='lat' dir='ltr'><strong>fieri</strong></span> <span class='ocrx_word' id='word_1_400' title='bbox 1703 2328 1887 2392; x_wconf 86' lang='lat' dir='ltr'><strong>possit,</strong></span> <span class='ocrx_word' id='word_1_401' title='bbox 1902 2343 2054 2393; x_wconf 89' lang='lat' dir='ltr'><strong>quam</strong></span> <span class='ocrx_word' id='word_1_402' title='bbox 2074 2328 2115 2378; x_wconf 86' lang='lat' dir='ltr'><strong>si</strong></span> <span class='ocrx_word' id='word_1_403' title='bbox 2138 2329 2190 2379; x_wconf 88' lang='lat' dir='ltr'><strong>in</strong></span> <span class='ocrx_word' id='word_1_404' title='bbox 2217 2331 2519 2394; x_wconf 84' lang='lat' dir='ltr'><strong>pronomine</strong></span> 
     </span>
     <span class='ocr_line' id='line_1_76' title="bbox 1445 2405 2521 2469; baseline 0.007 -14"><span class='ocrx_word' id='word_1_405' title='bbox 1445 2405 1567 2469; x_wconf 70' lang='lat' dir='ltr'><strong>ipso,</strong></span> <span class='ocrx_word' id='word_1_406' title='bbox 1601 2405 1760 2457; x_wconf 86' lang='lat' dir='ltr'><strong>unica</strong></span> <span class='ocrx_word' id='word_1_407' title='bbox 1797 2406 2057 2458; x_wconf 77' lang='lat' dir='ltr'><strong>duntaxat</strong></span> <span class='ocrx_word' id='word_1_408' title='bbox 2091 2406 2298 2458; x_wconf 83' lang='lat' dir='ltr'><strong>literula</strong></span> <span class='ocrx_word' id='word_1_409' title='bbox 2330 2423 2360 2460; x_wconf 80' lang='lat' dir='ltr'><strong>o</strong></span> <span class='ocrx_word' id='word_1_410' title='bbox 2396 2408 2449 2458; x_wconf 93' lang='lat' dir='ltr'><strong>in</strong></span> <span class='ocrx_word' id='word_1_411' title='bbox 2483 2424 2521 2463; x_wconf 59' lang='lat' dir='ltr'><strong>a</strong></span> 
     </span>
     <span class='ocr_line' id='line_1_77' title="bbox 1448 2480 2523 2549; baseline 0.004 -16"><span class='ocrx_word' id='word_1_412' title='bbox 1448 2487 1828 2543; x_wconf 76' lang='lat' dir='ltr'><strong>convertatur3</strong></span> <span class='ocrx_word' id='word_1_413' title='bbox 1862 2480 1998 2533; x_wconf 84' lang='lat' dir='ltr'><strong>unde</strong></span> <span class='ocrx_word' id='word_1_414' title='bbox 2028 2481 2187 2531; x_wconf 82' lang='lat' dir='ltr'><strong>nihilo</strong></span> <span class='ocrx_word' id='word_1_415' title='bbox 2216 2484 2383 2536; x_wconf 86' lang='lat' dir='ltr'><strong>minus</strong></span> <span class='ocrx_word' id='word_1_416' title='bbox 2414 2485 2523 2549; x_wconf 79' lang='lat' dir='ltr'><strong>pla·</strong></span> 
     </span>
     <span class='ocr_line' id='line_1_78' title="bbox 1450 2558 2523 2623; baseline 0.005 -16"><span class='ocrx_word' id='word_1_417' title='bbox 1450 2559 1759 2623; x_wconf 85' lang='lat' dir='ltr'><strong>nissima,et</strong></span> <span class='ocrx_word' id='word_1_418' title='bbox 1792 2558 1969 2609; x_wconf 89' lang='lat' dir='ltr'><strong>Plinio</strong></span> <span class='ocrx_word' id='word_1_419' title='bbox 1999 2558 2321 2623; x_wconf 75' lang='lat' dir='ltr'><strong>dignissima,</strong></span> <span class='ocrx_word' id='word_1_420' title='bbox 2342 2560 2523 2612; x_wconf 83' lang='lat' dir='ltr'><strong>evadit</strong></span> 
     </span>
     <span class='ocr_line' id='line_1_79' title="bbox 1450 2628 2521 2700; baseline 0 -15"><span class='ocrx_word' id='word_1_421' title='bbox 1450 2635 1731 2693; x_wconf 82' lang='lat' dir='ltr'><strong>sententia,</strong></span> <span class='ocrx_word' id='word_1_422' title='bbox 1754 2628 1911 2685; x_wconf 78' lang='lat' dir='ltr'><strong>etiam</strong></span> <span class='ocrx_word' id='word_1_423' title='bbox 1934 2634 2045 2684; x_wconf 87' lang='lat' dir='ltr'><strong>sine</strong></span> <span class='ocrx_word' id='word_1_424' title='bbox 2068 2634 2373 2700; x_wconf 84' lang='lat' dir='ltr'><strong>adjumento</strong></span> <span class='ocrx_word' id='word_1_425' title='bbox 2401 2650 2521 2700; x_wconf 83' lang='lat' dir='ltr'><strong>par·</strong></span> 
     </span>
     <span class='ocr_line' id='line_1_80' title="bbox 1451 2710 2522 2766; baseline 0.004 -4"><span class='ocrx_word' id='word_1_426' title='bbox 1451 2710 1629 2763; x_wconf 77' lang='lat' dir='ltr'><strong>ticuloe</strong></span> <span class='ocrx_word' id='word_1_427' title='bbox 1665 2710 1874 2762; x_wconf 78' lang='lat' dir='ltr'><strong>aliunde</strong></span> <span class='ocrx_word' id='word_1_428' title='bbox 1906 2710 2286 2763; x_wconf 73' lang='lat' dir='ltr'><strong>adsciscendae.</strong></span> <span class='ocrx_word' id='word_1_429' title='bbox 2347 2713 2522 2766; x_wconf 79' lang='lat' dir='ltr'><strong>Quam</strong></span> 
     </span>
     <span class='ocr_line' id='line_1_81' title="bbox 1450 2785 2523 2853; baseline 0.001 -15"><span class='ocrx_word' id='word_1_430' title='bbox 1450 2787 1614 2840; x_wconf 73' lang='lat' dir='ltr'><strong>facile</strong></span> <span class='ocrx_word' id='word_1_431' title='bbox 1642 2794 1816 2837; x_wconf 87' lang='lat' dir='ltr'><strong>autem</strong></span> <span class='ocrx_word' id='word_1_432' title='bbox 1837 2793 1895 2837; x_wconf 85' lang='lat' dir='ltr'><strong>et</strong></span> <span class='ocrx_word' id='word_1_433' title='bbox 1914 2801 2069 2852; x_wconf 88' lang='lat' dir='ltr'><strong>quam</strong></span> <span class='ocrx_word' id='word_1_434' title='bbox 2092 2785 2395 2853; x_wconf 78' lang='lat' dir='ltr'><strong>frequenter</strong></span> <span class='ocrx_word' id='word_1_435' title='bbox 2413 2803 2445 2838; x_wconf 81' lang='lat' dir='ltr'><strong>a</strong></span> <span class='ocrx_word' id='word_1_436' title='bbox 2466 2789 2523 2839; x_wconf 86' lang='lat' dir='ltr'><strong>in</strong></span> 
     </span>
     <span class='ocr_line' id='line_1_82' title="bbox 1444 2863 2524 2929; baseline -0.002 -12"><span class='ocrx_word' id='word_1_437' title='bbox 1444 2883 1483 2917; x_wconf 76' lang='lat' dir='ltr'><strong>o</strong></span> <span class='ocrx_word' id='word_1_438' title='bbox 1507 2881 1539 2916; x_wconf 86' lang='lat' dir='ltr'><strong>a</strong></span> <span class='ocrx_word' id='word_1_439' title='bbox 1559 2865 1787 2916; x_wconf 87' lang='lat' dir='ltr'><strong>librariis</strong></span> <span class='ocrx_word' id='word_1_440' title='bbox 1808 2865 1880 2914; x_wconf 89' lang='lat' dir='ltr'><strong>sit</strong></span> <span class='ocrx_word' id='word_1_441' title='bbox 1899 2870 2174 2927; x_wconf 84' lang='lat' dir='ltr'><strong>mutatum,</strong></span> <span class='ocrx_word' id='word_1_442' title='bbox 2197 2863 2434 2929; x_wconf 85' lang='lat' dir='ltr'><strong>adeoque</strong></span> <span class='ocrx_word' id='word_1_443' title='bbox 2457 2872 2524 2916; x_wconf 80' lang='lat' dir='ltr'><strong>et</strong></span> 
     </span>
     <span class='ocr_line' id='line_1_83' title="bbox 1449 2940 2526 3010; baseline -0.002 -16"><span class='ocrx_word' id='word_1_444' title='bbox 1449 2944 1553 3010; x_wconf 74' lang='lat' dir='ltr'><strong>ipso</strong></span> <span class='ocrx_word' id='word_1_445' title='bbox 1583 2958 1679 3009; x_wconf 88' lang='lat' dir='ltr'><strong>pro</strong></span> <span class='ocrx_word' id='word_1_446' title='bbox 1705 2943 1818 3007; x_wconf 77' lang='lat' dir='ltr'><strong>ipsa</strong></span> <span class='ocrx_word' id='word_1_447' title='bbox 1844 2941 2122 3006; x_wconf 84' lang='lat' dir='ltr'><strong>scriptum,</strong></span> <span class='ocrx_word' id='word_1_448' title='bbox 2143 2940 2377 2993; x_wconf 87' lang='lat' dir='ltr'><strong>ostendit</strong></span> <span class='ocrx_word' id='word_1_449' title='bbox 2409 2941 2526 2994; x_wconf 81' lang='lat' dir='ltr'><strong>Sci·</strong></span> 
     </span>
     <span class='ocr_line' id='line_1_84' title="bbox 1450 3018 2525 3088; baseline -0.001 -17"><span class='ocrx_word' id='word_1_450' title='bbox 1450 3022 1639 3088; x_wconf 88' lang='lat' dir='ltr'><strong>oppius</strong></span> <span class='ocrx_word' id='word_1_451' title='bbox 1660 3020 1715 3071; x_wconf 88' lang='lat' dir='ltr'><strong>in</strong></span> <span class='ocrx_word' id='word_1_452' title='bbox 1738 3020 1873 3072; x_wconf 80' lang='lat' dir='ltr'><strong>Arte</strong></span> <span class='ocrx_word' id='word_1_453' title='bbox 1894 3018 2114 3083; x_wconf 79' lang='lat' dir='ltr'><strong>critica,</strong></span> <span class='ocrx_word' id='word_1_454' title='bbox 2134 3018 2219 3070; x_wconf 90' lang='lat' dir='ltr'><strong>ubi</strong></span> <span class='ocrx_word' id='word_1_455' title='bbox 2244 3018 2311 3068; x_wconf 90' lang='lat' dir='ltr'><strong>de</strong></span> <span class='ocrx_word' id='word_1_456' title='bbox 2333 3018 2525 3080; x_wconf 81' lang='lat' dir='ltr'><strong>literis,</strong></span> 
     </span>
     <span class='ocr_line' id='line_1_85' title="bbox 1451 3096 2525 3164; baseline -0.003 -15"><span class='ocrx_word' id='word_1_457' title='bbox 1451 3112 1571 3164; x_wconf 74' lang='lat' dir='ltr'><strong>qum</strong></span> <span class='ocrx_word' id='word_1_458' title='bbox 1598 3105 1864 3163; x_wconf 81' lang='lat' dir='ltr'><strong>corruptae</strong></span> <span class='ocrx_word' id='word_1_459' title='bbox 1890 3104 2029 3154; x_wconf 90' lang='lat' dir='ltr'><strong>sunt,</strong></span> <span class='ocrx_word' id='word_1_460' title='bbox 2054 3096 2184 3161; x_wconf 79' lang='lat' dir='ltr'><strong>agit,</strong></span> <span class='ocrx_word' id='word_1_461' title='bbox 2206 3111 2257 3161; x_wconf 89' lang='lat' dir='ltr'><strong>p.</strong></span> <span class='ocrx_word' id='word_1_462' title='bbox 2280 3101 2364 3152; x_wconf 69' lang='lat'><strong>52.</strong></span> <span class='ocrx_word' id='word_1_463' title='bbox 2426 3098 2525 3150; x_wconf 79' lang='lat' dir='ltr'><strong>Ta-</strong></span> 
     </span>
     <span class='ocr_line' id='line_1_86' title="bbox 1451 3171 2528 3240; baseline -0.004 -12"><span class='ocrx_word' id='word_1_464' title='bbox 1451 3191 1564 3234; x_wconf 85' lang='lat' dir='ltr'><strong>ceo,</strong></span> <span class='ocrx_word' id='word_1_465' title='bbox 1585 3178 1661 3227; x_wconf 88' lang='lat' dir='ltr'><strong>sic</strong></span> <span class='ocrx_word' id='word_1_466' title='bbox 1691 3189 1790 3240; x_wconf 87' lang='lat' dir='ltr'><strong>per</strong></span> <span class='ocrx_word' id='word_1_467' title='bbox 1819 3175 2136 3237; x_wconf 77' lang='lat' dir='ltr'><strong>singularem</strong></span> <span class='ocrx_word' id='word_1_468' title='bbox 2168 3171 2375 3237; x_wconf 74' lang='grc' dir='ltr'><strong>ἔμφασιν</strong></span> <span class='ocrx_word' id='word_1_469' title='bbox 2401 3172 2528 3237; x_wconf 88' lang='lat' dir='ltr'><strong>dici,</strong></span> 
     </span>
     <span class='ocr_line' id='line_1_87' title="bbox 1446 3250 2527 3317; baseline -0.003 -13"><span class='ocrx_word' id='word_1_470' title='bbox 1446 3254 1579 3304; x_wconf 61' lang='lat' dir='ltr'><strong>nihil</strong></span> <span class='ocrx_word' id='word_1_471' title='bbox 1596 3254 1703 3317; x_wconf 74' lang='lat' dir='ltr'><strong>ipso</strong></span> <span class='ocrx_word' id='word_1_472' title='bbox 1722 3257 1772 3303; x_wconf 73' lang='lat' dir='ltr'><strong>te</strong></span> <span class='ocrx_word' id='word_1_473' title='bbox 1782 3252 1990 3313; x_wconf 78' lang='lat' dir='ltr'><strong>fortuna</strong></span> <span class='ocrx_word' id='word_1_474' title='bbox 2011 3250 2215 3302; x_wconf 73' lang='lat' dir='ltr'><strong>mutavit</strong></span> <span class='ocrx_word' id='word_1_475' title='bbox 2225 3266 2249 3310; x_wconf 82' lang='lat'><strong>‚⁰</strong></span> <span class='ocrx_word' id='word_1_476' title='bbox 2281 3266 2401 3315; x_wconf 73' lang='lat' dir='ltr'><strong>quie</strong></span> <span class='ocrx_word' id='word_1_477' title='bbox 2423 3251 2527 3302; x_wconf 90' lang='lat' dir='ltr'><strong>sci-</strong></span> 
     </span>
     <span class='ocr_line' id='line_1_88' title="bbox 1449 3327 2526 3392; baseline -0.003 -12"><span class='ocrx_word' id='word_1_478' title='bbox 1449 3329 1576 3381; x_wconf 87' lang='lat' dir='ltr'><strong>licet</strong></span> <span class='ocrx_word' id='word_1_479' title='bbox 1610 3328 1740 3380; x_wconf 89' lang='lat' dir='ltr'><strong>alias</strong></span> <span class='ocrx_word' id='word_1_480' title='bbox 1771 3327 2016 3379; x_wconf 79' lang='lat' dir='ltr'><strong>facillime</strong></span> <span class='ocrx_word' id='word_1_481' title='bbox 2051 3334 2217 3378; x_wconf 89' lang='lat' dir='ltr'><strong>mutat</strong></span> <span class='ocrx_word' id='word_1_482' title='bbox 2244 3327 2526 3392; x_wconf 87' lang='lat' dir='ltr'><strong>principes.</strong></span> 
     </span>
     <span class='ocr_line' id='line_1_89' title="bbox 1455 3403 2528 3469; baseline -0.003 -12"><span class='ocrx_word' id='word_1_483' title='bbox 1455 3405 1616 3457; x_wconf 87' lang='lat' dir='ltr'><strong>Nulla</strong></span> <span class='ocrx_word' id='word_1_484' title='bbox 1642 3405 1725 3457; x_wconf 87' lang='lat' dir='ltr'><strong>bic</strong></span> <span class='ocrx_word' id='word_1_485' title='bbox 1753 3403 2083 3469; x_wconf 86' lang='lat' dir='ltr'><strong>oppositione</strong></span> <span class='ocrx_word' id='word_1_486' title='bbox 2114 3419 2245 3468; x_wconf 84' lang='lat' dir='ltr'><strong>opus</strong></span> <span class='ocrx_word' id='word_1_487' title='bbox 2276 3410 2359 3455; x_wconf 86' lang='lat' dir='ltr'><strong>est</strong></span> <span class='ocrx_word' id='word_1_488' title='bbox 2386 3404 2528 3456; x_wconf 80' lang='lat' dir='ltr'><strong>inter</strong></span> 
     </span>
     <span class='ocr_line' id='line_1_90' title="bbox 1455 3481 2528 3548; baseline -0.002 -14"><span class='ocrx_word' id='word_1_489' title='bbox 1455 3482 1760 3548; x_wconf 87' lang='lat' dir='ltr'><strong>particulas,</strong></span> <span class='ocrx_word' id='word_1_490' title='bbox 1781 3481 1909 3531; x_wconf 79' lang='lat' dir='ltr'><strong>circa</strong></span> <span class='ocrx_word' id='word_1_491' title='bbox 1931 3486 1997 3540; x_wconf 76' lang='lat' dir='ltr'><strong>te,</strong></span> <span class='ocrx_word' id='word_1_492' title='bbox 2021 3488 2076 3531; x_wconf 87' lang='lat' dir='ltr'><strong>et</strong></span> <span class='ocrx_word' id='word_1_493' title='bbox 2097 3481 2149 3531; x_wconf 78' lang='lat' dir='ltr'><strong>ia</strong></span> <span class='ocrx_word' id='word_1_494' title='bbox 2169 3486 2242 3531; x_wconf 70' lang='lat' dir='ltr'><strong>te.-</strong></span> <span class='ocrx_word' id='word_1_495' title='bbox 2281 3495 2398 3531; x_wconf 85' lang='lat' dir='ltr'><strong>cum</strong></span> <span class='ocrx_word' id='word_1_496' title='bbox 2429 3481 2528 3534; x_wconf 83' lang='lat' dir='ltr'><strong>boc</strong></span> 
     </span>
     <span class='ocr_line' id='line_1_91' title="bbox 1456 3556 2527 3621; baseline -0.003 -12"><span class='ocrx_word' id='word_1_497' title='bbox 1456 3572 1614 3610; x_wconf 88' lang='lat' dir='ltr'><strong>unum</strong></span> <span class='ocrx_word' id='word_1_498' title='bbox 1644 3557 1847 3608; x_wconf 88' lang='lat' dir='ltr'><strong>Plinius</strong></span> <span class='ocrx_word' id='word_1_499' title='bbox 1869 3557 2045 3608; x_wconf 85' lang='lat' dir='ltr'><strong>dicere</strong></span> <span class='ocrx_word' id='word_1_500' title='bbox 2071 3558 2317 3621; x_wconf 78' lang='lat' dir='ltr'><strong>voluerit,</strong></span> <span class='ocrx_word' id='word_1_501' title='bbox 2339 3556 2527 3610; x_wconf 78' lang='lat' dir='ltr'><strong>eedem</strong></span> 
     </span>
     <span class='ocr_line' id='line_1_92' title="bbox 1454 3633 2529 3700; baseline -0.002 -15"><span class='ocrx_word' id='word_1_502' title='bbox 1454 3636 1544 3686; x_wconf 79' lang='lat' dir='ltr'><strong>ills</strong></span> <span class='ocrx_word' id='word_1_503' title='bbox 1581 3634 1776 3698; x_wconf 90' lang='lat' dir='ltr'><strong>omnia,</strong></span> <span class='ocrx_word' id='word_1_504' title='bbox 1809 3634 1875 3685; x_wconf 87' lang='lat' dir='ltr'><strong>de</strong></span> <span class='ocrx_word' id='word_1_505' title='bbox 1907 3634 2100 3700; x_wconf 80' lang='lat' dir='ltr'><strong>quibus</strong></span> <span class='ocrx_word' id='word_1_506' title='bbox 2135 3633 2290 3683; x_wconf 87' lang='lat' dir='ltr'><strong>modo</strong></span> <span class='ocrx_word' id='word_1_507' title='bbox 2321 3634 2529 3686; x_wconf 79' lang='lat' dir='ltr'><strong>locutus</strong></span> 
     </span>
     <span class='ocr_line' id='line_1_93' title="bbox 1454 3711 2529 3778; baseline -0.001 -17"><span class='ocrx_word' id='word_1_508' title='bbox 1454 3717 1588 3778; x_wconf 83' lang='lat' dir='ltr'><strong>erat,</strong></span> <span class='ocrx_word' id='word_1_509' title='bbox 1621 3726 1830 3762; x_wconf 87' lang='lat' dir='ltr'><strong>manere</strong></span> <span class='ocrx_word' id='word_1_510' title='bbox 1865 3713 2008 3762; x_wconf 90' lang='lat' dir='ltr'><strong>circa</strong></span> <span class='ocrx_word' id='word_1_511' title='bbox 2042 3711 2326 3775; x_wconf 87' lang='lat' dir='ltr'><strong>Trajanum</strong></span> <span class='ocrx_word' id='word_1_512' title='bbox 2363 3711 2529 3775; x_wconf 76' lang='lat' dir='ltr'><strong>impe-</strong></span> 
     </span>
     <span class='ocr_line' id='line_1_94' title="bbox 1452 3788 2527 3856; baseline -0.002 -12"><span class='ocrx_word' id='word_1_513' title='bbox 1452 3799 1719 3854; x_wconf 80' lang='lat' dir='ltr'><strong>ratorem3</strong></span> <span class='ocrx_word' id='word_1_514' title='bbox 1759 3806 1880 3843; x_wconf 82' lang='lat' dir='ltr'><strong>cum</strong></span> <span class='ocrx_word' id='word_1_515' title='bbox 1914 3805 1983 3841; x_wconf 90' lang='lat' dir='ltr'><strong>ne</strong></span> <span class='ocrx_word' id='word_1_516' title='bbox 2025 3790 2235 3855; x_wconf 86' lang='lat' dir='ltr'><strong>quidem</strong></span> <span class='ocrx_word' id='word_1_517' title='bbox 2272 3790 2387 3856; x_wconf 88' lang='lat' dir='ltr'><strong>ipsa</strong></span> <span class='ocrx_word' id='word_1_518' title='bbox 2419 3788 2527 3842; x_wconf 81' lang='lat' dir='ltr'><strong>for-</strong></span> 
     </span>
     <span class='ocr_line' id='line_1_95' title="bbox 1456 3870 2166 3922; baseline -0.004 0"><span class='ocrx_word' id='word_1_519' title='bbox 1456 3875 1585 3922; x_wconf 87' lang='lat' dir='ltr'><strong>tuna</strong></span> <span class='ocrx_word' id='word_1_520' title='bbox 1605 3884 1722 3919; x_wconf 91' lang='lat' dir='ltr'><strong>eum</strong></span> <span class='ocrx_word' id='word_1_521' title='bbox 1746 3870 1979 3920; x_wconf 88' lang='lat' dir='ltr'><strong>mutarit.</strong></span> <span class='ocrx_word' id='word_1_522' title='bbox 2015 3870 2166 3919; x_wconf 84' lang='lat' dir='ltr'><strong>Idem.</strong></span> 
     </span>
    </p>

    <p class='ocr_par' dir='ltr' id='par_1_6' title="bbox 1452 3944 2529 4165">
     <span class='ocr_line' id='line_1_96' title="bbox 1522 3944 2527 4011; baseline -0.001 -15"><span class='ocrx_word' id='word_1_523' title='bbox 1522 3947 1667 3998; x_wconf 68' lang='lat' dir='ltr'><strong>Nihil</strong></span> <span class='ocrx_word' id='word_1_524' title='bbox 1693 3946 1801 4011; x_wconf 72' lang='lat' dir='ltr'><strong>ipsa</strong></span> <span class='ocrx_word' id='word_1_525' title='bbox 1834 3952 1885 3997; x_wconf 77' lang='lat' dir='ltr'><strong>te</strong></span> <span class='ocrx_word' id='word_1_526' title='bbox 1903 3946 2133 4011; x_wconf 78' lang='lat' dir='ltr'><strong>fortuna]</strong></span> <span class='ocrx_word' id='word_1_527' title='bbox 2177 3944 2354 3996; x_wconf 85' lang='lat' dir='ltr'><strong>Editio</strong></span> <span class='ocrx_word' id='word_1_528' title='bbox 2388 3944 2527 3996; x_wconf 86' lang='lat' dir='ltr'><strong>Rbe-</strong></span> 
     </span>
     <span class='ocr_line' id='line_1_97' title="bbox 1452 4022 2529 4087; baseline -0.002 -11"><span class='ocrx_word' id='word_1_529' title='bbox 1452 4038 1613 4085; x_wconf 81' lang='lat' dir='ltr'><strong>naua,</strong></span> <span class='ocrx_word' id='word_1_530' title='bbox 1637 4025 1764 4075; x_wconf 68' lang='lat' dir='ltr'><strong>nihil</strong></span> <span class='ocrx_word' id='word_1_531' title='bbox 1793 4023 1898 4087; x_wconf 75' lang='lat' dir='ltr'><strong>ipso</strong></span> <span class='ocrx_word' id='word_1_532' title='bbox 1925 4028 1979 4073; x_wconf 74' lang='lat' dir='ltr'><strong>te</strong></span> <span class='ocrx_word' id='word_1_533' title='bbox 2001 4023 2207 4084; x_wconf 74' lang='lat' dir='ltr'><strong>fortuna</strong></span> <span class='ocrx_word' id='word_1_534' title='bbox 2221 4039 2244 4084; x_wconf 90' lang='lat'><strong>,·</strong></span> <span class='ocrx_word' id='word_1_535' title='bbox 2273 4022 2367 4074; x_wconf 83' lang='lat' dir='ltr'><strong>sed</strong></span> <span class='ocrx_word' id='word_1_536' title='bbox 2400 4023 2529 4084; x_wconf 62' lang='lat' dir='ltr'><strong>nibil</strong></span> 
     </span>
     <span class='ocr_line' id='line_1_98' title="bbox 1456 4099 2165 4165; baseline -0.003 -14"><span class='ocrx_word' id='word_1_537' title='bbox 1456 4102 1635 4165; x_wconf 76' lang='lat' dir='ltr'><strong>inipso</strong></span> <span class='ocrx_word' id='word_1_538' title='bbox 1659 4102 1941 4163; x_wconf 74' lang='lat' dir='ltr'><strong>teser-tuna.</strong></span> <span class='ocrx_word' id='word_1_539' title='bbox 1974 4099 2165 4150; x_wconf 83' lang='lat' dir='ltr'><strong>Faber.</strong></span> 
     </span>
    </p>

    <p class='ocr_par' dir='ltr' id='par_1_7' title="bbox 1442 4176 2525 4316">
     <span class='ocr_line' id='line_1_99' title="bbox 1525 4176 2525 4241; baseline -0.001 -13"><span class='ocrx_word' id='word_1_540' title='bbox 1525 4178 1673 4228; x_wconf 74' lang='lat' dir='ltr'><strong>Nihil</strong></span> <span class='ocrx_word' id='word_1_541' title='bbox 1703 4177 1811 4240; x_wconf 81' lang='lat' dir='ltr'><strong>ipsa</strong></span> <span class='ocrx_word' id='word_1_542' title='bbox 1831 4181 1879 4227; x_wconf 70' lang='lat' dir='ltr'><strong>te</strong></span> <span class='ocrx_word' id='word_1_543' title='bbox 1890 4176 2123 4241; x_wconf 74' lang='lat' dir='ltr'><strong>fortuna]</strong></span> <span class='ocrx_word' id='word_1_544' title='bbox 2162 4176 2304 4227; x_wconf 70' lang='lat' dir='ltr'><strong>Nihil</strong></span> <span class='ocrx_word' id='word_1_545' title='bbox 2334 4176 2439 4240; x_wconf 74' lang='lat' dir='ltr'><strong>ipso</strong></span> <span class='ocrx_word' id='word_1_546' title='bbox 2476 4181 2525 4227; x_wconf 78' lang='lat' dir='ltr'><strong>te</strong></span> 
     </span>
     <span class='ocr_line' id='line_1_100' title="bbox 1442 4252 2524 4316; baseline -0.001 -12"><span class='ocrx_word' id='word_1_547' title='bbox 1442 4254 1651 4315; x_wconf 74' lang='lat' dir='ltr'><strong>fortuna</strong></span> <span class='ocrx_word' id='word_1_548' title='bbox 1673 4255 1868 4306; x_wconf 79' lang='lat' dir='ltr'><strong>Ritter.</strong></span> <span class='ocrx_word' id='word_1_549' title='bbox 1889 4252 1982 4303; x_wconf 86' lang='lat' dir='ltr'><strong>sed</strong></span> <span class='ocrx_word' id='word_1_550' title='bbox 2006 4252 2178 4303; x_wconf 80' lang='lat' dir='ltr'><strong>Livin.</strong></span> <span class='ocrx_word' id='word_1_551' title='bbox 2203 4267 2296 4316; x_wconf 84' lang='lat' dir='ltr'><strong>pro</strong></span> <span class='ocrx_word' id='word_1_552' title='bbox 2318 4252 2524 4316; x_wconf 74' lang='lat' dir='ltr'><strong>ipsese-</strong></span> 
     </span>
    </p>
   </div>
   <div class='ocr_carea' id='block_1_5' title="bbox 298 4323 2529 4402">
    <p class='ocr_par' dir='ltr' id='par_1_8' title="bbox 298 4323 2529 4402">
     <span class='ocr_line' id='line_1_101' title="bbox 298 4323 2529 4402; baseline 0 -24"><span class='ocrx_word' id='word_1_553' title='bbox 298 4323 417 4378; x_wconf 74' lang='lat' dir='ltr'><strong>haec</strong></span> <span class='ocrx_word' id='word_1_554' title='bbox 461 4326 790 4392; x_wconf 86' lang='lat' dir='ltr'><strong>emendatio,</strong></span> <span class='ocrx_word' id='word_1_555' title='bbox 821 4342 1000 4393; x_wconf 79' lang='lat' dir='ltr'><strong>neque</strong></span> <span class='ocrx_word' id='word_1_556' title='bbox 1044 4345 1076 4382; x_wconf 84' lang='lat' dir='ltr'><strong>a</strong></span> <span class='ocrx_word' id='word_1_557' title='bbox 1108 4330 1384 4402; x_wconf 78' lang='lat' dir='ltr'><strong>sententia</strong></span> <span class='ocrx_word' id='word_1_558' title='bbox 1458 4331 1607 4397; x_wconf 83' lang='lat' dir='ltr'><strong>ponit</strong></span> <span class='ocrx_word' id='word_1_559' title='bbox 1639 4345 1705 4385; x_wconf 82' lang='lat' dir='ltr'><strong>ex</strong></span> <span class='ocrx_word' id='word_1_560' title='bbox 1735 4330 2058 4395; x_wconf 84' lang='lat' dir='ltr'><strong>conjectura,</strong></span> <span class='ocrx_word' id='word_1_561' title='bbox 2079 4328 2261 4394; x_wconf 64' lang='grc' dir='ltr'><strong>ἅμιπποι</strong></span> <span class='ocrx_word' id='word_1_562' title='bbox 2297 4328 2433 4393; x_wconf 81' lang='lat' dir='ltr'><strong>vide,</strong></span> <span class='ocrx_word' id='word_1_563' title='bbox 2454 4341 2529 4378; x_wconf 85' lang='lat' dir='ltr'><strong>an</strong></span> 
     </span>
    </p>
   </div>
  </div>
 </body>
</html>
