3017 4942
709 431 773 480 o.
821 429 1059 480 emim
1109 427 1440 479 securem
1490 426 1768 478 ranno.
1840 428 1891 477 1.
1934 411 2041 476 80.

283 574 370 625 bes
403 586 527 624 anne
556 572 776 638 partibus
805 573 927 624 liber
955 575 1252 637 damu,-
1286 581 1342 622 ut

274 657 440 715 partes
461 664 559 714 pro
577 665 790 701 munere
812 658 867 701 et
888 649 1059 701 officio
1080 664 1342 699 sumeren-

285 734 372 776 tur
391 742 409 788 ς
459 734 586 778 tunc
624 727 829 778 demum
867 726 1170 778 vocabulum
1205 740 1342 776 cm·

282 818 392 853 runs
427 801 740 868 superfluum
776 803 1062 854 videretur.
1129 801 1217 852 Sic
1252 815 1342 850 au·

283 888 393 930 tem
415 888 589 930 orator
604 880 863 945 duplicem
886 886 1107 944 partem,
1120 879 1231 928 sive
1250 879 1343 928 dn-

283 957 408 1022 plea
448 971 608 1020 genus
661 971 901 1012 cererem.
956 954 1139 1006 tribuit
1188 954 1344 1016 Jovi3

282 1048 445 1085 unum
468 1048 630 1097 genus
652 1047 891 1084 curarum
920 1045 1091 1083 rerum
1115 1029 1344 1095 superio-

283 1124 400 1161 rum
415 1116 469 1160 et
484 1109 1011 1167 coelestium‚alterum
1027 1120 1187 1173 genus
1197 1120 1345 1156 cura·

284 1200 399 1237 rum
416 1202 585 1237 rerum
599 1187 920 1237 terrestrium
929 1193 985 1235 et
996 1185 1347 1235 humanarum.

284 1264 454 1313 Parte
475 1262 634 1328 igitur
652 1276 909 1325 curarum,
929 1277 1043 1328 que
1066 1276 1152 1315 res
1170 1262 1348 1311 buma-

281 1354 380 1389 naa
395 1344 654 1405 spectant,
671 1339 856 1391 Jovem
872 1353 1011 1389 nunc
1033 1338 1246 1388 liberum
1266 1351 1348 1387 so-

174 1457 186 1468 .
282 1415 556 1481 lutumque
578 1430 694 1466 esse
709 1417 809 1478 ait;
833 1430 949 1465 cnm
965 1415 1096 1464 hanc
1110 1427 1353 1478 suseepee

286 1494 364 1542 rit
382 1493 657 1557 Trajsnus,
691 1492 777 1558 qni
807 1493 918 1543 rice
949 1490 1099 1544 Jovis
1120 1491 1172 1540 in
1194 1490 1348 1541 terris

283 1567 614 1634 fungeretur.
697 1569 816 1621 Qua
858 1568 1132 1619 occasione
1173 1574 1347 1617 antem

283 1659 389 1695 vox
420 1660 640 1697 emeram
677 1660 746 1696 ex
777 1653 858 1696 tot
884 1646 1000 1696 aliis
1032 1644 1179 1695 libris
1211 1644 1349 1695 exci-

285 1720 449 1785 derit,
484 1722 621 1772 haud
661 1723 881 1773 obscure
915 1728 1064 1787 patet
1076 1737 1093 1781 ;
1142 1735 1349 1786 nempe,

284 1807 567 1865 postquam
588 1800 754 1866 inepti
788 1799 988 1849 librarii
1015 1812 1196 1849 vorem
1216 1804 1353 1863 porte

284 1883 555 1926 mutarent
577 1876 629 1926 in
645 1891 736 1940 per
754 1881 822 1939 te,
854 1889 956 1925 non
989 1875 1134 1932 nulli,
1156 1876 1247 1939 qni
1269 1889 1349 1925 re-

174 1948 195 1973 ⁰
286 1953 497 2003 tinnere
532 1967 812 2017 pronomen
838 1968 948 2017 que,
980 1952 1029 2002 ei
1063 1966 1352 2003 accommo-

286 2030 482 2080 darunt
507 2044 693 2081 nomen
722 2044 874 2089 «τινας
908 2029 1015 2092 alii,
1045 2029 1132 2095 qui
1157 2031 1352 2079 retinu-

285 2119 382 2155 ere
423 2121 662 2171 curem,
704 2120 988 2172 pronomen
1037 2107 1354 2156 antecedens

283 2185 458 2248 quain
479 2186 565 2250 qui
591 2192 992 2246 converterunt3
1024 2186 1200 2249 plnres
1240 2190 1352 2234 tan·

286 2263 411 2311 dem
433 2279 528 2327 qua
550 2263 600 2312 in
619 2263 788 2327 quibus
809 2261 1253 2327 mutavere,quasi
1277 2274 1352 2310 re·

284 2338 495 2391 feratur
529 2342 594 2392 ad
631 2357 775 2407 opere
804 2342 1001 2402 divino:
1048 2341 1351 2393 vocabulum

284 2425 469 2467 autem
490 2433 731 2483 curarunt,
750 2419 887 2484 quod
910 2419 1237 2470 nesciverunt
1252 2432 1353 2484 qno

285 2492 574 2556 referrent,
611 2510 821 2560 prorsus
856 2497 1218 2546 exturbavere.
1279 2494 1355 2546 Hi

288 2580 416 2623 sunt
439 2574 601 2624 veluti
632 2576 834 2625 natales
858 2575 1066 2625 istarum
1088 2578 1356 2637 corrupte·

286 2650 480 2700 larum.
558 2650 988 2701 Emendationem
1026 2659 1200 2701 autem
1239 2663 1358 2699 nos·

290 2735 429 2777 tram
464 2729 625 2778 etiam
650 2727 965 2793 approbavit
984 2727 1355 2793 amplexusque

262 2810 376 2854 ‚est
400 2803 683 2854 Gesnerus.
720 2803 868 2855 Idem.

364 2881 475 2937 Qua
505 2894 629 2930 naec
659 2886 799 2944 porte
816 2894 1038 2931 caram
1055 2878 1199 2943 liber]
1235 2879 1357 2936 Qun·-

289 2957 380 3007 baa
398 2971 522 3007 naue
540 2973 626 3022 per
647 2964 694 3007 te
715 2959 852 3008 liber.
901 2959 1029 3021 Qua,
1046 2971 1148 3007 non
1169 2957 1359 3021 quibua,

291 3035 449 3082 estin
477 3035 539 3083 R.
557 3034 770 3098 propius
793 3033 856 3084 ad
881 3048 1076 3084 verum.
1129 3034 1358 3098 Egregie

290 3110 365 3163 V.
390 3111 502 3168 Qua
522 3127 645 3162 nunc
679 3116 817 3178 porte
842 3112 963 3162 liber
996 3117 1357 3175 representat.

292 3187 425 3238 Abit
451 3189 669 3252 longius,
691 3196 745 3239 et
764 3189 941 3238 nescio
963 3189 1221 3253 quomodo
1244 3201 1357 3239 cor·

293 3274 553 3315 rectorem
590 3266 748 3330 sapit,
786 3264 926 3330 quod
958 3264 1104 3315 in·C.
1126 3265 1357 3329 repperi,

296 3342 398 3398 Qui
418 3357 541 3392 nanc
556 3357 642 3405 per
662 3347 711 3392 te
728 3356 948 3392 cer-mm
968 3341 1105 3391 liber.
1159 3341 1357 3409 Saltem

285 3432 376 3482 per
393 3423 440 3468 te
459 3417 722 3479 abessent,
738 3433 801 3467 ue
815 3417 993 3482 inepta
1009 3417 1358 3482 geminatione

292 3504 586 3558 repetatur,
612 3499 864 3559 postquam
883 3501 934 3544 te
952 3495 1102 3545 dedit.
1168 3494 1268 3544 His
1289 3493 1358 3544 de

293 3572 492 3620 caussis
514 3571 766 3621 vindicias
796 3572 1076 3622 secundum
1108 3572 1359 3636 scriptam

292 3646 572 3697 lectionem
613 3647 851 3713 equidem
884 3646 1132 3712 dederim,
1160 3654 1219 3697 nt
1247 3648 1358 3712 jam

296 3722 428 3773 dixi.
464 3724 632 3773 Livia.

367 3801 575 3851 Tantum
603 3802 739 3867 eoelo]
774 3803 847 3853 Ut
891 3801 1079 3867 poetat
1116 3801 1362 3866 ‘Jupiter

298 3875 352 3924 in
393 3878 556 3935 ecelis,
592 3879 773 3929 Caesar
802 3880 938 3944 regit
972 3878 1142 3929 omnia
1172 3875 1360 3929 terris!

295 3951 510 4015 Lipsius.

368 4029 575 4078 Tantum
605 4035 721 4083 coelo
754 4033 918 4097 mat]
968 4034 1119 4083 Duas
1158 4032 1361 4097 priores

300 4118 457 4154 voces
492 4105 568 4155 sic
612 4110 956 4173 transponunt
999 4109 1123 4159 libri
1165 4107 1363 4167 excusi,

300 4182 412 4231 coelo
435 4186 658 4241 tantam
694 4182 786 4232 sed
809 4192 990 4236 contra
1022 4185 1362 4251 plurimorum

301 4256 542 4308 codicum
581 4258 712 4309 Mas.
736 4261 1119 4312 auctoritatem.
1184 4261 1397 4314 Codex‘

303 4348 427 4386 vero
469 4334 873 4401 salisburgensis
905 4344 965 4395 et
993 4352 1157 4405 meus,
1176 4339 1365 4392 omisso

2336 411 2465 477 991

1414 571 1622 622 nomine
1650 572 1784 634 σεῖο,
1803 572 1918 622 haee
1939 571 2098 622 verba
2120 570 2194 622 sic
2214 569 2469 638 referunt,

1412 648 1536 697 iiber
1569 649 1835 711 „meusque
1869 653 2002 698 teau
2036 652 2191 710 vemt,
2224 647 2370 713 quasi
2407 650 2471 699 li·

1414 724 1617 775 brarius
1639 736 1703 775 ex
1728 724 2005 775 oscitantia
2026 723 2151 773 duas
2176 738 2331 775 voces
2349 739 2473 777 con·

1416 803 1657 866 traxerit,
1677 808 1731 852 et
1756 817 1821 853 ex
1853 803 2024 866 priore
2058 806 2185 864 tent,
2216 816 2282 852 ex
2305 808 2473 864 poste·

1415 877 1552 929 riore
1573 880 1733 930 solam
1757 879 2168 929 terminationem
2185 895 2232 942 o,
2248 880 2475 932 retinue-

1417 957 1523 1019 ritg
1554 956 1703 1022 eujus
1728 956 1933 1022 generis
1953 956 2278 1022 corruptelas
2301 971 2476 1022 snpra,

1419 1032 1485 1082 ad
1512 1044 1669 1084 nxxr.
1690 1037 1740 1083 6.
1773 1031 1993 1091 ostendi,
2027 1032 2117 1083 nbi
2146 1033 2303 1097 vulgo
2335 1035 2476 1098 lege·

1415 1108 1575 1161 batur
1604 1111 1622 1140 ⁴
1644 1107 2083 1173 suffragatorum,'
2117 1125 2215 1175 pro
2255 1117 2271 1140 ⁶
2289 1109 2475 1162 suffra·

1419 1194 1630 1250 ‘atores
1648 1186 2077 1238 candidatorum-¹
2139 1189 2388 1240 Ceterum
2408 1190 2478 1240 si·

1419 1263 1531 1314 mili
1553 1262 1769 1314 formula
1792 1265 1956 1315 utitur
1976 1264 2114 1314 Pliu.
2131 1265 2301 1330 Epist.
2316 1281 2403 1317 ιιι.
2425 1270 2480 1321 δ.

1420 1347 1437 1371 ·
1460 1339 1526 1390 In
1556 1339 1756 1402 itinere,
1787 1341 1929 1406 quasi
1963 1341 2161 1392 solutus
2181 1344 2372 1394 ceteris
2389 1358 2479 1394 cn·

1422 1417 1513 1480 ris,
1531 1417 1651 1468 huic
1674 1419 1763 1467 uni
1789 1418 2043 1469 vacabat?
2074 1418 2315 1470 Salamara.

1485 1494 1751 1558 Postquam
1786 1500 1835 1545 te
1868 1495 2025 1559 dedit]
2068 1495 2247 1547 Codex
2287 1494 2482 1548 Parisi-

1422 1571 1559 1622 ensis
1588 1572 1665 1621 bis
1699 1572 1912 1622 vocibus
1944 1573 2209 1621 interserit
2234 1573 2396 1638 terris,
2419 1578 2479 1625 nt

1421 1647 1652 1712 legamus
1670 1653 1917 1712 postquam
1937 1652 1985 1698 te
2003 1647 2150 1698 ten-is
2160 1646 2308 1698 dedit.
2343 1650 2477 1701 Quis

1422 1736 1525 1774 vox
1547 1725 1847 1788 interserta,
1860 1739 2010 1790 quam
2028 1725 2207 1775 unicus
2224 1724 2483 1776 duntaxat

1424 1801 1592 1852 codex
1617 1801 1810 1866 prodit,
1829 1815 1932 1852 nou
1966 1801 2172 1867 quidem
2201 1801 2479 1852 incommo-

1424 1879 1516 1942 da,
1536 1887 1768 1930 attamen
1797 1883 1903 1929 'nec
1922 1878 2235 1943 necessaria,
2256 1879 2483 1937 videtur,

1426 1972 1544 2011 curn
1568 1957 1798 2022 inprimis
1818 1973 1937 2007 mox
1966 1963 2233 2023 sequatur,
2249 1957 2265 1986 ¹
2291 1956 2377 2022 qui
2400 1971 2482 2007 er-

1427 2049 1494 2100 ga
1528 2049 1681 2085 omne
1722 2035 1983 2085 bominum
2025 2049 2188 2100 genus
2232 2034 2349 2086 vice
2389 2048 2483 2084 sna

1424 2107 1753 2174 fungereris?
1786 2110 1938 2160 Idem.

1500 2186 1619 2239 Vise
1656 2204 1742 2238 sua
1766 2186 2070 2251 fungereris]
2116 2187 2203 2237 Ita
2231 2200 2355 2238 vero
2377 2186 2486 2238 Pli-

1427 2263 1543 2315 nius
1566 2266 1847 2330 'l'rajanum
1887 2263 2015 2315 facit
2053 2265 2199 2330 quasi
2237 2264 2484 2317 vicarium

1426 2341 1577 2393 Jovis
1598 2342 1651 2393 in
1676 2344 1847 2392 terris.
1910 2342 1998 2392 Sic
2029 2344 2226 2392 Seneca
2260 2341 2328 2391 de
2368 2342 2486 2392 Cle·

1428 2425 1589 2469 ment.
1613 2433 1653 2469 ι.
1676 2423 1722 2468 1.
1758 2419 2023 2469 Neronem
2044 2417 2195 2482 fingit
2213 2431 2387 2485 secum
2412 2419 2488 2468 lo-

1427 2502 1710 2560 quentemt
1741 2504 1758 2527 ⁸
1778 2497 1888 2560 Ego
1912 2510 1974 2543 ex
1998 2494 2232 2544 omuibus
2255 2495 2488 2545 mortali-

1429 2572 1527 2622 bus
1572 2573 1763 2637 placui,
1808 2574 2110 2636 electusque
2144 2586 2279 2633 snm,
2308 2572 2393 2636 qui
2433 2572 2488 2621 in

1429 2650 1585 2701 terris
1627 2651 1857 2701 Deorum
1903 2650 2015 2700 vice
2056 2648 2331 2713 fungerer:
2379 2661 2489 2713 'ego

1428 2727 1553 2778 vitm
1584 2727 1832 2791 necisque
1854 2725 2094 2790 gentibus
2117 2724 2333 2788 arbiter,
2363 2739 2490 2790 qua·

1427 2803 1531 2852 lem
1552 2804 1766 2868 quisque
1789 2809 1983 2852 sortem
2005 2808 2299 2867 statumque
2329 2801 2490 2852 habe-

1429 2888 1503 2942 at,
1523 2880 1576 2930 in
1600 2895 1753 2930 mann
1775 2894 1891 2929 mea
1927 2879 2149 2944 positum
2183 2884 2284 2928 est.
2345 2876 2491 2930 Quid

1430 2959 1617 3023 cuique
1638 2957 1931 3008 mortalium
1960 2954 2175 3007 fortuna
2198 2955 2376 3004 datum
2400 2969 2491 3004 ve·

1429 3032 1514 3096 iit,
1536 3049 1655 3085 meo
1686 3049 1778 3085 ore
1812 3032 2153 3099 pronuntiat!
2217 3031 2492 3090 Mamerti-

1432 3126 1530 3162 nus
1553 3113 1727 3172 etiam,
1750 3112 2013 3176 Panegyr.
2035 3125 2152 3176 cap.
2173 3113 2223 3158 3.
2252 3109 2493 3160 Maximi-

1432 3188 1637 3238 nianum
1660 3187 1955 3252 Augustum
1984 3187 2131 3253 qnasi
2155 3188 2375 3237 alterum
2396 3187 2492 3239 Jo-

1434 3279 1549 3316 vem
1566 3270 1928 3330 representat,
1942 3279 2059 3315 cnm
2078 3263 2229 3327 dicit,
2246 3277 2363 3313 eum
2380 3264 2396 3294 ⁴
2415 3270 2497 3314 to·

1433 3344 1540 3392 tius
1572 3343 1713 3393 orbis
1748 3342 1858 3392 fata
1892 3341 2178 3406 suscipere,
2198 3348 2255 3392 et
2276 3340 2494 3391 oblitum

1433 3418 1812 3483 quodammodo
1847 3418 1925 3468 sni
1961 3418 2199 3483 gentibus
2221 3417 2416 3475 vivere,
2437 3423 2498 3467 et

1434 3493 1486 3544 in
1512 3502 1616 3545 tam
1636 3493 1796 3544 arduo
1820 3509 1990 3545 rerum
2008 3495 2340 3547 humanarum
2354 3500 2498 3543 stare

1434 3569 1667 3636 fastigio,
1699 3586 1766 3621 ex
1799 3586 1902 3638 quo
1932 3572 2093 3621 veluti
2123 3578 2291 3621 terras
2314 3584 2494 3620 omnes

1433 3655 1490 3697 et
1511 3648 1676 3697 maria
1696 3647 1973 3711 despiciat,
1995 3645 2320 3710 vicissimque
2334 3645 2500 3696 oculis

1434 3738 1498 3776 ac
1520 3730 1696 3775 mente
1718 3725 2005 3788 collustret,
2026 3724 2115 3774 nbi
2146 3725 2215 3774 sit
2248 3732 2394 3774 certa
2414 3738 2496 3774 se-

1435 3801 1651 3865 renitas,
1674 3801 1759 3850 nbi
1779 3800 1939 3850 dubia
1961 3806 2269 3864 tempestas,
2282 3800 2369 3866 qui
2378 3800 2493 3865 jns·

1435 3875 1606 3927 titiam
1643 3876 1991 3939 aemulentur,’
2017 3880 2115 3926 ὄιο-
2178 3877 2347 3926 Tanta
2379 3883 2498 3929 erat

1434 3953 1639 4005 illorum
1658 3961 1944 4017 temporum
1970 3953 2215 4013 adulatio,
2234 3968 2265 4002 a
2282 3967 2382 4016 qua
2398 3968 2498 4004 nee

1437 4030 1640 4081 Plinius
1661 4044 1719 4079 se
1743 4031 2019 4079 immunem
2043 4028 2289 4093 praestitit
2304 4045 2321 4091 3
2336 4043 2499 4095 quen-

1435 4121 1593 4173 quam
1626 4105 1723 4155 snb
1756 4105 1960 4155 initium
1986 4104 2135 4170 hujus
2159 4104 2498 4170 Panegyrici‚

1437 4199 1480 4235 ι.
1500 4189 1553 4235 6.
1577 4189 1873 4249 optaverat,
1904 4184 1921 4212 ‘
1947 4189 2005 4232 ut
2040 4189 2240 4231 tantum
2263 4196 2293 4231 a
2315 4183 2498 4248 specie

1438 4259 1754 4311 adulationis
1776 4259 1912 4309 absit
1926 4272 2018 4308 sua
2035 4256 2321 4321 gratiarnm
2339 4257 2499 4314 aetio,

1436 4346 1681 4406 quantum
1704 4335 1843 4389 absit
1865 4350 1896 4388 a
1916 4332 2267 4388 necessitate-³
2301 4333 2500 4387 Nescio
