3017 4942
727 427 790 472 c.
839 420 1086 473 pmmt
1135 421 1468 473 saeuum
1522 422 1802 472 mune.
1860 406 2063 471 ,1.56.

291 565 550 616 direntur.
615 565 795 618 Quare
830 565 1021 615 Lucan.
1045 580 1099 614 v.
1134 568 1249 614 ⁸16.
1289 553 1362 614 de

2369 405 2498 472 801

1499 566 1750 630 Fucinus]
1789 566 2053 617 Lictorum
2090 564 2309 629 insignia
2341 564 2504 615 notis-

290 643 540 701 (ἕπηται
574 641 773 691 ‘Stetit
804 656 999 705 aggere
1034 640 1199 692 fultus
1230 642 1357 691 Ces·
1430 643 1563 693 sima
1605 642 1770 693 fasces
1809 650 1980 704 erant,
2015 642 2202 708 quibus
2237 642 2499 691 consulem

292 716 440 782 pitis,
500 716 794 780 intrepidus
845 718 1012 779 vultu,
1063 719 1359 781 meruitque

294 794 468 844 timeri
493 793 614 843 Non
653 801 914 858 metuens,
946 801 1103 861 atque
1126 795 1260 857 bec,
1282 795 1361 844 ira

287 873 548 929 dictante,
573 870 843 935 profatur)
879 873 1101 922 Poterol.

303 988 312 1007 ,
355 949 591 999 Tribuuel
634 948 782 998 viridi
825 949 1002 1013 cespite
1043 948 1362 1012 exstructum]

289 1028 437 1077 Bene
463 1026 669 1090 Lipsius
689 1042 703 1075 ε
740 1028 755 1054 ⁴
770 1026 1040 1087 Tribunal,
1059 1028 1225 1092 inquo
1240 1041 1363 1077 con-

287 1103 365 1152 sul
391 1102 624 1168 sederet,
640 1102 729 1166 jus
753 1102 974 1160 diceret,
996 1104 1235 1168 querelas
1274 1117 1363 1150 au-

288 1179 452 1241 diret,
470 1186 561 1229 aut
580 1179 802 1243 preces.’
844 1180 975 1231 Erat
994 1179 1119 1229 illud
1139 1178 1364 1228 tribunal

288 1273 319 1307 a
364 1258 498 1306 sella
541 1256 708 1307 curuli
745 1254 1068 1312 distinctum,
1107 1260 1264 1319 prout
1298 1269 1364 1303 ex

285 1334 403 1383 loco
448 1331 752 1382 Mamertini
798 1332 962 1381 citato
1013 1330 1364 1394 intelligitnr3

284 1409 417 1460 item
451 1415 505 1459 et
530 1423 597 1459 ex
627 1408 869 1457 Martiale
894 1421 974 1458 ιι.
1011 1411 1094 1457 98.
1135 1406 1365 1457 ‘Sedeas

286 1485 341 1535 in
367 1486 476 1535 alto
501 1492 558 1535 tu
590 1486 715 1534 licet
752 1484 1020 1547 tribunali,
1043 1485 1114 1534 Et
1135 1497 1166 1534 e
1197 1484 1365 1534 curuli

284 1564 414 1628 jura
453 1562 698 1628 gentibus
738 1560 963 1611 reddas-⁹
1030 1560 1366 1619 Eteniurali-

289 1637 506 1705 quando
532 1638 761 1687 tribunal
799 1638 957 1687 etiam
996 1637 1176 1686 sellam
1212 1650 1365 1686 euru-

289 1714 755 1776 lem.snstinebat;
791 1713 928 1777 quod
960 1713 1174 1763 Tacitus
1203 1719 1363 1762 testa·

288 1797 397 1851 tur,
425 1790 614 1841 Annal.
636 1803 730 1839 xv.
755 1794 839 1839 29.
880 1796 894 1817 ⁴
914 1787 1096 1838 Medio
1137 1788 1364 1837 tribunal

288 1867 472 1919 sedern
497 1867 747 1921 curulem,
769 1875 824 1914 et
840 1864 994 1914 sedes
1014 1862 1235 1925 effigiem
1255 1865 1364 1914 Ne·-

290 1944 455 1999 ronis,
496 1941 826 1992 sustinebat!
908 1940 1200 1991 Tribunalis
1243 1956 1364 1991 usus

286 2029 347 2071 et
370 2020 424 2068 in
451 2018 580 2068 urbe
604 2028 658 2067 et
681 2019 731 2067 in
760 2017 948 2067 castris
987 2023 1134 2077 erat3
1167 2015 1235 2066 de
1262 2031 1366 2080 qno

280 2087 397 2160 jam
435 2084 597 2159 supra
643 2092 709 2145 ad
758 2106 975 2145 xxvm.
1003 2097 1066 2150 2.
1102 2106 1202 2142 non
1237 2091 1364 2141 nibil

288 2171 560 2223 annotavi.
596 2171 750 2233 Saepe
766 2184 889 2220 vero
905 2171 1267 2233 imperatores,
1291 2169 1368 2219 iu-

286 2249 476 2314 primis
502 2247 787 2297 exercitum
829 2246 1123 2307 allocuturi,
1143 2261 1244 2309 non
1285 2260 1367 2296 se·

289 2323 495 2373 debant
512 2340 529 2386 3
562 2323 653 2370 sed
675 2323 725 2371 in
738 2323 847 2372 solo
865 2322 1107 2372 tribunali
1127 2322 1368 2383 stabant;

290 2388 434 2466 ‹juod
460 2399 595 2449 baud
621 2400 772 2462 pauci
798 2398 993 2460 nummi
1011 2405 1245 2448 veterum
1267 2406 1369 2446 tes-

290 2482 495 2543 tantur.
562 2474 579 2502 ‘
601 2476 852 2527 Tribunal
867 2473 881 2495 ⁹
906 2483 1080 2523 antem
1102 2480 1118 2504 ‘
1137 2481 1370 2524 castren-

290 2554 386 2616 se,’
412 2550 656 2602 tradente
679 2551 895 2616 Hygino
931 2550 999 2600 de
1029 2558 1367 2601 castrameta-

288 2630 458 2691 tione‚
477 2629 786 2693 adjunctum
828 2633 942 2676 erat
975 2628 1239 2691 praetorio,
1262 2628 1368 2677 sive

293 2706 638 2756 tabernaculo
678 2704 951 2755 castrensi.
1024 2702 1369 2766 Auguratoti·

294 2798 408 2846 um,
446 2783 639 2845 inquit,
662 2790 812 2846 parte
831 2781 1019 2831 dextra
1051 2780 1281 2844 praetorii
1303 2778 1366 2829 ad

294 2862 436 2915 viam
480 2862 822 2925 principalem
867 2873 1207 2929 apponemus,
1229 2865 1285 2907 ut
1316 2857 1390 2907 in.

295 2952 361 2988 eo
409 2938 678 3000 augurium
738 2944 885 2986 recte
929 2949 1122 2997 capere
1172 2935 1370 2998 possit3

293 3004 451 3081 parte
475 3017 607 3064 laeva
632 3015 857 3065 tribunal
891 3012 1160 3067 statuitur,
1180 3017 1256 3068 ut,
1280 3025 1369 3060 au·

294 3092 448 3157 gurio
472 3098 711 3154 accepto,
744 3090 960 3153 insuper
980 3086 1288 3144 adscendet,
1313 3092 1371 3137 et

293 3169 586 3221 exercitum
613 3169 751 3219 felici
785 3168 1019 3233 auspicio
1053 3167 1369 3232 alloquatur.

293 3246 572 3296 Hactenus
595 3244 852 3309 Hyginus.
921 3243 1080 3293 Haud
1106 3242 1370 3298 eominus

295 3322 473 3371 tamen
516 3320 739 3383 factum,
769 3326 850 3382 ut,
890 3319 1077 3370 omisso
1122 3318 1370 3382 deinceps

292 3398 385 3448 illo
424 3398 489 3446 ad
532 3397 828 3461 praetorium
862 3395 1128 3451 tribunali,
1164 3403 1371 3445 vetusto

292 3488 461 3537 more,
507 3473 647 3522 aliud
692 3487 723 3521 e
779 3474 982 3535 cespite
1036 3471 1372 3521 tumultuaria

291 3564 478 3616 opera,
504 3557 558 3599 et
591 3550 704 3599 loco
730 3548 795 3597 ad
822 3546 1071 3612 ejusmodi
1102 3548 1371 3597 allocutio·

295 3643 391 3679 nes
420 3634 741 3690 opportuno,
767 3631 1150 3674 exstrueretur.
1201 3624 1371 3677 Quale

295 3702 658 3767 {cespititium
678 3702 908 3752 tribunal
929 3701 943 3723 ⁹
980 3717 1012 3751 a
1034 3701 1259 3765 vopisco
1295 3701 1370 3751 di·

297 3781 520 3833 citui-,in
560 3780 756 3835 Probo,
780 3793 827 3827 c.
854 3783 934 3828 10.
959 3785 1015 3827 et
1038 3785 1054 3807 ‘
1078 3791 1238 3840 agger
1262 3777 1371 3840 gle-

294 3857 428 3919 balis
448 3855 462 3878 '
490 3855 556 3904 ab
579 3854 856 3904 Ammiano
878 3855 1120 3903 Marcell.
1141 3855 1175 3902 l.
1196 3867 1369 3905 xxrn.

295 3951 350 3989 e.
371 3941 421 3985 5.
490 3934 625 3982 Vide
649 3933 928 3996 spanhem.
952 3933 1000 3981 in
1027 3933 1370 3982 Observatio-

297 4012 455 4077 nibns
482 4011 548 4060 ad
572 4011 765 4062 Juliani
790 4011 925 4075 Imp.
950 4011 1107 4061 Orat.
1128 4024 1170 4059 ι.
1190 4024 1240 4074 p.
1257 4014 1375 4060 214.

299 4090 547 4155 Schwarz.

313 4222 318 4229 Δ
364 4163 618 4227 Fascium]
651 4165 727 4215 Ut
759 4163 809 4213 in
849 4178 997 4226 pace,
1024 4178 1138 4219 cum
1164 4163 1375 4213 lictores

301 4242 737 4306 apparitoresque
805 4247 1004 4290 tantum
1074 4241 1373 4297 circumsta-

301 4318 449 4387 bant.
484 4318 627 4381 Lips.

431 4401 610 4469 Desph.
627 4404 674 4449 et
699 4399 817 4450 Var.
833 4400 962 4450 Clas.

1434 719 1725 769 anteibant.
1763 719 1982 769 Potor-ol.
2176 760 2181 765 .
2486 752 2491 763 .

1497 793 1742 858 Pam-0]
1775 795 1956 845 Genus
1970 793 2229 859 quoddam
2248 808 2502 844 armorum

1434 870 1701 921 missilium
1725 878 1897 934 erant,
1916 872 2032 920 usui
2056 872 2291 934 peditum
2315 870 2505 921 Roma-.-

1437 961 1643 1007 norum,
1679 945 1824 997 ferro
1871 947 2048 996 subtili
2099 947 2302 1010 trigono
2340 946 2505 995 muni·

1436 1029 1568 1073 tum.
1633 1023 1903 1074 Describit
1932 1023 2181 1088 Vegetius
2220 1023 2257 1072 l.
2280 1036 2320 1071 1.
2357 1029 2413 1073 et
2439 1036 2504 1073 11.

1502 1177 1749 1242 Puerum]
1783 1176 2089 1228 Hastarum.
2157 1175 2506 1228 Claudianus:

1437 1253 1643 1305 ‘Dictis
1676 1262 1797 1305 ante
1835 1263 2009 1313 tamen
2046 1257 2293 1320 princeps
2322 1252 2506 1305 contir-

1439 1340 1549 1383 mat
1572 1333 1751 1393 ituros,
1778 1331 1986 1396 Aggere
2014 1332 2345 1396 conspicuus.
2383 1330 2507 1382 Stat

1440 1407 1750 1460 circumfusa
1801 1409 2091 1471 juventus,
2129 1409 2269 1458 Nisa
2324 1410 2506 1472 itastis,

1441 1494 1743 1551 pronasque·
1755 1483 1903 1535 ferox
1929 1484 2285 1535 accommodat
2310 1501 2482 1537 aures.
2496 1486 2512 1510 ⁹

1440 1562 1580 1625 Lips.

1465 1694 1474 1707 f
1505 1638 1879 1704 Sigeon-umque]
1922 1636 2243 1694 Ammianus,
2280 1638 2297 1668 ‘
2318 1636 2507 1690 Tribu-

1438 1716 1526 1764 nal
1575 1713 1839 1775 insistens,
1883 1714 2141 1779 signisque
2187 1714 2410 1767 ambitus
2454 1721 2534 1784 ιιικ

1439 1791 1662 1858 aquilis?
1702 1792 1946 1845 .Nummi
2001 1806 2141 1854 saepe
2196 1792 2313 1859 Ιιοιιμ
2335 1793 2510 1856 expri-

1439 1877 1589 1919 munt
1611 1883 1725 1918 cum
1753 1867 1910 1917 verbo
1933 1881 2260 1918 Αιιοοντιο.
2293 1867 2444 1917 Idem.
2486 1906 2494 1915 .

1506 1943 1793 2008 Signat-tun]
1831 1944 2156 2009 Aquilarum,
2179 1958 2296 2008 quae
2325 1945 2510 1994 Roma·

1441 2024 1494 2072 ni
1519 2024 1697 2089 populi
1721 2029 1936 2072 stemma
1963 2030 2127 2072 erant.
2161 2022 2382 2071 Potui-ol.
2494 2028 2499 2033 ’

1509 2100 1609 2151 Sed
1660 2100 1864 2163 pilorum
1928 2101 2261 2162 signorumque
2314 2098 2511 2162 honore]

1445 2177 1575 2228 Cum
1599 2177 1967 2239 antecesserit,
1989 2177 2295 2236 necfundam
2306 2181 2510 2233 tantum,

1443 2269 1581 2304 nunc
1600 2253 1741 2305 forte
1763 2261 2070 2317 expectares
2093 2255 2145 2301 in
2169 2253 2336 2301 altero
2352 2253 2511 2301 mem-

1444 2330 1542 2381 bro
1567 2331 1872 2395 particulam
1889 2330 2054 2401 etium,
2073 2329 2146 2379 ita
2169 2328 2513 2393 positam,sed

1437 2407 1643 2472 pilorum
1671 2408 1815 2456 etiam
1844 2406 2196 2470 signorumque,
2215 2407 2299 2468 ἃμ.
2367 2405 2512 2455 Nihil

1445 2484 1585 2535 enirn
1613 2483 1788 2535 tritius
1822 2492 1925 2545 est,
1957 2498 2110 2547 quam
2149 2492 2206 2532 ut
2241 2482 2511 2547 particulis

1444 2566 1460 2590 ⁸
1477 2576 1580 2617 non
1605 2559 1808 2623 solum,'
1832 2560 1847 2588 ‘
1869 2573 1972 2609 non
1997 2557 2237 2617 tantum,'
2261 2559 2378 2608 ‘nee
2400 2565 2512 2608 tan·

1445 2637 1594 2700 tum,'
1613 2638 1629 2665 ‘
1650 2652 1755 2687 non
1777 2635 1965 2700 modo‚’
1989 2636 2362 2699 respondeant,
2387 2645 2403 2669 ‘
2417 2637 2511 2686 sed

1444 2711 1641 2775 etiam,’
1662 2721 1678 2743 ‘
1696 2727 1870 2762 verum
1897 2710 2092 2776 etiam,’
2115 2712 2130 2738 ⁴
2150 2711 2241 2760 sed
2267 2711 2517 2776 quoqne,’

1443 2789 1568 2838 ‘sed
1593 2789 1682 2851 et,’
1714 2794 1770 2838 et
1800 2787 2011 2839 similes.
2082 2786 2270 2836 Verum
2298 2787 2347 2834 in
2373 2788 2512 2839 nullo

1442 2866 1580 2917 libro
1603 2871 1826 2930 apparet
1853 2864 2125 2926 vestigium
2155 2863 2374 2928 alicujus
2398 2878 2515 2928 par-

1446 2946 1620 2996 ticulae
1647 2945 1853 3007 generis
1887 2942 2139 3006 ejusdem.
2208 2942 2397 3005 Neque
2420 2956 2510 2990 ne-

1444 3035 1588 3071 cesse
1619 3027 1717 3077 est,
1743 3027 1799 3068 ut
1831 3019 1986 3068 talem
2022 3017 2232 3067 aliunde
2256 3017 2511 3066 adscisca-

1445 3102 1744 3161 mus;.cnm
1768 3097 1855 3146 alii
1877 3111 2083 3161 quoque
2120 3095 2238 3145 boni
2273 3098 2515 3144 auctores

1444 3174 1748 3224 Latinitatis
1786 3170 2079 3236 hujusmodi
2130 3172 2413 3235 particulas
2458 3173 2512 3221 in

1444 3251 1546 3301 hac
1601 3250 1822 3300 formula
1869 3249 2308 3313 praetermittant3
2366 3265 2416 3300 v.
2460 3263 2514 3313 g.

1447 3327 1558 3389 cic,
1582 3327 1647 3376 de
1672 3327 1826 3376 Orat.
1850 3340 1913 3375 ιι.
1934 3328 2017 3374 89.
2046 3328 2062 3353 ‘
2085 3326 2206 3375 Non
2239 3325 2393 3376 modo
2419 3325 2514 3374 tibi

1446 3403 1779 3468 ignoscimus,
1822 3402 1914 3452 sed
1955 3411 2008 3452 te
2048 3402 2328 3465 diligimus,
2376 3417 2517 3466 mag·

1446 3493 1669 3544 namque
1694 3480 1786 3528 tibi
1805 3479 2055 3528 habemus
2078 3478 2329 3541 gratiam!
2366 3478 2513 3527 Idem

1446 3557 1514 3611 de
1540 3557 1667 3606 Nat.
1691 3556 1850 3605 Deor.
1884 3568 1924 3603 1.
1958 3559 2041 3604 43.
2073 3556 2089 3582 ⁴
2107 3555 2192 3603 lta
2217 3554 2295 3614 fit,
2318 3562 2374 3602 nt
2409 3569 2514 3603 non

1445 3631 1602 3685 modo
1632 3631 1864 3681 homiues
1902 3644 1933 3679 a
1969 3630 2108 3692 Diis,
2154 3630 2246 3679 sed
2292 3630 2390 3693 ipsi
2427 3631 2515 3679 Dii

1441 3707 1704 3768 intense,
1746 3706 1812 3756 ab
1849 3706 1964 3755 aliis
2003 3706 2112 3769 alii,
2148 3704 2516 3768 negligantur!

1444 3783 1595 3833 Idem
1634 3782 1696 3831 ad
1738 3783 1878 3831 Fam.
1903 3793 1940 3830 1.
1963 3785 2012 3830 6.
2047 3781 2132 3830 ‘Is
2155 3781 2390 3829 omnibus
2425 3796 2515 3831 nes

1446 3860 1602 3923 gotiis
1636 3873 1737 3908 non
1773 3854 2012 3907 interfuit
2046 3854 2235 3917 solum,
2255 3858 2345 3904 sed
2382 3872 2516 3921 prae.

1446 3935 1585 3985 fuit.’
1652 3934 1827 3984 Tacit.
1866 3931 2058 3982 Annal.
2101 3944 2190 3980 111.
2230 3935 2312 3980 33.
2355 3932 2513 3982 ‘Non

1444 3998 1735 4060 imbecillus
1760 4015 1961 4058 tautum
1987 4012 2042 4055 et
2067 4006 2229 4067 impar
2250 4005 2519 4056 laboribus

1447 4100 1623 4153 sexus,
1662 4084 1772 4147 sed,
1809 4083 1853 4133 si
1889 4080 2102 4131 licentia
2134 4080 2291 4136 adsit,
2327 4096 2519 4144 saevns,

1450 4160 1791 4212 ambitiosus.’
1859 4159 1982 4210 Sine
2006 4169 2185 4207 caussa
2207 4164 2383 4206 autem
2405 4157 2515 4208 ido-

1449 4253 1545 4287 nea
1580 4238 1809 4301 Lipsius,
1834 4250 1929 4298 pro
1961 4235 2152 4293 honore,
2175 4231 2336 4305 (quod
2357 4249 2516 4284 voca·

1345 4364 1350 4369 .
1449 4313 1628 4364 bulum
1654 4323 1827 4365 tamen
1847 4310 2120 4369 siueomni
2143 4311 2430 4362 mutatione
2465 4311 2520 4362 iu

1259 4399 1450 4460 Paneg.
1479 4396 1587 4446 Vet-

2274 4392 2390 4440 ΒΕ
