3017 4942
778 381 842 429 c.
893 378 1130 433 remu
1179 377 1519 429 smmum
1569 377 1843 429 uuna.
1919 378 1970 426 1.
2012 362 2124 429 67.

301 546 310 555 ·
338 525 515 587 Epist.
552 537 607 574 x.
645 527 729 573 84.
756 522 1042 575 ‘securitas
1072 519 1401 587 temporum,’

337 603 545 666 Paness.
580 614 631 652 ι.
663 603 715 649 6.
748 599 916 649 ‘bona
947 596 1165 656 seculi,¹
1198 599 1400 662 Paneg-

335 689 550 728 xxxvn
570 679 621 727 4.
643 679 743 726 διο.
778 677 949 726 Taceo
971 689 1127 739 nunc,
1145 675 1211 725 ad
1234 675 1403 739 elogia

333 754 632 819 principum
646 753 914 817 sequentis
930 752 1026 802 aevi
1043 752 1095 802 in
1108 750 1403 817 Symmachi

338 831 582 894 epistolis
603 832 794 894 passim
825 829 1009 880 referri
1040 826 1405 893 ‘temporum'

335 908 423 960 vel
471 906 723 965 ‘saculiss
763 908 1132 972 ‘equitatem’
1168 912 1184 935 ·
1204 907 1402 957 bonita-

332 982 486 1047 tem,'
524 982 918 1046 ‘clementium’
957 985 973 1011 ‘
992 980 1222 1044 famam,’
1259 983 1403 1048 ‘glo-

329 1059 504 1125 riam,'
538 1059 556 1088 ‘
577 1058 987 1124 humanitatem,'
1018 1060 1116 1110 διο.
1183 1059 1324 1112 Quid
1348 1060 1401 1110 ni

328 1138 499 1202 igitur
519 1136 737 1194 Plinius,
760 1151 878 1187 cum
908 1137 975 1187 de
1002 1134 1257 1187 fidelitate
1291 1151 1400 1187 rnu-

334 1222 430 1265 tua
455 1213 726 1278 principis,
743 1217 973 1274 senatus,
991 1213 1273 1277 populique
1296 1212 1400 1263 Ro-

331 1292 480 1341 mani
519 1290 840 1356 loqueretur,
867 1304 985 1356 quae
1014 1287 1241 1339 florebat
1273 1297 1401 1339 tem·

333 1368 552 1433 poribus
608 1367 842 1431 Trajani,
906 1369 1067 1416 ctiam
1137 1365 1402 1429 sigillatim

330 1454 351 1475 ⁴
370 1443 683 1499 fidelitatem
725 1451 1014 1508 temporum
1038 1442 1054 1466 ’
1102 1443 1400 1493 collaudare

335 1521 634 1587 potuisset?
699 1519 764 1571 In
792 1521 899 1571 Titi
919 1520 1223 1583 Vespasiani
1252 1534 1400 1569 num-

330 1597 454 1659 nis,
488 1598 628 1648 inter
662 1597 827 1647 Ducis
859 1594 1176 1647 Arschotani
1206 1595 1400 1645 numis-

337 1680 505 1737 mata,
527 1671 664 1723 Τὼ.
681 1685 891 1722 xxvm.
910 1685 961 1721 n.
975 1674 1060 1722 28.
1073 1672 1400 1735 conspiciun-

334 1757 424 1801 tur
465 1751 672 1802 dextras
706 1752 928 1816 juncte,
980 1764 1096 1800 cum
1137 1750 1298 1813 spicis
1342 1757 1401 1801 et

331 1828 585 1892 caduceo,
621 1835 676 1878 et
727 1842 843 1878 cum
890 1827 1192 1892 epigraphe,
1242 1839 1400 1877 rmus

331 1919 602 1956 PvnucA.
625 1905 999 1957 Mediobarbus
1017 1920 1069 1970 p.
1089 1908 1202 1957 188.
1221 1908 1333 1955 184.
1347 1912 1403 1955 ct

333 1986 452 2033 186.
493 1997 725 2033 nummos
766 1982 1053 2033 Domitiani
1088 1995 1400 2032 commemo·

332 2066 439 2124 rat,
460 2060 514 2109 in
536 2060 724 2125 quibus
758 2060 943 2109 eadem
976 2059 1253 2122 inscriptio
1275 2060 1400 2122 tegi-

324 2141 436 2197 tur,
478 2148 635 2186 mnus
686 2149 945 2187 eveum.
1012 2134 1164 2185 Idem
1200 2151 1254 2199 p.
1288 2139 1402 2185 167.

327 2225 601 2263 nummum
638 2212 846 2276 Trsjsni
884 2212 1175 2271 annotavit,
1208 2212 1261 2261 in
1298 2225 1401 2277 qno

330 2287 476 2351 Imp.
516 2301 637 2338 cnm
675 2286 845 2350 figura
890 2287 1147 2349 muliebri,
1188 2288 1402 2339 sinistra

330 2378 501 2415 cornu
522 2363 692 2428 copiae
716 2371 950 2424 tenente,
970 2364 1253 2430 alloquitur
1269 2366 1403 2417 mili·

332 2448 436 2505 tes,
448 2457 570 2494 cnm
585 2444 942 2508 incriptione,
958 2456 1116 2494 siuns
1130 2457 1401 2496 murus.

329 2520 584 2573 Ceterum
620 2521 942 2587 antiquiores
976 2521 1259 2585 editiones,
1291 2523 1399 2574 Pn-

333 2599 557 2654 teolsni,
593 2599 867 2662 Ber-oaldi,
901 2600 1228 2664 cuspiniani,
1251 2597 1400 2661 Aidi,

331 2675 593 2737 Rhenani,
624 2676 932 2738 Philomusi,
970 2683 1026 2726 et
1054 2675 1257 2734 Juntoe,
1301 2690 1398 2740 pro

328 2750 499 2800 verbo
535 2750 768 2812 misit,
805 2750 1049 2803 mendose
1092 2765 1397 2817 expressum

326 2824 572 2876 referunt
592 2827 804 2877 nemini.
838 2826 1010 2876 Idem.

401 2902 690 2965 Nune-pm
738 2902 875 2966 eota]
928 2903 1294 2969 Berneggerus
1329 2903 1399 2955 ad

325 2977 469 3029 liunc
487 2981 653 3028 iocum
667 2979 780 3029 haec
792 2989 1178 3030 commentatur
1188 2997 1206 3032 z
1221 2983 1237 3009 ‘
1251 2981 1299 3032 N
1305 2996 1399 3031 un·

326 3054 661 3117 eupabantnr
703 3057 967 3119 precipue
1005 3055 1091 3105 die
1124 3064 1246 3121 post
1275 3057 1395 3108 Kal.

324 3130 608 3182 Jannerias
642 3132 823 3183 tertio.
892 3133 1161 3198 Euuspius
1192 3135 1244 3183 in
1269 3134 1399 3186 Vita

327 3208 482 3259 Max.
504 3209 661 3258 Caius
683 3209 1102 3262 Jurisconsultns
1138 3211 1205 3260 de
1235 3211 1397 3262 Verb-

317 3283 475 3348 δίκη.
500 3291 558 3334 et
581 3286 687 3335 Dio
704 3284 923 3336 lib.1.1x.
972 3285 1187 3337 Tacitus
1205 3295 1398 3351 tamen,

326 3361 524 3413 Annal.
547 3375 626 3412 ιν.
641 3369 697 3412 et
716 3361 908 3413 Tibull.
925 3361 990 3411 ad
1011 3363 1225 3416 Messal.
1240 3364 1397 3429 ‘ipsis

330 3437 581 3489 Calendis
591 3436 627 3500 ς’
645 3454 747 3504 quo
761 3439 827 3489 de
843 3441 962 3489 vide
984 3440 1148 3504 Lipsii
1172 3441 1397 3494 Excurs-

327 3515 397 3565 Β.
422 3515 488 3565 ad
510 3517 683 3567 Tacit.
704 3515 894 3566 Annal.
916 3530 1037 3567 xvr.
1055 3521 1139 3568 22.
1171 3509 1393 3584 ‘'Coepe-

328 3605 391 3640 re
420 3592 550 3645 Juiii
576 3593 938 3658 temporibus,'
975 3594 1079 3644 Dio
1111 3593 1205 3644 lib.
1241 3608 1396 3648 xuv.

330 3675 388 3718 et
430 3669 449 3698 ‘
471 3668 525 3720 in
560 3670 810 3721 honorem
852 3668 1114 3735 Augusti‚'
1159 3672 1265 3720 Dio
1308 3672 1396 3721 lib.

329 3759 405 3796 m.
429 3761 493 3796 ac
526 3753 542 3777 ‘
560 3763 658 3810 pro
683 3747 972 3810 Pompeio,'
1003 3747 1142 3798 idern
1164 3748 1258 3798 lib.
1280 3760 1396 3800 ω.

326 3829 667 3889 ‘nuncupata
708 3840 741 3874 a
780 3823 1136 3888 pontificibus,
1172 3828 1397 3875 consuli-

329 3898 449 3959 bus,
480 3907 538 3950 et
571 3899 783 3964 reliquis
819 3898 1245 3964 magistratibus,’
1268 3902 1395 3952 Plu·

327 3975 501 4025 tarch.
538 3976 591 4025 in
614 3976 729 4027 Cic.
749 3977 856 4025 Dio
877 3975 914 4025 Ι.
936 3989 1010 4026 u.
1032 3987 1089 4027 et
1109 3991 1273 4028 ινιιι.
1301 3978 1394 4029 ‘In

328 4052 618 4116 Capitolio,
648 4061 703 4103 ct
742 4055 795 4103 in
824 4054 1012 4104 castris
1042 4054 1183 4118 apud
1212 4055 1396 4120 signs,'

326 4130 675 4180 Tertullianus
698 4131 765 4180 de
790 4130 1012 4181 Corona.
1049 4130 1183 4181 Huc
1204 4140 1263 4182 et
1282 4134 1298 4162 ‘
1318 4140 1394 4183 ta·

329 4204 465 4258 bulis
515 4207 779 4274 mandaris
810 4206 1091 4259 Suetonius
1133 4207 1300 4265 refert
1341 4211 1395 4262 in

2402 359 2536 427 889

1478 520 1620 586 Aug.
1636 534 1752 585 cap.
1767 523 1854 570 97.
1869 525 1932 590 ,ει
1952 524 2104 570 ‘cera
2116 516 2257 582 figis
2276 517 2386 569 sive
2419 518 2438 548 ⁴
2456 516 2537 568 iu-

1476 597 1684 656 cerari,'
1713 597 1960 650 Juvenal.
1999 611 2058 649 x.
2096 604 2152 647 et
2194 596 2211 624 ‘
2232 596 2536 661 plerumque

1475 677 1694 733 femore,
1726 690 1929 741 genuve
1948 675 2202 732 Deorum,
2224 672 2414 724 annu'b
2443 672 2535 723 ob-

1475 753 1709 818 signari‚'
1738 752 1993 817 Apuleius
2026 752 2078 801 in
2101 749 2324 815 Apolog.
2379 749 2535 801 Unde

1470 831 1489 861 ‘
1509 839 1634 881 vota
1658 828 1895 894 signata'
1927 829 1982 879 iu
2005 827 2254 892 Epistolis
2287 826 2447 876 Plinii
2467 825 2537 877 ad

1472 908 1772 972 Trajanum.
1821 904 2149 969 ‘Adsignata
2168 903 2337 954 oratio
2354 903 2369 925 ’
2398 902 2539 966 apud

1474 985 1701 1035 Tei-tull.
1722 985 1788 1034 de
1813 983 1970 1035 Orat.
2027 982 2128 1033 Illa
2153 989 2328 1032 autem
2350 981 2537 1043 sigilla,

1475 1062 1662 1124 quibus
1705 1068 1836 1112 νοω
1869 1060 2227 1124 signabantur,
2260 1056 2539 1121 ἀγαλμάτια

1474 1137 1681 1189 Graecis
1708 1138 1974 1203 dicuntur,
2005 1145 2059 1187 et
2090 1138 2189 1187 snb
2211 1135 2537 1200 imperatori-

1474 1214 1569 1264 bus
1607 1215 1952 1266 cudebantur.
2020 1215 2138 1266 Nec
2176 1220 2378 1264 tantum
2414 1221 2539 1262 vota

1476 1292 1530 1341 in
1554 1291 1786 1343 futurum
1805 1292 2242 1356 suscipiebantur,
2257 1290 2393 1354 quod
2420 1298 2538 1343 erat

1472 1367 1716 1430 εὔχεσθαι·
1735 1370 1827 1419 sed
1844 1369 1994 1420 simul
2014 1369 2171 1418 etiam
2192 1367 2420 1431 priorum
2444 1380 2536 1415 an-

1472 1459 1660 1496 norum
1705 1454 1830 1496 vota
1868 1444 2202 1496 solvebantur
2245 1442 2537 1506 sacrificiis,

1471 1523 1611 1586 quod
1634 1530 1749 1572 erat
1771 1519 1911 1572 θύων.
1977 1522 2118 1573 Plin.
2151 1521 2242 1571 lib.
2270 1534 2329 1571 x.
2362 1520 2538 1584 Epist.

1470 1598 1537 1649 ad
1559 1598 1780 1663 Trajan?
1812 1600 1966 1650 Idem.

1546 1674 1693 1739 Vota]
1724 1677 1859 1728 Quas
1879 1676 2038 1726 tertio
2060 1675 2240 1726 Nonas
2257 1673 2536 1726 Januariss

1473 1752 1680 1815 publice
1701 1753 1898 1817 suscipi
1921 1753 2079 1803 moris
2111 1759 2242 1808 erat,
2266 1751 2400 1801 festa
2426 1766 2538 1800 om-

1473 1831 1613 1878 nium
1638 1830 1843 1880 letitia.
1911 1831 1992 1881 De
2015 1831 2077 1879 iis
2098 1830 2307 1893 scripsi,
2329 1843 2428 1879 nec
2453 1841 2538 1878 re·

1473 1914 1599 1970 peto
1619 1906 1785 1956 Taciti
1810 1905 1999 1957 Annal.
2024 1920 2141 1957 xvi.
2174 1905 2314 1970 Lips-

1537 1981 1642 2031 Pro
1662 1982 1933 2032 eternitate
1951 1981 2166 2047 imperii]
2181 1981 2420 2045 Bingium
2440 1986 2455 2009 ⁸
2466 1994 2537 2029 ω’

1471 2055 1630 2107 terni’
1647 2057 1825 2108 datum
1843 2072 1948 2109 non
1967 2065 2168 2115 tautum
2187 2056 2300 2107 urbi
2321 2057 2497 2106 Romae
2516 2071 2537 2118 ς

1471 2137 1564 2184 sed
1586 2145 1643 2186 et
1664 2136 1884 2200 imperio
1906 2143 1922 2168 ⁴
1939 2137 2293 2187 eternitatem
2313 2134 2329 2159 ³
2363 2135 2432 2184 ab
2456 2150 2537 2184 as·

1471 2213 1828 2263 scutatoribus
1855 2214 2181 2278 promissam,
2203 2220 2350 2263 notat
2372 2213 2536 2275 Span-

1471 2287 1632 2339 heim.
1666 2288 1733 2338 de
1771 2289 1882 2338 Usu
1916 2298 1973 2340 et
2006 2290 2199 2339 Psoest.
2231 2289 2390 2340 Num.
2411 2289 2536 2338 Vct.

1472 2371 1602 2414 tom.
1638 2377 1703 2414 ιι.
1739 2379 1859 2428 pag.
1892 2370 2007 2416 846.
2040 2375 2093 2415 et
2115 2370 2231 2416 884.
2289 2364 2538 2427 Velleius,

1473 2440 1564 2490 ubi
1606 2453 1672 2490 ιι.
1717 2445 1831 2491 108.
1871 2441 1941 2490 dc
1975 2442 2204 2492 Neronis
2252 2440 2535 2503 adoptione

1470 2525 1672 2579 narrat,
1706 2518 1723 2545 ⁸
1740 2517 2001 2567 Loetitism
2029 2518 2162 2567 illius
2184 2515 2332 2581 diei‚’
2352 2518 2540 2580 inquit,

1468 2594 1487 2624 ⁴
1503 2607 1916 2657 concursumque
1931 2594 2179 2658 civitatis,
2202 2601 2258 2644 et
2283 2600 2405 2644 vota
2428 2609 2538 2656 ρευ-

1468 2684 1537 2720 ne
1561 2671 1897 2722 inserentium
1915 2671 2046 2719 coelo
2065 2683 2266 2733 manus,
2285 2683 2536 2734 spemque

1469 2757 1739 2813 conceptas
1765 2755 2036 2811 perpetum
2063 2746 2361 2796 securitatis
2383 2755 2537 2796 mter·

1470 2826 1760 2888 nitatisquc
1784 2823 2002 2874 Romani
2025 2822 2247 2887 imperii,
2263 2822 2350 2871 vix
2366 2822 2417 2871 in
2443 2821 2535 2871 illo

1471 2902 1577 2951 isto
1608 2915 1768 2966 opere
1809 2901 2018 2951 abunde
2054 2899 2298 2965 persequi
2335 2898 2534 2961 poteri-

1471 2993 1602 3036 mus,
1623 2977 1812 3029 nednm
1841 2978 1928 3027 liic
1955 2975 2208 3039 implere)
2272 2976 2399 3041 Ipse
2422 2975 2533 3026 Ne·

1469 3071 1552 3118 ro,
1575 3065 1710 3106 teste
1731 3056 1980 3106 Suetonio
2004 3054 2056 3104 in
2079 3054 2187 3118 ejus
2206 3053 2354 3116 Vita,
2376 3068 2423 3104 c.
2448 3057 2537 3113 11,

1471 3140 1488 3162 ¹
1501 3131 1650 3182 ludos
1666 3146 1762 3195 pro
1779 3130 2075 3181 aeternitate
2097 3131 2301 3194 imperii
2317 3145 2534 3192 suscep·

1471 3215 1556 3258 tos
1591 3208 1842 3274 appellari
1878 3207 2042 3258 voluit
2081 3206 2382 3259 Maximus?
2461 3209 2536 3258 Et

1469 3287 1676 3351 quoties
1689 3297 2031 3337 succurras
2046 3297 2312 3343 Ανανετι.
2328 3286 2414 3336 vel
2429 3297 2533 3335 Av-

1470 3377 1774 3415 evsronvss
1798 3365 1882 3415 vel
1915 3378 2164 3423 mnan,
2186 3381 2290 3419 nou
2316 3366 2369 3416 iu
2391 3381 2536 3415 num·

1468 3443 1567 3490 mis
1583 3442 1905 3492 Cesareanis
1922 3443 2226 3508 consignata
2241 3444 2537 3508 reperitur?

1467 3517 1851 3581 Ipsius‘l'rajani
1863 3531 2127 3567 nummum
2138 3519 2408 3568 annotavit
2421 3520 2536 3569 Me-

1467 3594 1751 3645 diobarbus
1781 3609 1836 3659 p.
1867 3594 2053 3644 188.ἰιι
2087 3609 2189 3659 quo
2212 3595 2535 3659 conspicitur

1466 3669 1640 3734 figura
1682 3678 1850 3729 stans,
1890 3678 1948 3720 et
1984 3669 2174 3721 dextra
2203 3680 2363 3735 caput
2393 3672 2532 3723 Solis

1465 3746 1744 3808 radiatum,
1789 3747 2000 3798 sinistra
2034 3756 2192 3811 caput
2233 3750 2413 3812 Lunae,
2456 3758 2535 3800 te-

1467 3837 1617 3885 nens,
1639 3837 1756 3873 cum
1779 3823 1858 3872 luis
1883 3824 2047 3873 literis
2062 3841 2078 3873 ε
2110 3837 2235 3875 arr.
2257 3836 2394 3875 ave.
2423 3825 2457 3875 i.
2479 3840 2530 3875 e.

1467 3900 1485 3929 ‘
1502 3900 1786 3950 AEternitas
1811 3898 2071 3962 Augusti)
2136 3901 2225 3951 Sic
2244 3910 2299 3951 et
2321 3903 2538 3966 Plinius,

1466 3977 1640 4040 Epist.
1672 3991 1729 4028 x.
1756 3981 1840 4027 67.
1872 3979 1888 4006 ⁸
1907 3978 1991 4027 Fl.
2011 3975 2310 4042 Archippus
2332 3994 2428 4045 per
2449 3995 2534 4030 sa·

1466 4056 1630 4106 lntem
1657 4064 1801 4105 tuam
1839 4056 2285 4120 aeternitatemque
2317 4058 2473 4120 petiit
2499 4073 2533 4108 a

1466 4133 1592 4183 me.'
1636 4133 1709 4181 Et
1743 4146 1828 4195 ep·
1871 4135 1953 4182 87.
1999 4133 2016 4161 ⁸
2034 4133 2143 4182 Per
2179 4135 2532 4189 eternitatem

1467 4216 1614 4261 tuam
1636 4208 1997 4277 salutemque.’
2029 4209 2275 4267 Selom
