3017 4942
499 367 632 436 988
938 380 967 425 c
1086 385 1121 427 .·
1191 379 1411 431 »ποτε
1462 378 1871 430 νΑιιιοιῑυΜ
1923 378 2005 429 m
2131 386 2138 403 =
2199 390 2258 421 ,φ

500 525 1014 591 Guelphe'rbytanns,
1041 522 1235 574 habent
1257 523 1374 575 Atta
1408 523 1558 574 etim

498 604 810 662 Μωσέως
843 603 931 652 ubi
966 602 1157 652 rectius
1185 602 1236 650 in
1271 601 1461 651 ceteris
1495 601 1557 650 li·

503 681 609 730 bris
646 679 880 729 omnibns
910 679 1146 742 legimus,
1180 679 1318 728 Talia
1337 693 1437 729 em
1454 694 1559 729 cre·

499 757 719 808 diderint.
753 757 1008 806 Schwarz.

574 833 718 884 Velut
757 848 947 891 numen,
982 831 1167 896 adesse]
1209 833 1397 882 Numen
1428 833 1561 882 uelut

497 912 664 960 adesse
702 910 867 959 Livin.
901 909 951 957 in
989 916 1169 969 textu3
1212 909 1302 957 sed
1339 910 1388 958 in
1423 922 1557 958 mar*

502 989 640 1052 gine,
660 988 790 1035 vetut
812 999 981 1035 numen
1001 986 1162 1035 adesse
1184 985 1247 1034 V.
1272 985 1330 1034 C.
1354 985 1423 1035 G.
1445 986 1508 1034 R.

568 1064 704 1113 Talia
722 1077 822 1112 esse
840 1061 1146 1124 crediderim]
1178 1061 1342 1110 Foeda
1357 1067 1430 1111 ·et
1464 1061 1558 1111 im-

501 1142 591 1205 pia
632 1139 898 1201 adulati03
954 1153 1116 1204 quare
1156 1138 1289 1188 bene
1328 1139 1558 1203 Lipsius,

495 1218 512 1249 ⁶
537 1217 898 1271 Prudentiam,
919 1214 1287 1279 eloquentiam,
1310 1222 1365 1264 et
1386 1214 1558 1265 omnia

499 1294 618 1356 elia,
648 1309 680 1343 s
719 1293 861 1343 vobis
898 1292 1171 1354 haurimus,
1203 1305 1356 1356 quam
1393 1292 1557 1355 pieta-

498 1369 641 1421 tem-³
671 1370 889 1420 Patercl-

564 1445 726 1508 Nuta]
762 1443 1099 1495 Mamertinus
1121 1457 1216 1508 pro
1240 1443 1556 1494 Consulatuz

494 1524 511 1553 ‘
536 1522 758 1580 Poene?
793 1523 979 1588 iuquit,
1012 1521 1028 1548 ‘
1051 1520 1226 1570 ferunt
1254 1522 1554 1571 altissimum

495 1601 640 1650 illum
665 1610 720 1650 et
736 1610 931 1650 cuncta
949 1605 1206 1663 potestate
1225 1598 1555 1648 cohibentem

497 1678 684 1741 Deum,
720 1676 808 1742 qui
849 1676 1045 1725 ditione
1083 1683 1341 1738 perpetua
1377 1674 1556 1724 divina

496 1761 654 1818 atque
696 1754 919 1802 humana
961 1751 1277 1813 moderetur,
1309 1765 1425 1800 cum
1463 1751 1554 1801 de·

495 1830 685 1893 spiciat
728 1829 783 1881 in
830 1837 1018 1889 terras,
1054 1827 1236 1877 habitu
1278 1828 1382 1876 oris
1425 1835 1554 1878 tem·

495 1913 754 1970 pestutum
790 1905 994 1955 incerta
1026 1911 1245 1965 mutare,
1276 1904 1388 1968 ejus
1421 1912 1553 1955 nutu

493 1981 738 2032 mundum
779 1981 1100 2043 tremiscere,
1123 1981 1256 2031 illius
1290 1981 1554 2030 hilaritate

494 2059 725 2108 turbines
754 2057 912 2121 abigi,
934 2056 1098 2123 nubes
1121 2055 1313 2119 fugari,
1335 2057 1555 2108 nitentia

494 2148 591 2198 per
614 2133 791 2183 orbem
813 2147 993 2182 serena
1018 2129 1260 2180 refundi.’
1292 2132 1444 2184 Rern.

557 2210 620 2260 Sa·
642 2211 825 2273 quaudo
845 2208 1021 2271 oculos]
1052 2206 1151 2257 Ille
1176 2222 1301 2257 vero
1328 2223 1553 2273 semper,

491 2300 525 2336 ο
553 2285 726 2346 Plini;
760 2294 815 2335 et
846 2291 905 2335 tu
938 2284 1023 2332 hic
1047 2298 1162 2333 cum
1185 2286 1437 2334 avunculo
1461 2294 1553 2336 tuo

491 2361 820 2425 epicurissas,
852 2361 938 2410 cui
974 2360 1288 2409 irridendum
1327 2362 1552 2420 videtur,

490 2438 507 2465 ‘
533 2451 689 2500 agere
720 2451 896 2486 curem
924 2450 1092 2485 rerum
1123 2437 1456 2488 humanarum
1490 2439 1553 2487 il-

490 2512 616 2574 lud,'
652 2512 898 2578 quidquid
934 2518 1032 2577 est,
1055 2518 1070 2540 ¹
1094 2513 1393 2564 summumst«
1444 2513 1550 2563 Sed

489 2589 841 2652 prudentiam,
879 2589 1247 2653 eloquentiam,
1286 2598 1343 2639 et
1377 2591 1551 2641 omnia

487 2667 604 2729 alia,
636 2682 667 2716 a
701 2666 847 2716 vobis
880 2666 1158 2729 haurimus,
1191 2681 1345 2732 quam
1385 2667 1549 2731 pieta-

490 2750 616 2793 tem.
644 2744 783 2807 Lips-

552 2819 612 2869 Si
641 2822 826 2882 quando
846 2819 1023 2883 οοιιῑω]
1066 2819 1153 2868 Sic
1173 2820 1387 2883 Jupiter
1409 2821 1549 2871 dice-

487 2894 642 2946 batur
663 2895 936 2960 despicere
961 2896 1012 2945 in
1036 2904 1220 2958 terres,
1239 2903 1298 2946 ut
1318 2897 1550 2947 homines

475 2972 705 3035 juvaret.
773 2974 963 3036 virgil.
995 2973 1108 3023 AEn.
1143 2987 1183 3022 ι.
1218 2977 1333 3023 324.
1375 2976 1390 3002 ⁸
1416 2974 1549 3024 Cum

483 3048 732 3113 Juppiter
771 3051 966 3099 ethere
1002 3065 1199 3100 summo
1241 3050 1548 3112 Despiciens

480 3137 627 3175 ,mare
664 3125 954 3183 velivolum,
992 3134 1258 3190 terrasque
1287 3127 1549 3190 jacentes,

485 3201 810 3264 Littoraque,
829 3211 885 3251 et
901 3203 1033 3252 latos
1057 3203 1304 3265 populos3
1337 3204 1412 3253 sic
1435 3218 1549 3254 ver·

483 3275 590 3325 tice
620 3276 737 3325 coeli
769 3277 1038 3338 Constitit,
1064 3285 1118 3327 et
1155 3279 1329 3340 Libyae
1365 3279 1550 3331 defixit

481 3353 676 3403 lumina
699 3353 903 3419 regnis?
959 3353 1029 3403 Et
1051 3354 1168 3407 AEn.
1185 3368 1270 3403 11.
1291 3358 1406 3405 725.
1441 3363 1456 3386 ‘
1476 3355 1548 3407 At

470 3442 589 3490 ,non
620 3428 733 3479 haee
758 3430 908 3478 nullis
934 3429 1355 3481 hominum.sator
1387 3439 1548 3496 atque

485 3505 715 3554 Deorum
738 3504 1038 3554 observans
1061 3505 1224 3555 oculis
1248 3521 1444 3555 summo
1467 3522 1547 3556 se·

484 3578 575 3629 det
596 3581 728 3631 altus
753 3579 1018 3645 Olympo?
1083 3581 1298 3642 Contra,
1324 3584 1548 3647 rejicere

482 3661 540 3705 et
572 3670 817 3706 amovere
850 3657 1028 3709 oculos
1065 3658 1130 3709 ab
1165 3658 1225 3707 iis
1261 3659 1549 3723 dicebatur,

484 3731 666 3794 quihus
693 3738 807 3781 erat
828 3731 1012 3792 iratus,
1029 3736 1121 3781 aut
1144 3733 1387 3793 auxilium
1412 3748 1545 3799 prae-

481 3806 607 3857 bere
648 3806 878 3859 nolebat.
955 3807 1140 3870 virgil.
1176 3808 1290 3858 AEn.
1330 3821 1387 3859 x.
1424 3813 1546 3867 4⁷3.

479 3884 604 3947 {Sic
627 3885 721 3946 ait,
747 3892 902 3949 atque
925 3885 1101 3934 oculos
1130 3884 1435 3937 Rutulorum
1461 3901 1545 3936 re-

470 3951 601 4022 jicit'
632 3960 806 4010 arvis?
869 3959 1068 4010 Statius
1105 3960 1275 4023 Theb.
1312 3975 1392 4010 xt.
1428 3966 1543 4012 134.

481 4043 499 4066 ⁸
522 4036 610 4086 Sic
641 4044 792 4099 pater
818 4037 1143 4100 omnipotens
1170 4038 1416 4102 visusque
1449 4054 1543 4093 no-

479 4113 721 4167 centibus
736 4113 871 4163 arvis
887 4113 1140 4175 Abstulit,
1158 4123 1210 4163 et
1225 4113 1366 4186 dulci
1383 4121 1541 4166 terrae

1631 522 1844 587 picurus
1878 536 2082 572 omnem
2113 517 2697 586 negabat'providenti·

1628 615 1709 649 am
1727 600 1974 652 divinam.
2036 601 2106 651 Et
2120 613 2292 649 annon
2306 599 2460 647 etiam
2473 596 2585 651 alii,
2601 594 2698 660 qui

1630 692 1734 728 nou
1765 679 2114 743 sequebantur
2138 676 2429 740 Epicurum,
2448 675 2523 723 ita
2547 670 2699 737 loqui

1632 754 1883 817 potuere?
1948 754 2201 821 Exemplo
2235 760 2357 801 sunt
2387 749 2579 810 Stoici,
2607 747 2701 813 qui

1629 830 1854 895 alioquin
1874 844 2021 880 acres
2039 828 2376 891 providentias
2391 826 2586 875 divinae
2607 824 2700 881 de2

1628 906 1866 958 sensere»
1902 907 2066 957 videri
2103 907 2375 957 volebant:
2409 919 2472 954 ex
2501 904 2698 952 horum

1634 990 1805 1034 tamen
1866 984 2040 1033 schola
2092 996 2390 1046 progressus
2435 980 2699 1036 Lucilius,

1631 1059 1768 1121 apud
1804 1060 1917 1110 Cic.
1956 1060 2082 1109 Nat.
2113 1061 2272 1109 Deor.
2296 1072 2359 1108 11.
2380 1063 2463 1107 66.
2497 1063 2515 1086 ‘
2534 1057 2698 1133 Mag·-

1632 1135 1734 1195 πεί
1764 1134 1950 1201 inquit,
1970 1138 1987 1163 ‘
2010 1135 2098 1185 Dii
2127 1144 2340 1197 curant3
2373 1148 2531 1198 parva
2562 1147 2697 1197 ueg-

1630 1210 1828 1274 ligunt0'
1893 1213 1963 1262 Et
1982 1211 2122 1276 apud
2145 1213 2383 1276 eundem,
2408 1213 2475 1262 N.
2497 1213 2577 1261 D.
2603 1222 2698 1260 nr.

1630 1293 1709 1339 35.
1747 1290 1974 1339 Lucilius
1997 1289 2375 1340 Academicus:
2411 1289 2515 1338 ‘At
2547 1280 2697 1338 enim

1628 1367 1831 1416 minora
1858 1369 1953 1417 Dii
1982 1368 2270 1431 negligunt,
2292 1380 2455 1430 neque
2485 1366 2697 1428 agellos

1630 1443 1963 1507 singulorum,
1984 1458 2082 1493 nec
2109 1445 2340 1495 viticulas
2368 1456 2695 1507 persequun-

1631 1523 1746 1581 tnr;
1780 1533 1878 1568 nec
1913 1521 1957 1569 si
1989 1521 2170 1582 uredo,
2191 1528 2284 1571 aut
2305 1519 2513 1584 grando,
2538 1520 2697 1583 quip-

1630 1597 1763 1659 piam
1805 1597 2001 1653 nocuit,
2031 1597 2082 1646 id
2115 1597 2236 1648 Jovi
2274 1596 2698 1646 animadverten-

1629 1670 1747 1720 dum
1770 1669 1908 1722 fuit!
1961 1674 2031 1723 Et
2051 1686 2099 1722 c.
2120 1676 2203 1722 39.
2236 1676 2253 1703 ‘
2275 1673 2393 1722 Nou
2413 1678 2567 1721 curat
2586 1672 2695 1719 sin·

1624 1751 1776 1812 gulos
1809 1750 2055 1811 homines,
2077 1764 2145 1799 ne
2174 1749 2413 1799 civitates
2435 1745 2696 1812 quidem.’

1628 1825 1798 1877 Quam
1834 1840 1962 1879 vero,
1986 1826 2209 1875 diversae
2236 1833 2290 1875 et
2310 1825 2696 1875 hallucinantes

1625 1903 1904 1953 senteutiae
1924 1911 2152 1952 veterum
2171 1898 2696 1965 philosophorum-fu-

1626 1979 1768 2029 erint
1803 1979 1873 2029 de
1913 1982 2045 2036 Deo,
2081 1980 2291 2043 Deique
2335 1976 2694 2042 providentia,

1626 2069 1722 2119 per
1768 2057 2131 2120 compendium
2176 2056 2378 2105 indicat
2414 2053 2696 2117 Arrianus,

1626 2131 1960 2197 philosophus
1980 2133 2209 2187 Stoicus,
2230 2133 2284 2180 in
2306 2131 2541 2194 Epicteti
2565 2130 2693 2179 Dis-

1626 2215 1751 2257 sert.
1773 2221 1814 2257 ι.
1838 2209 2090 2271 12.·cujus
2127 2208 2287 2256 verba
2323 2206 2505 2256 Latine
2544 2203 2692 2255 facta

1626 2285 1725 2333 huc
1750 2283 2032 2335 transferre
2049 2284 2211 2333 libet:
2248 2286 2264 2311 ‘
2280 2281 2432 2335 Quod
2449 2282 2516 2332 ad
2537 2283 2692 2333 Deos

1626 2359 1851 2423 attinet,'
1896 2361 2082 2424 inquit,
2132 2361 2148 2388 ‘
2186 2367 2306 2409 sunt
2342 2360 2429 2423 qui
2473 2367 2691 2421 negent,

1624 2437 1784 2487 ullum
1824 2451 2011 2486 numen
2050 2450 2183 2486 esse.
2264 2436 2398 2485 Sunt
2442 2435 2533 2499 qui
2569 2448 2689 2487 esse

1623 2513 1865 2575 doceant,
1897 2513 1987 2562 sed
2013 2514 2257 2575 otiosum,
2280 2520 2335 2561 et
2358 2513 2483 2561 nihil
2506 2526 2692 2575 procu·

1623 2606 1763 2653 rans,
1780 2591 2005 2656 nihilque
2028 2590 2368 2654 prospiciens.
2436 2590 2570 2639 Sunt
2586 2596 2691 2639 ter-

1625 2668 1702 2724 tii,
1721 2668 1810 2730 qui
1827 2666 2059 2731 tradant,
2072 2676 2122 2716 et
2141 2681 2255 2717 esse
2271 2679 2480 2723 numen,
2503 2675 2559 2715 et
2574 2680 2690 2729 pre-

1625 2744 1835 2804 videre3
1870 2741 1960 2792 sed
1998 2758 2099 2793 non
2139 2744 2238 2792 nisi
2270 2744 2470 2807 magnis
2499 2751 2559 2793 et
2586 2756 2686 2793 coe·

1622 2819 1860 2877 lestibus,
1882 2834 1984 2869 non
2014 2835 2135 2869 vero
2159 2820 2493 2870 terrestribus
2519 2819 2688 2869 rebus.

1625 2895 1815 2947 Quarti
1830 2896 2065 2953 tradunt,
2080 2910 2269 2946 numen
2280 2906 2336 2947 et
2364 2906 2688 2946 terrenarum

1621 2982 1679 3023 et
1711 2974 2000 3023 coelestium
2045 2988 2216 3022 rerum
2250 2987 2428 3022 curam
2473 2986 2689 3035 εει-επις

1621 3050 1712 3099 sed
1739 3051 2119 3113 generalem,et
2141 3049 2206 3098 ad
2229 3063 2407 3101 omnes
2419 3049 2688 3112 pertinen·

1621 3130 1760 3185 tem3
1796 3141 1897 3175 non
1936 3141 2057 3175 vero
2092 3127 2334 3190 privatim
2371 3133 2425 3174 et
2458 3139 2686 3177 seorsum

1623 3201 1685 3250 sd
1711 3202 1939 3265 singulas
1963 3216 2045 3252 res
2078 3202 2316 3251 conditas
2339 3208 2686 3263 spectantem.

1624 3276 1696 3329 At
1715 3280 1932 3343 quincti,
1952 3276 2017 3330 ex'
2053 3294 2268 3344 quorum
2293 3295 2512 3331 numero
2536 3280 2687 3345 Ulys-

1623 3370 1706 3404 ses
1729 3355 1846 3419 snit,
1870 3367 1925 3406 et
1959 3358 2214 3425 Socrates,
2234 3359 2308 3406 sic
2338 3364 2601 3418 statuunt,
2634 3365 2688 3406 et

1622 3433 1957 3498 alloquuntur
1980 3436 2148 3487 Deum
2169 3449 2184 3482 ε
2218 3434 2311 3490 Te,
2332 3433 2383 3484 Ο
2402 3435 2576 3497 Dens,
2593 3448 2689 3483 nec

1622 3507 1673 3557 in
1695 3509 1905 3561 minimo
1940 3518 2085 3558 motu
2118 3509 2309 3565 latebo,
2329 3517 2421 3558 ant
2444 3507 2621 3560 fallam
2642 3506 2689 3565 ξ’

1622 3584 1735 3635 Nos
1758 3585 2058 3648 Christiani,
2094 3600 2190 3649 per
2209 3584 2313 3634 Dei
2341 3584 2689 3647 clementiam,

1621 3659 1814 3725 rectius
1839 3661 2088 3724 sapimus,
2110 3668 2165 3709 et
2203 3661 2399 3710 certius
2438 3661 2690 3711 sentimus

1620 3734 1687 3786 de
1728 3736 1903 3787 divina
1950 3737 2297 3802 providentia.
2343 3794 2348 3801 ί
2385 3737 2531 3788 Quid
2568 3750 2690 3797 vere

1617 3812 1820 3875 mirum,
1838 3814 2081 3869 Plinium,
2099 3814 2355 3863 hominem
2375 3813 2685 3868 Christiano

1617 3889 1856 3938 veritatis
1898 3899 2190 3954 expertem,
2227 3890 2385 3939 etiam
2415 3890 2683 3952 opinatum

1616 3977 1744 4021 esse.
1762 3965 1951 4016 Jovem
1977 3980 2136 4027 ¹suum
2170 3966 2332 4028 magis
2371 3965 2681 4026 coelestium,

1615 4055 1768 4106 quam
1793 4032 2118 4091 terrestriuin
2142 4041 2583 4106 humanarumque
2607 4054 2684 4090 re·

1615 4132 1747 4179 rum,
1779 4132 1957 4181 curam
1981 4133 2186 4182 gerere,
2209 4125 2265 4167 et
2288 4117 2354 4167 ad
2380 4118 2472 4167 has
2495 4118 2679 4167 saltem

481 4203 697 4245 caruere
733 4189 948 4240 sereno.’
1010 4190 1175 4241 Putat
1208 4191 1434 4255 Lipsius,
1461 4193 1542 4242 his
1612 4194 1897 4247 identidem
1918 4186 2679 4258 respiceredignarimchmrz.

482 4266 651 4319 verbis
673 4265 902 4321 Plinium
923 4265 1283 4329 epicurissare.
1343 4268 1448 4318 Sed
1471 4269 1542 4329 Ε.

1658 4271 1888 4334 ΔΒεεηιιέσίι
1910 4271 1963 4320 in
1984 4271 2165 4337 terras]
2191 4271 2261 4320 Et
2283 4270 2568 4335 Epicurum
2598 4284 2677 4321 sa·
