3017 4942
438 353 601 437 6⁴74:

444 526 666 596 gutandi
709 523 884 578 studio
926 518 1070 574 istud
1112 517 1361 573 orationis
1403 521 1509 567 tuoe

444 611 664 657 acumen
699 601 958 654 hebescit.
990 598 1110 649 ‘An
1159 597 1245 647 Dii
1291 594 1368 645 tui
1408 607 1512 642 non

443 683 730 752 potuerunt
747 683 927 734 debita
946 682 1194 731 diuturna
1214 672 1514 726 remittere?

445 780 562 815 cnm
589 764 742 813 etiam
756 760 983 826 'quisque
1005 758 1321 822 privatorum
1354 749 1530 800 ltomi-‘

444 843 570 894 num
593 856 666 891 aes
691 840 913 889 alienum
952 837 1073 887 inde
1096 850 1127 883 a
1150 840 1301 897 patre
1336 834 1392 879 et
1417 841 1515 878 avo

445 919 739 969 derivatum
775 914 983 963 tandem
1023 910 1249 962 debitori
1285 913 1343 957 ut
1379 905 1515 956 solu·

446 1002 559 1046 tum
596 993 887 1057 relinquere
909 993 1099 1055 queat.
1152 984 1405 1049 Trajsnus
1438 981 1517 1031 sic

446 1087 551 1123 non
577 1070 720 1123 facta
744 1067 972 1121 reddidit
991 1063 1213 1127 infecta,
1231 1061 1321 1111 sed
1346 1066 1518 1110 sustu-

445 1149 511 1200 lit
533 1147 789 1198 facienda.
858 1144 1013 1194 Certe
1044 1140 1392 1201 Domitianus,
1413 1144 1520 1185 tes·

446 1225 765 1275 te³Sueton.'
805 1224 923 1286 cap.
945 1225 996 1272 9.
1039 1219 1230 1274 ‘Reos,
1267 1215 1356 1281 qui
1395 1220 1520 1263 ante

447 1300 851 1367 quinquennium
870 1296 1179 1362 proximum
1218 1290 1354 1357 apud
1389 1295 1535 1341 aera-‘

446 1379 581 1430 rium
612 1375 1019 1441 pependissent}
1036 1372 1304 1422 universos
1338 1367 1520 1418 discri-

445 1453 586 1505 mine
610 1454 869 1504 liberavit.
893 1486 909 1503 .
925 1486 939 1503 .
957 1486 972 1502 .
993 1449 1202 1502 Scribas
1217 1448 1522 1514 quaestorios

446 1534 782 1600 negotiantes
836 1546 936 1581 ex·
969 1526 1371 1582 consuetudine,
1425 1521 1519 1572 sed

449 1620 639 1663 contra
674 1609 908 1661 Clodiam
935 1608 1105 1669 legem
1133 1603 1287 1653 venia
1308 1601 1360 1651 in
1389 1614 1521 1675 praeg

448 1681 661 1738 teritum
683 1683 928 1735 donavit.'
967 1683 1239 1733 Sestinum·

498 1763 803 1834 ⁶›S'ulmeuireJ
835 1761 850 1789 ‘
866 1758 1148 1809 Praeterita
1166 1755 1326 1818 magis
1343 1766 1522 1817 repre·

447 1840 626 1904 hendi,
670 1852 826 1904 quam
871 1834 1084 1898 corrigi,
1129 1829 1385 1897 possunt,'
1421 1839 1556 1880 vox·

451 1914 767 1966 Hannibalis
791 1911 931 1976 apud
958 1910 1182 1960 Livium.
1218 1909 1370 1957 Bern-

518 1992 772 2042 Desineret
806 1990 1001 2054 quisque
1034 1987 1223 2051 debere]
1258 1985 1275 2013 ‘
1296 1985 1348 2034 H
1354 1983 1417 2034 ad
1425 1983 1536 2033 ria-¹

451 2085 551 2121 nus
592 2084 689 2134 per
720 2069 948 2118 edictum
985 2064 1299 2117 condonavit
1326 2055 1525 2125 omnia,

451 2147 562 2198 sive
606 2162 670 2197 ea
708 2146 773 2196 ad
816 2159 871 2194 se
897 2142 1260 2209 pertinerent,
1290 2139 1415 2188 ¹aive
1457 2137 1525 2187 ad

455 2223 733 2283 aerarium3
764 2219 1199 2283 ·decenniumque
1252 2215 1525 2281 praescrip·

454 2300 543 2357 sit,
581 2314 611 2349 a
647 2313 749 2362 quo
782 2303 1021 2360 tempore
1038 2293 1232 2344 debere
1255 2292 1527 2357 quisquam

454 2374 743 2438 desineret,
777 2386 876 2422 nec
912 2377 1095 2434 postea
1129 2367 1401 2419 debiturus
1445 2366 1528 2417 es‘·

360 2475 365 2482 ·
456 2452 574 2503 set.’
638 2450 979 2516 Spartian.in
1002 2445 1261 2497 Hadrian.
1296 2445 1449 2494 Idem.

527 2531 668 2587 Quod
721 2542 817 2577 non
867 2530 990 2578 esset
1014 2529 1205 2589 *postea
1255 2519 1527 2584 debiturus]

458 2605 658 2657 Nescio
681 2619 781 2668 qua
815 2601 1199 2666 conspiratione
1233 2613 1410 2649 omnes
1444 2612 1531 2647 co·

457 2681 603 2731 dices
635 2681 766 2731 Mss.
790 2683 919 2743 quos
956 2676 1329 2739 consuluimus,
1361 2674 1530 2724 in'his

458 2757 630 2808 verbis
664 2755 938 2807 ‘omiserint
979 2754 1290 2822 particulam
1328 2752 1532 2816 negati*

458 2849 576 2884 vam
609 2848 718 2891 nou,
749 2846 904 2898 quam
943 2832 1099 2881 etiam
1132 2831 1183 2880 in
1210 2828 1530 2893 cuspiniani„

459 2909 707 2975 G'rypbii‚
729 2916 786 2958 et
816 2906 1057 2958 Sichardi
1091 2904 1406 2972 editionibus
1441 2904 1532 2953 de-

461 2986 784 3046 sideramus3
817 2999 933 3033 cum
970 2996 1084 3043 eam
1121 2991 1295 3031 tamen
1329 2980 1393 3031 ad
1416 2995 1533 3031 sen·

461 3063 678 3113 tentiam
698 3057 1115 3111 constituendam
1129 3058 1533 3121 judicemus‘ne·

462 3137 760 3192 cessariam,
789 3134 1110 3198 eandemque
1139 3134 1251 3198 jam
1286 3133 1535 3183 Puteola-

462 3227 567 3340 niz:
587 3219 642 3262 et
664 3211 945 3261 Catan'aeus
965 3209 1295 3274 evulgarint.
1314 3209 1538 3259 &linear-r

463 3305 492 3339 ι
570 3321 583 3337 .

529 3361 738 3426 Postea]
769 3363 904 3412 Post
931 3361 1067 3411 diem
1093 3361 1169 3412 tui
1195 3360 1372 3412 edicti.
1401 3360 1541 3425 Lips.
1573 3371 1579 3380 ·

535 3440 677 3496 Quod
699 3454 794 3488 non
815 3442 937 3487 esset
954 3441 1116 3502 postea
1133 3438 1398 3502 debiturus]
1419 3437 1538 3487 Fal-

467 3530 526 3567 so
548 3516 600 3566 in
627 3518 696 3565 V.
720 3516 781 3566 C.
802 3515 1010 3579 negatio
1034 3515 1200 3566 abest.
1266 3513 1540 3564 Sententia
1569 3516 1578 3521 ’

465 3592 748 3643 manifeste
771 3591 949 3641 docet.
984 3591 1150 3643 Licin.
1529 3617 1532 3620 ·

536 3668 672 3719 Idem
693 3669 928 3735 effecisti]
963 3668 1100 3718 Idem
1117 3667 1309 3729 fecisti.
1376 3666 1543 3718 Nulla
1572 3673 1579 3680 ‘

467 3744 709 3796 hicmibi
747 3745 1027 3795 diversitas
1063 3744 1116 3794 in
1155 3743 1575 3811 exemplaribus

469 3826 677 3884 notata,
713 3821 812 3870 nisi
849 3821 986 3886 qnod
1031 3822 1083 3870 in
1117 3822 1181 3871 C.
1210 3819 1386 3871 editur
1407 3820 1545 3869 Idem

471 3895 695 3960 effecisti.
761 3898 967 3947 Bonum
1007 3894 1224 3958 factum,
1256 3903 1314 3947 et
1354 3895 1578 3947 fallor?v

475 3985 540 4020 an
564 3971 734 4021 aditus
758 3972 879 4023 binc
903 3972 1013 4036 jam
1039 3973 1337 4040 expeditus,
1358 3987 1459 4038 qua
1488 3972 1546 4021 in
1579 3981 1585 3986 ’

473 4048 644 4097 lucem
677 4062 745 4098 ex
776 4048 854 4098 liis
878 4048 1112 4102 tenebris
1136 4049 1392 4102 evadam?
1426 4063 1544 4100 nam

475 4122 580 4173 hoc
602 4124 842 4187 primum,
861 4126 1060 4186 literas,
1081 4141 1200 4191 quse
1224 4127 1550 4191 coaluerant,

398 4199 407 4208 “
478 4201 726 4266 dejunge,
750 4202 870 4253 inde
902 4203 1139 4268 observo,
1175 4204 1287 4254 rin
1321 4204 1550 4255 exarati·
1577 4208 1583 4218 ‘

480 4275 569 4327 tiis
601 4276 750 4329 libris
784 4285 921 4329 nunc
954 4292 1045 4338 em,
1065 4293 1204 4332 nnnc
1226 4285 1326 4346 est,
1355 4281 1553 4344 valere,
1585 4302 1594 4312 ·

1136 373 1358 425 NOTAE
1388 366 1817 420 ‘vammum
1841 365 1949 414 *nt

1584 509 1724 578 qnod
1748 522 1904 574 supra
1929 517 2130 557 xxxvr.
2151 505 2202 553 4.
2223 499 2290 552 ad
2314 500 2425 556 illa,
2453 496 2652 549 “excos

1586 592 1804 656 gitatnm
1840 577 2179 644 cruciatu-eff
2207 578 2415 643 fugerat
2432 591 2516 626 me
2540 589 2652 625 mo·
2687 575 2698 584 ⁵

1584 681 1731 718 nere.
1783 663 2103 730 Igitur'idem
2124 661 2176 709 in
2199 660 2253 708 id
2273 661 2343 706 est
2366 656 2653 713 commuto,
2688 659 2696 665 ‘

1586 750 1642 795 et
1664 757 1863 793 omnem
1886 741 2023 789 bunc
2059 738 2231 787 locum
2261 733 2335 783 sic
2365 728 2655 790 constituo,
2689 743 2700 750 ’

1581 825 1691 885 post
1710 819 1975 881 debiturus,
2004 816 2056 866 id
2077 819 2168 870 est,
2189 810 2362 874 fecisti
2397 807 2507 872 (seu
2537 802 2660 870 effe·

1587 896 1722 959 cisti)
1743 910 1802 945 ue
1834 895 1949 945 mal.
1978 893 2136 957 princ.
2168 888 2505 941 habuissemus,
2541 883 2659 947 (quo
2693 877 2704 890 '

1589 974 1783 1037 ingenio
1794 971 1851 1038 2)
1894 972 1940 1021 si
1985 971 2181 1020 Natura
2219 968 2483 1031 pateretur.
2549 957 2659 1009 Sed
2693 955 2702 966 ’

1545 1059 1552 1068 “
1590 1065 1788 1112 eamus,
1822 1050 1866 1098 si
1899 1049 2090 1112 placet,
2116 1058 2212 1109 per
2246 1049 2437 1106 partes,
2463 1046 2521 1088 et
2554 1038 2692 1086 sinu

1543 1135 1554 1146 ‘
1592 1128 1715 1192 gula
1736 1128 2070 1176 illustremus.
2100 1125 2117 1152 ‘
2138 1122 2226 1173 Ne
2240 1119 2361 1170 mal.
2385 1118 2553 1183 princ.
2570 1115 2664 1164 ha-

1592 1201 1919 1259 buissemus,’
1942 1199 2241 1251 duriuscule
2264 1194 2419 1258 dixit,
2440 1208 2536 1257 pro
2566 1198 2583 1222 ³
2600 1197 2665 1241 ut
2693 1189 2698 1196 '

1591 1277 1756 1331 videri
1773 1293 2037 1345 possemus
2054 1277 2171 1326 mal.
2189 1274 2355 1339 princ.
2371 1284 2477 1321 non
2496 1269 2664 1320 babu—

1551 1373 1556 1378 ·
1594 1356 1736 1408 isse.'
1780 1357 2004 1408 Gemina
2028 1352 2231 1418 phrasis
2252 1358 2309 1400 et
2343 1362 2523 1411 supra,
2558 1343 2668 1396 ‘'ue

1595 1435 1711 1501 quis
1731 1435 2122 1499 occupatus,‘ne
2140 1427 2491 1496 qnis'denique
2506 1425 2667 1487 longe
2685 1421 2704 1428 '⁷

1553 1520 1556 1523 ’
1598 1512 1823 1565 fuisset.’
1860 1515 2103 1576 Rursum,
2123 1513 2140 1541 ‘
2156 1516 2215 1560 ut
2231 1524 2345 1575 quaa
2370 1507 2508 1556 male
2521 1503 2671 1554 fece·

1597 1604 1701 1655 ras,
1744 1592 1954 1655 impune
1999 1584 2246 1640 tulisses)
2314 1586 2423 1643 Quo
2472 1581 2671 1644 ingenio
2707 1577 2712 1584 ’

1596 1668 1784 1718 inclusi
1825 1667 2145 1732 parenthesi,
2185 1672 2240 1715 et
2274 1669 2450 1713 notam
2489 1657 2673 1709 addidi
2707 1661 2712 1667 ‘

1597 1744 2041 1807 interrogationis.
2110 1741 2334 1792 Videtur
2377 1737 2517 1788 enim
2562 1733 2674 1784 Pli-

1599 1821 1717 1871 nius
1762 1821 1832 1870 de
1876 1819 2133 1870 industria
2175 1816 2382 1881 gavisus
2426 1811 2676 1864 brevibus
2705 1809 2716 1818 ”

1506 1927 1518 1934 ν
1596 1893 1891 1963 hujusmodi
1912 1897 1995 1963 (ut
2024 1897 2101 1946 sic
2124 1892 2334 1961 loquar)
2355 1892 2677 1942 incisiuncu-

1598 1974 1683 2023 lis.
1736 1973 1898 2036 Ante,
1927 1978 1953 2003 »⁴
1973 1971 2133 2022 Curni
2154 1977 2328 2020 autem
2346 1967 2383 2017 ?’
2434 1968 2508 2017 Et
2530 1964 2679 2016 infra

1599 2050 1810 2113 iterum,
1845 2057 1861 2079 ⁸
1881 2046 2124 2103 Quidni?
2157 2041 2350 2111 de'quo
2371 2046 2421 2094 in
2446 2057 2504 2093 re
2535 2051 2679 2107 prm-³
2713 2041 2722 2052 “

1599 2134 1765 2180 sente.
1797 2128 2073 2194 Denique,
2086 2125 2105 2155 ⁴
2119 2125 2161 2176 si
2178 2131 2364 2176 natura
2381 2120 2678 2188 pateretur’

1600 2219 1901 2269 germanum
1925 2211 2006 2255 est
2025 2217 2142 2253 cum
2167 2199 2409 2266 eo,·quod
2424 2199 2535 2263 jam
2560 2197 2681 2247 dix·
2714 2205 2718 2207 ’

1559 2295 1564 2300 ’
1602 2288 1734 2339 erat.
1756 2296 1824 2332 ne
1847 2283 1993 2332 Deos
2018 2280 2227 2344 quidem
2262 2292 2432 2343 posse.
2461 2287 2471 2297 ¹
2497 2274 2583 2325 Ac
2604 2274 2682 2324 vi·

1603 2357 1714 2432 deri
1750 2359 1987 2424 equidem
2024 2356 2253 2407 fortasse
2279 2356 2392 2420 jam
2413 2348 2718 2418 'poter-am*

1604 2436 2084 2500 satisfecisseysed
2110 2443 2212 2486 non
2242 2435 2364 2484 mihi
2401 2432 2685 2497 imperavi,

1603 2514 1726 2578 quin
1757 2513 1901 2572 fidei,
1930 2519 1985 2563 et
2020 2514 2289 2578 cujusdam
2324 2508 2685 2561 similitudinis

1602 2603 1786 2642 caussa
1822 2590 2007 2640 eadem
2037 2604 2203 2653 opera
2221 2586 2534 2639 Tertulliani
2559 2583 2686 2651 (Dii
2715 2583 2724 2605 ³

1604 2666 1745 2727 boni,
1776 2666 1922 2731 cujus
1959 2664 2246 2731 auctor-isi)
2281 2666 2449 2715 locum
2480 2676 2679 2727 expur-

1607 2757 1803 2807 garem.
1869 2744 2046 2793 Verba
2088 2743 2199 2808 ejus
2238 2747 2360 2791 sunt
2387 2731 2467 2790 *de
2511 2733 2724 2789 Carne‘

1561 2841 1571 2854 ⁴
1606 2819 1835 2870 Christi:
1872 2818 1965 2869 ‘In
1987 2832 2088 2883 quo
2123 2817 2381 2883 (loquitur
2402 2817 2471 2867 de
2489 2815 2687 2866 Mariae
2719 2815 2724 2820 '

1607 2893 1791 2960 partu)
1828 2895 1956 2945 nibil
1994 2894 2238 2945 interfuit
2274 2893 2339 2944 de
2378 2894 2430 2944 vi
2469 2893 2691 2945 masculi

1610 2970 1843 3036 admissi,
1865 2986 1930 3021 an
1951 2971 2129 3021 emissi
2153 2971 2205 3021 id
2229 2978 2330 3032 est,
2365 2969 2495 3022 illud
2524 2983 2690 3020 sexus

1609 3046 1927 3111 resignarit)
1974 3047 2211 3098 Emenda
2226 3045 2694 3111 indubitato,‘idem
2723 3047 2732 3067 ³

1608 3124 1747 3173 illud.
1814 3123 2181 3179 Namvulvam
2212 3122 2479 3187 intelligit,
2503 3136 2608 3186 qua
2628 3129 2693 3173 et

1611 3199 1925 3250 admittatur
1966 3205 2022 3251 et
2074 3201 2349 3251 emittatur
2402 3197 2692 3249 masculus.

1611 3277 1767 3329 Idem.
2675 3285 2688 3322 2

1679 3351 1840 3416 Idem]
1878 3352 2160 3413 Livineius,
2182 3352 2237 3403 id
2259 3357 2329 3403 est
2346 3368 2368 3413 ‚-
2399 3356 2571 3414 recte,
2591 3349 2696 3400 etsi

1612 3432 1885 3497 sequentia
1902 3445 2006 3480 non
2029 3430 2163 3482 bene
2185 3429 2416 3479 ordinat.
2452 3428 2597 3491 Lips.
2628 3439 2636 3446 ·

1679 3508 1817 3559 Idem
1834 3506 2027 3573 jecisti,
2057 3522 2117 3557 ne
2150 3508 2299 3557 malos
2326 3507 2576 3571 principes
2607 3505 2698 3554 Itu-¹

1615 3584 1889 3642 buissemus‚
1909 3600 2001 3649 quo
2020 3585 2214 3645 ingenio
2234 3583 2280 3633 si
2298 3589 2477 3636 nutura
2501 3588 2701 3647 putere·

1616 3667 1714 3712 tur.
1784 3663 1943 3718 Quam
1980 3662 2185 3712 libenter
2224 3666 2307 3711 tot*
2336 3660 2579 3723 spoliatis,
2620 3664 2700 3710 tot

1617 3739 1871 3796 trucidatis
1907 3740 2189 3802 sauguinem
2227 3743 2279 3788 et
2322 3737 2447 3786 bona
2487 3735 2717 3797 refudiso'

1615 3815 1717 3878 ses]
1749 3814 1947 3866 Lectio
1996 3815 2110 3868 sine
2154 3814 2262 3864 ullo
2298 3827 2494 3874 sensu3
2538 3826 2700 3878 quem

1619 3899 1813 3957 tamen,
1838 3897 1895 3942 et
1917 3890 2127 3957 quidem
2162 3897 2374 3942 acutum
2410 3889 2704 3955 aliquando
2733 3887 2740 3899 ²

1619 3968 1895 4019 eliciebam
1930 3967 2285 4024 rescribendo,
2317 3965 2603 4025 debiturn,-
2637 3959 2706 4019 ‘id

1618 4049 1710 4108 est,
1726 4045 1918 4107 jecisti,
1936 4058 1997 4093 ne
2015 4044 2165 4093 mulos
2194 4041 2435 4107 principes
2455 4040 2706 4096 habuisse-⁴

1620 4133 1743 4185 mus,
1776 4136 1868 4185 quo
1900 4120 2112 4183 ingenio,
2144 4120 2190 4169 si
2225 4122 2407 4167 nutura
2431 4122 2708 4181 pateretur,

1621 4215 1762 4263 quum
1783 4200 1986 4254 libenter
2016 4202 2091 4249 tot
2118 4196 2358 4263 spoliatis,
2375 4200 2453 4245 tot
2481 4195 2707 4247 meida·

1622 4278 1707 4339 tis,
1727 4282 1812 4348 ⁸5⁶·
1846 4285 1903 4332 et
1927 4278 2007 4331 ita
2037 4277 2191 4332 ‘certe
2225 4282 2412 4330 auctor
2433 4274 2706 4341 distinxit,
