3017 4942
505 401 679 469 1094

504 561 791 613 Parisiensi
818 559 1062 613 librarius
1086 560 1411 626 negligenter
1442 559 1571 611 omi-

504 638 578 689 sit
611 640 703 689 has
740 654 916 697 voces.
939 639 1117 690 nostris
1137 654 1194 690 ae
1223 638 1574 703 pronepotibus.

503 714 731 766 Occasio
753 715 959 767 labendi
993 714 1113 781 fuit,
1149 716 1273 783 quia
1296 729 1574 782 praecesse·

504 800 590 843 rat
610 793 872 856 nepotibus.
905 792 1073 844 Idem.

569 868 839 934 Adoptato]
870 871 986 921 Sibi
1023 870 1277 935 adoptato
1307 887 1338 922 a
1362 872 1575 934 Nerva3

505 958 619 1008 seu,
641 946 809 1010 qualis
841 960 957 996 esse
989 946 1167 1004 debet,
1203 948 1292 1012 qui
1327 947 1575 1012 adoptari

501 1029 736 1073 meretur
759 1038 790 1072 a
813 1024 1092 1088 principe3
1124 1024 1247 1088 quia
1284 1031 1410 1075 tunc
1439 1025 1575 1088 opti·

504 1114 617 1151 mus
640 1114 704 1149 ex
726 1101 938 1164 optimis
966 1101 1090 1163 eligi
1110 1099 1286 1151 debet.
1321 1100 1542 1151 Patet-ol.

569 1176 654 1226 Sis
680 1177 903 1243 eligenti]
949 1178 1013 1229 In
1051 1177 1336 1228 parisiensi
1373 1178 1576 1242 codice,

504 1261 561 1304 et
601 1263 827 1318 utroque
861 1255 1087 1312 Veneto,
1124 1254 1376 1318 scriptum
1413 1261 1495 1305 est
1529 1255 1574 1305 si

503 1331 719 1394 legonti,-
765 1331 817 1381 in
854 1330 1133 1396 Patavina,
1168 1346 1220 1381 se
1248 1331 1450 1394 eligenti
1462 1347 1484 1391 ‚·
1519 1330 1572 1381 in

504 1407 783 1470 vossiano,
799 1409 1062 1470 seligent25
1097 1410 1151 1459 in
1173 1407 1574 1473 Salisburgensi,

502 1483 558 1534 ia
596 1485 793 1534 consilio
826 1486 1027 1534 similent
1078 1490 1311 1535 monstres
1350 1485 1574 1550 aliquem.

504 1559 757 1624 Copulam
796 1576 888 1626 que
924 1561 1158 1612 nonnulli
1194 1555 1403 1611 codices
1439 1575 1571 1626 prae·

505 1638 829 1703 tei-mittunt,
884 1645 941 1689 et
982 1637 1248 1702 sigillatim
1306 1637 1571 1694 Vaticani,

506 1713 832 1779 Guelpberb.
873 1723 929 1765 et
966 1731 1112 1765 meus
1145 1714 1430 1778 liabent‚in
1460 1730 1570 1765 eon·

503 1791 614 1841 silio
677 1792 771 1842 sibi
833 1791 1014 1856 legenti
1068 1798 1297 1843 monstres
1349 1792 1573 1857 aliquem.

505 1869 770 1921 Schwarz.
931 1930 940 1935 ,

573 1945 821 2009 Eligenti]
852 1945 1061 2009 Legem
1080 1947 1148 1998 V.
1177 1946 1343 2012 Livius.

574 2022 729 2079 Quem
756 2023 1003 2088 adoptari]
1045 2024 1154 2075 Alii
1187 2027 1367 2075 volunt
1405 2024 1574 2079 Neruo

509 2098 639 2149 tium
662 2100 901 2149 Priscum
923 2116 937 2149 ε
976 2100 1063 2150 alii
1082 2102 1324 2165 exemplo
1345 2100 1576 2152 Alexan·

506 2174 590 2224 dri
611 2176 886 2226 neminem.
952 2176 1213 2228 Ausonius
1237 2179 1440 2229 scilicet
1472 2178 1580 2229 Ha·

506 2250 779 2313 drianum;
814 2252 907 2303 sed
921 2252 1082 2317 juxta
1102 2253 1324 2304 Dionem
1348 2254 1432 2304 hic
1453 2256 1577 2306 Ploe

505 2328 637 2378 tinae
656 2327 853 2393 favore,
875 2329 1080 2380 Attiani
1104 2331 1322 2394 artibus,
1337 2338 1394 2382 et
1411 2347 1579 2386 arma·

510 2412 569 2454 ta
592 2420 682 2454 sua
706 2421 861 2464 manu
885 2407 1170 2470 imperator
1192 2416 1420 2460 creatus.
1460 2411 1579 2463 Nec

509 2481 722 2545 desunt,
756 2484 843 2547 qui
867 2498 897 2532 a
921 2491 1106 2536 senatu
1146 2487 1363 2550 petiisse
1399 2489 1577 2552 Traja-

509 2573 634 2608 num
659 2559 913 2620 scribunt,
951 2568 1027 2625 ut,
1050 2561 1093 2611 si
1123 2562 1243 2628 quid
1283 2565 1577 2620 humanitus

505 2635 612 2697 ipsi
669 2637 967 2703 accidisset,
1019 2639 1274 2704 optimum
1340 2643 1579 2706 eligeret.

510 2714 665 2765 Bern-

575 2788 639 2839 In
665 2790 932 2857 Capitolio]
967 2792 1169 2844 Plinius
1202 2804 1381 2848 noster
1403 2811 1582 2863 snpra,

441 2895 448 2904 ·
512 2877 645 2915 vm.
671 2868 718 2914 1.
739 2873 793 2915 et
812 2871 862 2917 3.
917 2870 933 2897 ‘
960 2869 1152 2934 Itaque
1173 2885 1276 2921 uon
1303 2879 1391 2922 tua
1411 2873 1465 2922 in
1489 2888 1580 2924 cu·

509 2941 706 3005 biculo,
721 2944 812 2993 sed
837 2945 889 2995 in
914 2948 1140 3010 templo;
1175 2962 1274 3000 nec
1288 2957 1415 3000 ante
1434 2950 1581 3014 geni·

511 3018 646 3067 alem
674 3025 863 3077 torum,
882 3021 974 3071 sed
996 3029 1120 3072 aute
1159 3025 1399 3089 pulvinar
1429 3025 1581 3078 Jovis

511 3096 695 3160 optimi
718 3098 949 3162 maximi,
985 3099 1201 3164 adoptio
1235 3111 1448 3165 peracta
1481 3112 1583 3156 est.

510 3172 711 3239 Nerva,
747 3175 1005 3227 advocata
1037 3179 1300 3230 homiuum
1335 3181 1581 3231 concione

512 3250 873 3314 Deorumque,
909 3259 965 3301 te
986 3252 1147 3304 filium
1172 3255 1269 3306 sibi
1288 3259 1581 3308 ...adsum-

414 3355 422 3362 -
510 3324 615 3376 sit.'
687 3327 833 3379 Nihil
883 3330 1094 3386 attinet,
1129 3331 1242 3394 jam
1294 3347 1582 3400 exponere,

510 3402 624 3466 nbi,
646 3410 703 3455 et
725 3406 1001 3471 quomodo,
1022 3407 1339 3470 privatorum
1363 3417 1582 3475 peraeta

512 3480 746 3546 adoptio.
815 3481 889 3533 At
911 3481 1142 3547 adoptio·
1162 3485 1451 3551 principum
1476 3502 1580 3538 nou

512 3556 697 3609 eodem
722 3574 931 3624 semper
950 3559 1123 3618 modo,
1154 3563 1247 3611 sed
1270 3577 1336 3613 ex
1359 3565 1579 3617 arbitrio

510 3633 907 3699 imperatorum,
930 3637 1112 3701 peragi
1141 3639 1299 3689 solita
1320 3647 1418 3690 est.
1471 3642 1580 3694 Jul.

515 3709 697 3760 Coesar
715 3709 897 3761 inima
918 3725 1041 3761 cera
1066 3716 1369 3765 testamenti
1388 3717 1450 3766 C.
1473 3717 1579 3773 Oc·

512 3789 709 3837 tavium
727 3789 783 3841 in
809 3787 1058 3853 familiam
1093 3804 1384 3858 nomenque
1420 3794 1580 3858 adop—

512 3864 682 3929 tavit,-
703 3864 969 3915 referente
1003 3867 1219 3919 Suetou.
1251 3870 1387 3921 Caes.
1425 3886 1472 3921 c.
1496 3875 1580 3922 83.

515 3949 572 3993 et
591 3943 729 3992 Veli.
749 3956 814 3992 ιι.
836 3948 920 3992 59.
966 3941 1237 4008 Augustus
1260 3947 1373 4011 ipse
1397 3949 1581 3998 Caium

514 4027 569 4068 et
591 4019 806 4069 Lucium
830 4019 1103 4083 adoptavit
1132 4020 1269 4072 domi
1293 4038 1387 4087 per
1412 4038 1581 4076 assem

513 4103 571 4147 et
617 4095 803 4145 libram
844 4104 1009 4145 emtos
1051 4111 1085 4147 a
1129 4104 1282 4162 patre
1320 4099 1582 4166 Agrippa,

517 4176 655 4222 teste
691 4170 909 4220 Suetou.
950 4169 1089 4234 Aug.
1110 4187 1157 4222 c.
1178 4171 1261 4225 64.
1285 4182 1341 4225 at
1363 4178 1580 4228 tertium

513 4251 781 4309 nepotem,
795 4245 1100 4311 Agrippam,
1118 4249 1376 4316 simulque
1388 4254 1582 4319 privig-

514 4329 638 4373 num
658 4320 944 4386 Tiberium,
973 4320 1248 4389 adoptavit
1270 4327 1323 4377 in
1344 4326 1480 4396 foro,
1502 4330 1583 4382 id.
1616 4322 1621 4327 '

1205 414 1426 467 NOTAE
1474 413 1883 467 vammum
1936 413 2017 467 ln

1645 574 1746 624 que
1781 559 1899 624 lege
1940 559 2163 616 curiata,
2192 555 2320 610 ibid.
2358 573 2405 610 c.
2429 563 2512 609 65.
2579 558 2711 611 Cum

1648 636 1820 687 Galba
1870 634 2211 700 adoptaturus
2263 643 2404 686 esset
2444 636 2708 696 Pisonem,

1648 720 1785 765 teste
1807 713 1995 765 Tacito
2018 714 2162 765 Hist.
2185 728 2226 765 1.
2251 717 2334 764 1⁷.
2366 715 2710 765 consultatum

1647 798 1747 853 est,
1783 804 1880 855 pro
1915 791 2114 853 rostris,
2135 805 2203 845 au
2235 790 2288 839 in
2324 797 2530 853 senatu,
2562 805 2630 841 an
2660 791 2710 840 iu

1648 868 1859 925 castris,
1902 866 2586 933 adoptio2nuucuparetur?
2634 865 2712 916 Iri

1649 946 1703 997 in
1736 953 1911 997 castra
1944 952 2070 996 tuuc
2109 944 2331 1008 placuit.
2397 943 2509 993 Alii
2532 943 2712 1006 literis,

1647 1036 1744 1073 ceu
1794 1022 2079 1087 rescriptis,
2123 1021 2444 1085 adoptarunt
2484 1021 2620 1071 filios
2658 1025 2714 1075 et

1648 1113 1994 1163 successores,
2030 1105 2090 1149 ut
2123 1098 2192 1149 de
2227 1098 2501 1151 Hadriano
2533 1103 2713 1158 narrat

1649 1176 1914 1241 spartian.
1931 1191 1980 1227 c.
1992 1180 2044 1227 4.
2076 1174 2272 1227 Confer
2285 1177 2568 1240 spanhem.
2584 1174 2715 1227 Obs.

1648 1253 1711 1305 ad
1736 1254 1933 1307 Juliani
1957 1253 2112 1304 Orat.
2134 1267 2173 1302 ι.
2194 1268 2247 1317 p.
2268 1257 2354 1303 46.
2388 1253 2634 1303 Schmun.

1713 1331 1850 1381 Cu».
1874 1343 2005 1380 ch.
2038 1327 2282 1393 Publicis]
2316 1329 2470 1380 Actis
2482 1335 2713 1389 senatus,

1647 1412 1702 1458 et
1726 1408 1917 1459 tabulis
1953 1408 2199 1474 publicis,
2221 1409 2310 1459 ubi
2347 1408 2522 1474 elogia
2556 1419 2735 1472 super.

1648 1482 1840 1532 Plinio.
1872 1484 2011 1548 Lips.

1711 1558 1775 1609 In
1797 1560 2066 1626 tribunatu]
2100 1561 2358 1626 Equidem
2387 1560 2599 1611 Plinius
2622 1557 2714 1609 eti-

1646 1650 1730 1689 am
1757 1637 2277 1690 tribunummilitum
2317 1640 2431 1702 egit
2469 1639 2523 1687 iu
2555 1637 2716 1701 Syria.

1649 1711 1785 1763 Vide
1827 1728 1982 1778 supra
2015 1714 2081 1764 ad
2105 1719 2428 1764 mxxxix-2.
2490 1713 2599 1764 Sed
2633 1712 2714 1763 hic

1648 1790 1762 1843 sine
1794 1789 1954 1840 dubio
1990 1789 2257 1841 indlcatur
2289 1789 2592 1842 tribunatus
2614 1787 2718 1852 ple-

1648 1866 1744 1917 bis.
1811 1866 1912 1916 His
1935 1868 2075 1916 enim
2098 1866 2324 1917 maxime
2357 1866 2592 1916 tribunis
2614 1865 2721 1915 lau-

1650 1945 1708 1995 di
1752 1944 2062 2003 ducebatur,
2101 1945 2146 1994 si
2175 1944 2344 2010 quieti
2384 1950 2592 2005 esseut,
2624 1954 2719 1991 nec

1651 2022 1856 2077 cierent
1908 2021 2118 2082 turbas3
2171 2035 2467 2086 quanquam
2525 2016 2722 2078 tribuni

1653 2099 1825 2164 plebis
1878 2110 2203 2164 nequaquam
2252 2105 2401 2148 tanta
2456 2098 2723 2160 pollerent

1653 2181 1917 2240 potestate
1951 2175 2047 2225 sub
2073 2175 2490 2239 imperatoribus,
2530 2177 2739 2239 quanta·

1650 2252 1919 2318 pollebant
1941 2253 1993 2303 in
2020 2251 2291 2316 republica
2307 2251 2491 2301 libera.
2557 2247 2721 2312 Hujus

1653 2330 1950 2381 tribunatus
1973 2330 2085 2394 ipse
2115 2329 2351 2379 meminit
2382 2327 2530 2377 Pliu.
2558 2327 2720 2390 Epist.

1651 2419 1692 2457 ι.
1716 2410 1799 2457 28.
1837 2393 2080 2463 Ῥοηεο,
2115 2404 2182 2456 Α.
2221 2405 2283 2456 C.
2314 2409 2396 2454 93.
2434 2411 2719 2468 praeturam

1651 2484 1835 2549 gessit.
1898 2483 2006 2534 Sed
2025 2483 2158 2545 baec,
2181 2490 2236 2532 et
2260 2482 2380 2544 alia,
2397 2495 2519 2546 quae
2548 2480 2614 2530 ad
2637 2480 2719 2529 bo·

1651 2577 1803 2614 nores
1825 2563 1984 2615 Plinii
2009 2567 2274 2626 spectant,
2310 2561 2511 2625 plenius
2550 2575 2619 2609 ex
2646 2558 2737 2622 ip·.

1648 2640 1887 2699 piusvita
1910 2644 2313 2702 cognoscuntur.
2343 2636 2601 2691 Sohwoerz.

1723 2717 1937 2781 Quietis]
1967 2716 2097 2769 Ideo
2123 2716 2331 2781 quietis,
2352 2714 2478 2776 ,quia
2509 2713 2569 2762 iu
2593 2710 2715 2761 urbe

1653 2795 1779 2849 nibil
1802 2782 1921 2858 plu's
1948 2794 2265 2859 inquietum.-
2280 2790 2500 2842 tribunis
2536 2789 2713 2853 plebis,

1657 2872 1861 2937 quoties
1899 2873 2217 2923 auctoritate
2250 2886 2343 2921 sua
2373 2871 2450 2918 uti
2471 2868 2716 2919 adversus

1657 2956 1895 3002 senatum
1938 2951 2247 3001 voluissent.
2317 2949 2613 2999 Patetres
2655 2960 2718 2996 ex

1655 3019 1887 3080 historiis
1907 3028 2292 3092 vulgatissimis.
2356 3027 2537 3088 Quare
2559 3026 2718 3074 Luca·

1656 3120 1779 3159 nus:
1818 3108 1834 3136 ⁸
1859 3107 1931 3156 Et
1953 3120 2089 3156 cnm„
2108 3103 2408 3155 consulibus
2447 3103 2718 3152 turbantes

1648 3183 1775 3248 jura
1797 3182 2028 3234 tribuni?
2061 3182 2282 3232 Palm-ol.

1723 3259 2002 3323 Modestia]
2069 3257 2214 3309 Nihil
2266 3270 2427 3321 supra
2481 3253 2719 3318 praetoris

1656 3337 1887 3401 gradum.
1908 3335 2009 3386 sibi
2043 3332 2372 3397 vindicando,
2391 3346 2508 3381 cum
2549 3340 2719 3381 tamen

1656 3413 1997 3474 magistratus
2016 3411 2104 3461 ille
2127 3416 2290 3460 tantae
2318 3415 2463 3459 esset
2498 3407 2720 3471 dignita-

1656 3489 1742 3552 tis,
1765 3497 1823 3540 ut
1843 3497 2036 3553 praetor
2056 3489 2263 3553 collega
2283 3486 2507 3538 consulis
2525 3486 2729 3534 dicere*

1654 3570 1758 3621 tur,
1813 3572 1969 3631 atque
2021 3563 2309 3629 insignibus
2361 3560 2719 3613 consularibus

1653 3649 1912 3695 uteretur.
1980 3642 2192 3694 Dictum
2215 3641 2282 3691 ad
2305 3654 2355 3691 c.
2375 3653 2598 3690 nxxvn.
2632 3639 2713 3687 Id.

1724 3717 1940 3786 Officiis]
1973 3718 2185 3768 Caussis
2206 3719 2260 3767 in
2277 3716 2390 3766 foro
2409 3715 2714 3777 tractandis,

1654 3802 1707 3849 et
1726 3794 2077 3860 defendendis
2095 3792 2517 3858 provincialibus,
2534 3791 2713 3858 quibus

1654 3871 1968 3921 constitutus
2007 3870 2122 3935 ipse
2154 3867 2332 3920 fuerat
2365 3869 2647 3919 advocatus
2683 3879 2714 3916 a

1653 3954 1855 3998 senatu.
1890 3948 2042 3997 Idem.

1726 4025 1848 4081 Quo
1868 4040 1894 4074 e
1914 4023 2089 4073 stadiis
2107 4021 2309 4086 ηοεένίε]
2344 4020 2392 4070 1.
2413 4035 2463 4070 e.
2487 4020 2616 4072 Quae
2639 4016 2711 4068 of·

1656 4098 1775 4150 ficia
1810 4099 1957 4151 nobis
1990 4100 2356 4164 injunxeratis,
2392 4112 2490 4161 pro
2525 4095 2712 4146 studio·

1658 4192 1769 4227 rum
1796 4185 2091 4228 nostrorum
2116 4176 2338 4240 ratione,
2352 4175 2482 4232 sive,
2505 4180 2709 4238 propter

1656 4261 1836 4304 nostra
1855 4253 2046 4311 studia,
2068 4268 2185 4317 quae
2210 4253 2263 4302 in
2286 4251 2482 4303 caussis
2504 4249 2708 4301 forensi·

1651 4330 1753 4384 bus
1771 4329 1992 4398 agendis
2014 4329 2341 4397 potissimum
2359 4327 2706 4381 versabantur.
