3017 4942
435 369 571 439 600

437 534 724 598 necdumque
776 532 1086 584 emendarit.
1166 531 1273 583 Sed
1321 532 1500 583 nescio

440 611 628 677 quibus
658 609 869 674 optimis
892 608 1161 660 codicibus
1194 623 1312 659 usus
1334 610 1402 660 sit
1421 610 1502 659 vir

440 687 653 748 doctus,
683 692 879 750 proeter
911 687 984 736 Is.
1010 685 1183 736 Vossii
1219 692 1275 736 et
1309 686 1501 736 codicis

438 763 891 829 Guelplierbytani
907 764 1196 826 Excerpta.
1251 762 1322 813 At
1339 763 1392 813 in
1417 778 1504 814 co·

439 841 558 891 dice
597 840 1081 906 Guelplierbytano,
1123 840 1374 905 particula
1416 855 1505 891 co·

442 919 674 982 puletiva
701 923 749 969 et
777 933 881 968 non
911 918 1247 983 conspicitur.
1312 919 1502 983 Neque

442 1009 554 1045 eam
585 995 636 1044 in
659 994 835 1044 Vossii
873 996 1150 1058 Excerptis
1182 993 1368 1060 quibus
1402 1008 1501 1057 ego

443 1082 583 1133 ntor,
617 1084 788 1135 neque
823 1071 875 1120 in
914 1070 1178 1122 codicibus
1219 1072 1347 1121 Mss.
1375 1086 1502 1138 quos

441 1150 712 1198 consulere
730 1147 849 1197 milii
872 1147 1138 1213 bucusque
1161 1150 1403 1213 contigit,
1425 1150 1504 1200 in-

443 1226 607 1276 venio.
660 1223 916 1275 Livineius
951 1227 1109 1275 etiam
1144 1228 1503 1289 necdumne,ex

442 1303 551 1353 sola
582 1302 907 1367 conjectura,
948 1309 1156 1353 notarat
1177 1304 1235 1354 in
1264 1318 1357 1355 ora
1393 1306 1503 1355 edi·

442 1380 595 1430 tionis
639 1391 764 1429 suae.
848 1380 1024 1446 Atque
1078 1382 1154 1433 ita
1198 1383 1503 1446 plerumque

438 1458 647 1521 haesito,
680 1458 723 1507 si
757 1459 965 1523 quidam
1012 1459 1182 1510 critici
1215 1460 1504 1522 generatim

440 1539 725 1597 provocant
747 1534 811 1583 ad
832 1533 986 1584 fidem
1004 1535 1240 1586 codicum
1260 1536 1393 1586 Mss.
1413 1549 1506 1585 ne·

441 1624 544 1676 que
576 1610 707 1661 ullos
738 1611 1037 1660 nominatim
1074 1610 1372 1674 designant.
1439 1612 1506 1662 Id

442 1694 618 1738 antem
660 1687 1037 1749 animadverto,
1080 1687 1134 1737 in
1180 1688 1412 1751 plurimis
1446 1690 1504 1738 li·

442 1764 543 1815 bris
585 1764 793 1829 scriptis
831 1777 1009 1814 vocem
1041 1778 1128 1813 nec
1153 1765 1267 1813 dum
1301 1763 1505 1815 divisim

327 1895 333 1900 ,
439 1841 689 1906 scriptam
726 1855 859 1905 esse,
894 1848 954 1890 ut
991 1839 1129 1890 forte
1167 1840 1505 1899 indicaretur,

441 1917 495 1965 in
535 1916 794 1980 particula
816 1930 901 1965 nec
922 1917 1027 1977 jam
1064 1916 1230 1966 latere
1266 1917 1507 1980 copulam

438 1995 505 2041 et·
570 1990 657 2039 Sic
680 1991 838 2040 etiam
861 1991 1060 2041 Plinius
1086 1990 1282 2056 absque
1303 1993 1399 2043 hae
1422 2008 1509 2043 co-

440 2066 565 2129 pula
608 2068 813 2117 locutus
854 2075 936 2117 est
970 2081 1125 2119 txw.
1168 2073 1215 2118 2.
1266 2068 1509 2133 ‘Stupeo,

444 2143 506 2193 P.
531 2143 594 2192 C.
627 2158 727 2194 nec
747 2145 869 2193 dnm
889 2146 1041 2207 satis,
1060 2151 1151 2195 aut
1173 2144 1332 2194 oculis
1363 2146 1511 2202 meis,

444 2226 537 2270 aut
559 2221 788 2284 auribus,
808 2222 1004 2272 credo?
1046 2221 1131 2273 Ad
1157 2238 1310 2288 quem
1338 2223 1508 2273 locum

441 2295 582 2361 vide,
604 2297 649 2346 si
683 2297 852 2354 lubet,
881 2298 1296 2349 observationem
1327 2314 1513 2349 meam.

441 2373 621 2424 Nihilo
653 2374 820 2425 minus
844 2375 1064 2426 admitto
1098 2390 1397 2440 expressam
1423 2391 1509 2427 co-

443 2450 619 2513 pulam
643 2456 710 2512 el»,
748 2451 871 2516 quia
912 2459 1112 2502 tantum
1151 2452 1318 2514 abest,
1347 2459 1405 2502 ut
1442 2467 1511 2503 ex

443 2524 558 2588 ejus
605 2527 903 2591 adiectione
947 2529 1189 2579 damnum
1245 2529 1508 2595 quoddam

443 2601 702 2654 inferetur
736 2605 957 2655 orationi
994 2606 1175 2668 Plinii,
1205 2613 1264 2656 ut
1297 2621 1357 2656 ea
1387 2605 1511 2655 inde

443 2680 635 2731 nostris
679 2680 886 2732 auribus
924 2683 1097 2745 potius
1146 2683 1350 2732 accidet
1395 2680 1512 2733 flui-

443 2755 575 2805 dior.
641 2756 888 2822 Inprimis
922 2767 1097 2809 autem
1122 2773 1205 2809 me
1239 2767 1419 2809 movet
1446 2760 1511 2809 ad

443 2835 684 2897 copulam
739 2836 874 2887 hanc
944 2836 1317 2900 recipiendam,
1372 2837 1512 2902 quod

443 2909 649 2961 Plinius
690 2912 909 2962 eandem
966 2912 1090 2962 alibi
1134 2926 1341 2977 quoqne
1396 2927 1514 2962 cum

443 2987 700 3051 particula
742 2990 939 3040 necdum
998 2989 1296 3054 conjunxit.
1378 2988 1512 3041 Qum

447 3065 689 3128 exempla
730 3066 931 3129 optimo
968 3067 1183 3116 consilio
1205 3066 1316 3129 jam
1354 3073 1544 3116 anno-'

449 3140 583 3189 tavit
619 3139 948 3191 Arntzenius.
1016 3142 1272 3192 Nimirum
1314 3157 1438 3194 xxv.
1464 3149 1514 3193 1.

446 3215 464 3243 ‘
486 3215 558 3264 Et
578 3216 798 3266 necdum
819 3218 1120 3283 imperator,
1145 3232 1240 3267 nec
1266 3219 1385 3269 dnm
1413 3220 1515 3269 Dei

446 3290 584 3341 filins
613 3293 768 3344 eras.’
832 3295 902 3343 Et
930 3308 1041 3344 Lvt.
1073 3299 1122 3345 2.
1161 3295 1178 3324 ⁴
1197 3297 1267 3346 Et
1290 3298 1514 3348 necdum

448 3368 518 3418 de
541 3368 763 3432 biennio¹
791 3370 1009 3436 loquor-⁹
1061 3372 1345 3437 Perperam
1367 3374 1512 3425 deni·

448 3458 553 3509 que
591 3445 759 3495 codex
804 3446 1124 3509 Guelphicus
1170 3449 1224 3498 in
1269 3450 1516 3513 proximis

448 3521 623 3648 {tarbis
656 3522 814 3573 habet
845 3524 1093 3575 abdiderat
1122 3540 1220 3590 pro
1244 3528 1517 3578 addiderat.

519 3612 620 3649 ein.
882 3613 886 3618 ·

514 3673 718 3725 Amnem
752 3675 912 3739 suum]
963 3677 1051 3727 Sic
1112 3677 1262 3728 Nilus
1305 3678 1519 3743 sepius,

449 3763 554 3800 non
577 3755 740 3802 solum
764 3768 795 3802 a
818 3762 995 3804 nostro
1029 3755 1223 3820 Plinio,
1244 3754 1335 3804 sed
1358 3757 1516 3806 etiam

450 3826 517 3876 ab
532 3827 640 3891 eJus
656 3833 933 3894 avunculo,
948 3831 1168 3897 aliisque
1188 3831 1335 3882 bonis
1351 3834 1517 3896 scrip·

448 3903 670 3967 toribus,
706 3907 808 3955 κατ’
830 3907 1003 3970 ἐξοχὴν
1033 3907 1262 3958 ‘amnis’
1295 3915 1352 3958 et
1383 3915 1399 3939 ⁶
1418 3907 1516 3958 flu·

452 3980 565 4029 vius
584 3978 600 4002 '
642 3992 874 4035 vocatur.
962 3986 1129 4036 Sicuti
1166 3999 1292 4036 vero
1333 3995 1389 4036 et
1428 3986 1519 4037 alii

453 4059 653 4124 populi,
675 4075 814 4112 νει-ω
841 4065 1104 4126 religionis
1137 4072 1403 4131 expertes,
1421 4063 1519 4116 flu-

453 4133 675 4185 minibus
709 4138 833 4201 suis,
868 4147 1083 4201 propter
1105 4140 1355 4203 insignem
1379 4142 1520 4191 utili·

456 4217 642 4275 tatem,
658 4211 904 4263 affluxere
927 4215 1271 4280 divinitatem,
1293 4217 1519 4268 divinos·

455 4300 557 4352 que
581 4289 813 4340 tribuere
835 4290 1093 4357 honores;
1125 4291 1203 4344 ita
1218 4295 1517 4359 cumprimis

444 4597 523 4657 h

1132 388 1352 439 No‘rAE
1399 387 1808 438 vammum
1862 388 1944 439 m

1579 531 1838 597 AEgyptus
1869 531 2006 583 hunc
2028 544 2228 582 amnem
2251 545 2415 590 suum,
2438 531 2644 595 Nilum,

1582 617 1827 675 tanquam
1869 611 2036 661 Deum
2067 611 2240 661 colere
2283 616 2338 661 et
2376 612 2659 670 invocare:

1578 684 1728 734 solita
1752 693 1848 737 est.
1918 686 1981 736 Id
2019 686 2183 736 tradit
2209 686 2355 736 Plnt.
2393 687 2458 735 de
2495 685 2664 735 Iside*-

1578 768 1636 811 et
1658 760 1900 813 Osiride:
1936 762 2089 814 Οὐδὲν
2119 763 2243 813 οὕτω
2275 763 2389 825 τιμὴ
2409 761 2658 825 immi--

1579 854 1668 901 οις,
1703 838 1766 889 ὥς
1796 840 1823 888 ὅ
1856 842 2049 891 Νεῖλος.
2088 840 2232 891 Nihil
2265 841 2318 890 ist
2353 840 2532 900 maiore
2566 843 2644 892 est

1577 917 1829 982 AEgyptis‘s
1863 919 2055 980 honore,
2091 934 2231 983 quant
2272 919 2434 968 Nilus.
2499 918 2571 967 Et
2608 931 2646 967 er

1578 993 1814 1056 patribus
1854 994 2192 1058 Athanasius,
2232 995 2320 1058 qui
2368 992 2647 1058 AEgyptins

1578 1070 1690 1132 ipse
1708 1067 1827 1132 fuit,
1842 1071 1892 1120 in
1913 1070 2070 1122 Orat.
2086 1079 2271 1121 contra
2285 1070 2504 1134 Gentes,
2522 1078 2648 1133 paga

1578 1149 1661 1196 2⁰.
1698 1153 1941 1206 testatur,
1979 1150 2139 1198 etiam
2179 1148 2307 1197 alios
2345 1145 2561 1196 flumina
2589 1149 2650 1194 et

1580 1219 1778 1285 fontes,
1814 1224 2038 1273 omnium
2086 1230 2258 1273 autem
2299 1222 2522 1272 maxime
2558 1219 2648 1270 AE·

1581 1299 1813 1363 gyptius,
1853 1313 2041 1363 aquam
2082 1301 2348 1364 precipue
2390 1297 2649 1360 venerari,

1585 1374 1832 1439 Deosque
1863 1376 2149 1440 appellare.
2214 1376 2301 1426 Ita
2325 1382 2377 1425 et
2398 1374 2508 1426 Jul.
2531 1374 2650 1423 Fir-

1581 1452 1745 1503 micus
1779 1453 1846 1504 de
1877 1456 2055 1505 Error.
2086 1454 2236 1506 Prof.
2261 1455 2428 1517 Relig·
2450 1454 2652 1518 AEgyp·

1583 1530 1672 1579 tii:
1708 1530 1722 1557 ‘
1740 1523 1970 1595 Incolae,’
1985 1533 2173 1598 inquit,
2190 1535 2205 1561 ‘
2224 1546 2475 1597 aquarum
2491 1531 2658 1581 bene·

1581 1605 1704 1656 ficia
1740 1609 2108 1672 percipientes,
2141 1623 2326 1675 aquam
2363 1608 2563 1665 colunt,
2594 1613 2656 1657 ια’

1582 1684 1696 1749 quis
1730 1685 2050 1750 supplicant,
2088 1700 2249 1751 aquas
2283 1684 2653 1749 superstitiosa

1583 1760 1972 1811 continuatione
1982 1760 2334 1812 venerantur.’
2350 1760 2487 1810 Vide
2496 1760 2656 1810 Voss.

1584 1834 1648 1885 de
1672 1835 2004 1898 Idololatria,
2035 1852 2099 1888 n.
2127 1842 2213 1888 74.
2234 1838 2325 1903 qui
2347 1841 2402 1887 et
2425 1850 2545 1901 cap.
2566 1840 2655 1886 ⁷5.

1583 1912 1698 1962 liaec
1721 1911 1886 1969 addit,
1922 1920 1937 1942 ‘
1956 1914 2109 1964 Nilus
2134 1913 2396 1979 AEgyptiis
2434 1920 2517 1963 est
2552 1925 2660 1977 pro

1583 1986 1719 2038 Jove
1737 1989 1916 2052 pluvio
1931 1988 1966 2050 ς’
1991 1990 2151 2053 unde,
2173 2004 2274 2040 non
2294 1988 2521 2040 Ovidius
2541 1989 2658 2053 qni·

1585 2062 1724 2121 dem,
1768 2064 1902 2129 quod
1948 2066 2008 2117 1..
2039 2067 2243 2117 Seneca
2283 2068 2413 2117 Nat.
2451 2066 2658 2119 Quaest.

1583 2153 1663 2191 w.
1707 2146 1757 2191 2.
1797 2144 2048 2193 memoria
2086 2145 2283 2209 lapsus,
2323 2143 2509 2208 refert,
2556 2142 2656 2194 sed

1584 2221 1798 2284 equalis
1833 2221 1968 2287 ejus,
2000 2221 2262 2284 Tibullus,
2291 2236 2333 2272 ι.
2352 2226 2403 2273 7.
2437 2221 2657 2283 cecinit,

1583 2296 1602 2323 ⁴
1618 2296 1693 2345 Te
1716 2304 1953 2361 propter,
1971 2300 2139 2349 nullos
2164 2300 2319 2351 tellus
2355 2306 2445 2348 tna
2474 2304 2658 2362 postn-

1583 2373 1658 2423 lat
1699 2374 1918 2438 imbres,
1965 2377 2131 2427 Arida
2168 2391 2265 2426 nec
2297 2378 2490 2427 Pluvio
2531 2389 2657 2441 sup-

1587 2450 1750 2513 plicat
1773 2451 1933 2502 lierba
1959 2452 2121 2506 Jovi.'
2189 2454 2528 2504 Parmenonis
2555 2453 2658 2504 eti·

1586 2541 1667 2576 am
1692 2526 1933 2591 Byzantii
1949 2537 2033 2580 est
2056 2529 2196 2593 apud
2215 2530 2407 2580 Athen.
2425 2527 2662 2594 Αἷγύπιε

1586 2604 1692 2659 Ζεῦ,
1714 2606 1881 2657 Νεῖλε.
1924 2605 2264 2668 Heliodorus,
2278 2607 2510 2670 AEthiop.
2523 2608 2560 2656 l.
2577 2619 2659 2657 tx.

1587 2695 1642 2745 p.
1660 2686 1779 2732 423.
1814 2682 1998 2741 refert,
2031 2684 2187 2734 Niloa
2223 2686 2504 2735 maximum
2539 2691 2659 2735 esse·

1587 2756 1727 2822 apud
1751 2758 2025 2822 AEgyptios
2047 2759 2257 2823 festum,
2277 2760 2418 2826 quod
2441 2760 2660 2826 quidem

1587 2838 1731 2886 circa
1772 2836 2049 2887 solstitium
2104 2838 2341 2887 aestivum
2396 2838 2661 2890 celebrari

1587 2914 1820 2978 solitum,
1865 2915 2075 2978 qnando
2130 2916 2336 2967 initium
2382 2916 2662 2968 crescendi

1588 2992 1794 3055 ceperit
1814 2990 2021 3044 fluvius.
2076 2994 2354 3058 AEgyptios
2383 2996 2543 3061 enim,
2569 2997 2664 3055 ait,

1590 3068 1773 3117 Nilum
1806 3067 2002 3132 fingere
2034 3070 2228 3132 Deum,
2252 3077 2396 3122 etex
2433 3073 2664 3123 numini·

1591 3145 1686 3195 bns
1711 3147 2007 3205 maximum,
2037 3148 2280 3197 aemntum
2318 3147 2533 3213 quidem
2556 3164 2664 3201 coe·

1590 3222 1646 3280 li,
1691 3222 1826 3288 qnod
1867 3223 2068 3287 absque
2108 3223 2330 3273 nubibus
2375 3233 2430 3274 et
2470 3226 2665 3288 pluviis

1589 3299 1759 3350 aereis
1800 3315 1928 3350 arva
1971 3301 2173 3363 irriget.
2240 3300 2546 3352 Harduinus
2592 3299 2665 3353 ad

1591 3376 1818 3427 Plinium
1839 3377 2095 3442 Majorem
2118 3387 2285 3428 xvnt.
2309 3382 2391 3428 18.
2424 3379 2666 3432 meminit

1592 3454 1725 3503 aenei
1748 3453 1969 3517 alicujus
1991 3456 2205 3517 nummi,
2223 3455 2313 3519 qui
2338 3457 2392 3505 in
2419 3447 2665 3508 thesauro

1590 3527 1737 3592 regio
1761 3536 2077 3592 asservatur,
2109 3531 2186 3580 sic
2218 3531 2427 3595 quidem
2466 3533 2664 3597 incrip-

1594 3610 1696 3661 tus,
1731 3617 1860 3654 nno.
1894 3616 2125 3655 sancso-
2158 3618 2311 3656 1011100.
2340 3607 2429 3657 ubi
2452 3609 2668 3674 conspi-

1591 3680 1729 3729 citur
1746 3680 1915 3729 Fluvii
1930 3680 2291 3732 decumbentis
2308 3682 2531 3749 effigies,
2548 3700 2666 3750 qum

1592 3769 1739 3805 urnae
1791 3755 2053 3820 innititur,
2105 3757 2414 3809 arundinem
2471 3760 2669 3812 dextra

1595 3838 1776 3894 tenet3
1835 3832 2045 3882 sinistra
2083 3847 2244 3883 cornu
2284 3836 2482 3899 copioe.
2529 3838 2669 3891 infra

1593 3921 1719 3959 aus.
1786 3908 1959 3960 Quam
1998 3910 2207 3976 quidem
2246 3912 2669 3980 inscriptionem,

1595 3993 1651 4036 et
1672 3987 1840 4050 ipsum
1876 4001 2084 4053 quoque
2120 4002 2329 4054 nomen,
2354 4003 2505 4056 mmo,
2530 3992 2671 4043 Har·

1595 4063 1781 4114 duinus
1817 4078 1931 4128 suo,
1967 4064 2020 4113 h.
2054 4079 2103 4115 e.
2148 4066 2278 4116 miro
2321 4074 2381 4116 et
2420 4076 2671 4123 contorto

1595 4153 1754 4197 more,
1777 4140 2181 4204 interpretatur,
2210 4142 2287 4192 ita
2317 4150 2376 4194 nt
2397 4159 2467 4194 ex
2493 4146 2674 4211 singu·

1594 4217 1660 4266 lis
1680 4216 1846 4266 literis
1869 4216 2079 4281 integra
2100 4217 2265 4269 verba
2288 4218 2485 4278 eliciat,
2507 4229 2672 4287 atque

1594 4292 1679 4343 liic
1701 4305 1769 4343 ex
1795 4292 2002 4344 nomine
2036 4307 2174 4348 mm
2210 4296 2491 4364 procudat,
2527 4300 2676 4352 ‘Ne-
