3017 4942
504 403 639 471 624

1207 416 1426 472 1401·AE
1475 416 1887 470 vammum
1939 417 2018 471 IN

568 563 632 617 ln
651 563 822 630 arena]
854 561 998 617 Nihil
1017 563 1212 616 certius
1237 574 1321 615 est
1341 566 1440 616 bac
1467 565 1573 615 lec-
1639 566 1935 631 ,iunguntur
1966 565 2067 617 ista
2090 563 2269 625 verbs,
2292 565 2719 631 interpretabatur,

503 642 680 705 tioue3
715 644 804 692 sed
843 641 964 692 vide
996 650 1189 699 tamen,
1225 651 1474 706 qiuantum
1514 643 1572 691 li-

503 718 685 776 brarii,
707 719 932 770 sianum
958 720 1192 782 excipias
1214 719 1574 782 salisburgen-

502 813 629 855 sem,
667 797 966 847 hallucinati
1004 797 1108 846 siut
1140 797 1193 846 in
1231 797 1573 860 exprimenda

503 887 632 926 voce
668 876 831 938 arena,
865 876 997 936 sive,
1043 882 1217 939 prout'
1241 876 1365 925 olim
1410 875 1570 925 etiam

501 951 850 1012 scribebatur,
901 952 1094 1002 harena.
1183 951 1402 1001 Codices
1462 959 1570 1002 tres

504 1025 767 1091 Vaticani,
791 1029 1046 1091 Venetus,
1075 1036 1130 1077 et
1155 1027 1571 1093 Guelpberbyta·

502 1117 621 1169 nus,
661 1106 873 1169 habent,
914 1105 967 1154 ia
1011 1106 1099 1155 liae
1137 1119 1232 1164 re,-
1283 1105 1569 1154 Vaticanus

503 1185 651 1234 14⁷5.
684 1184 737 1234 in
770 1185 915 1244 itare3
948 1185 1115 1235 codex
1147 1199 1292 1235 meus
1325 1184 1380 1232 in
1413 1184 1532 1233 bara
1550 1197 1571 1244 ,⁸

500 1259 667 1309 codex
706 1260 1041 1325 Parisieusis,
1065 1262 1118 1311 in
1150 1262 1267 1310 hare
1291 1259 1569 1323 cogitabat:

499 1334 640 1386 liber
673 1337 959 1388 Vossianus
996 1337 1199 1398 itidem,
1220 1337 1272 1387 in
1300 1338 1417 1386 hare
1436 1334 1571 1398 eagi-

500 1410 670 1473 tabal3
702 1428 732 1463 e
769 1415 886 1465 cod.
921 1413 1068 1464 Elsb.
1107 1424 1162 1466 et
1203 1414 1334 1475 aliis,
1371 1414 1459 1463 liae
1495 1429 1568 1466 re.

500 1491 611 1542 Pro
665 1491 855 1557 quibus
898 1499 1207 1543 annotatum
1254 1500 1334 1542 est
1375 1505 1473 1543 oere
1514 1498 1572 1544 et

494 1575 627 1619 ma.
662 1569 796 1619 Sunt
815 1584 969 1618 merae
992 1570 1267 1619 chimaeroe.
1299 1569 1404 1619 Sed
1430 1569 1568 1620 idem

497 1643 630 1694 liber
652 1646 933 1696 Vossianus
955 1648 1113 1697 etiam
1139 1643 1304 1695 refert
1330 1646 1430 1695 alia
1462 1646 1569 1697 duo

495 1721 684 1773 menda
705 1724 1048 1780 librariorum,
1067 1724 1120 1773 in
1139 1723 1568 1774 antecedentibus

494 1798 691 1857 verbis,
718 1802 1104 1861 seculusseruor,
1141 1816 1236 1866 pro
1263 1816 1457 1853 securus
1479 1803 1567 1863 fa-

495 1888 596 1927 vor.
665 1877 737 1926 Et
759 1877 908 1938 hirco,
933 1892 1027 1940 pro
1050 1892 1189 1927 iturea.⁴

514 1965 521 1973 ·
565 1954 784 2004 Crimina
816 1955 1084 2017 mnjestalis
1115 1954 1169 2004 in
1198 1968 1346 2004 arena
1375 1954 1566 2017 collige·

494 2027 602 2092 bat]
633 2030 941 2081 Suetonium
975 2032 1091 2095 lege
1115 2030 1314 2083 Domit.
1344 2045 1464 2097 cap.
1485 2034 1567 2081 lo.

493 2105 657 2156 Licin.

560 2182 717 2234 Suum
749 2195 921 2234 numen
954 2184 1154 2248 violari]
1205 2186 1359 2237 Suam
1392 2199 1568 2236 numen

491 2257 687 2317 uiolare,
711 2262 905 2325 vulgo;
942 2268 997 2311 at
1019 2277 1159 2312 suum
1189 2277 1363 2314 numen
1394 2263 1566 2312 violari

492 2336 566 2388 H·
587 2338 769 2403 Steph-
810 2339 980 2389 Faber·

508 2425 519 2436 ⁸
559 2413 710 2482 Idem,
731 2419 854 2483 qaod
883 2418 1037 2482 Deos]
1083 2418 1262 2470 Palam
1285 2419 1354 2470 de
1379 2419 1561 2471 Domi-

492 2491 655 2557 tiano,
676 2495 763 2559 qni
788 2497 935 2546 Deus
957 2496 1158 2546 censeri
1186 2502 1244 2546 et
1266 2496 1448 2546 audire
1473 2510 1561 2545 vo·

490 2570 610 2622 luit.
646 2570 782 2635 Lips-
1172 2595 1179 2604 ‹

558 2648 680 2699 Cum
701 2662 750 2698 se
769 2648 913 2705 idem³
936 2651 1059 2713 quod
1083 2647 1238 2714 Deos]
1272 2650 1336 2699 In
1368 2648 1562 2700 codici-

487 2722 587 2775 bus
602 2724 896 2782 Vaticanis,
921 2725 1146 2787 Veneto,
1159 2723 1561 2789 salisburgensi,

487 2802 973 2868 Guelpberbytano,
994 2817 1129 2864 meo,
1151 2812 1206 2853 et
1232 2804 1360 2853 libro
1384 2804 1561 2854 Vossi-

488 2890 608 2942 auo,
643 2881 834 2946 copula
869 2896 959 2945 que
995 2882 1271 2946 particulae
1297 2896 1405 2930 cum
1443 2881 1560 2952 sub,-

480 2956 746 3022 jungitur,
772 2960 999 3023 Cumque.
1044 2958 1177 3010 Quas
1200 2958 1446 3022 varietas,
1469 2972 1558 3008 ue-

486 3034 616 3097 scio,
639 3050 703 3084 an
729 3049 937 3099 prorsus
973 3036 1040 3085 sit
1076 3036 1250 3085 vana?
1290 3036 1561 3085 Particula

485 3112 624 3161 enim
643 3111 660 3140 ‘
674 3127 809 3169 cum,
827 3126 923 3177 pro
938 3110 1199 3177 quoniam'
1215 3111 1403 3175 posita,
1419 3111 1459 3160 si
1477 3125 1558 3161 re-

483 3186 685 3240 feratur
703 3188 768 3239 ad
789 3189 1001 3239 verbum
1020 3189 1238 3253 putabat,
1252 3188 1378 3238 alias
1393 3189 1557 3251 magis

484 3265 703 3316 ‘verbum
726 3266 1044 3330 conjunctivi
1069 3265 1226 3324 modi,
1245 3280 1398 3331 quam
1424 3266 1555 3316 indi·

481 3343 664 3407 cativi,
687 3343 975 3394 desiderat.
1045 3344 1217 3408 Igitur
1242 3344 1466 3405 videtur,
1489 3344 1556 3394 ad

482 3420 623 3470 aliud
670 3421 885 3471 verbum
931 3419 1120 3472 referri
1158 3422 1371 3484 debere,
1415 3420 1557 3486 quod

482 3498 562 3547 vel
588 3498 987 3562 praetermissum
1026 3506 1108 3548 est
1142 3498 1296 3562 culpa
1317 3497 1556 3549 librario-

481 3587 613 3637 rum,
639 3573 720 3624 vel
752 3589 846 3639 per
880 3573 1096 3639 ἔλλειψιν
1125 3577 1295 3626 animo
1332 3576 1555 3639 intelligi

479 3652 821 3717 supplerique
838 3660 1031 3716 potest.
1081 3652 1256 3718 Atque
1273 3653 1405 3702 adeo
1427 3653 1555 3702 satis

481 3735 607 3793 apte
629 3730 895 3779 cohaerere
917 3730 1087 3781 oratio
1117 3731 1239 3780 mihi
1266 3729 1554 3794 videretur,

478 3805 524 3855 si
560 3807 742 3856 ultima
777 3806 927 3871 huius
966 3807 1154 3871 capitis
1193 3807 1454 3878 sententia
1477 3808 1554 3856 ita

478 3883 919 3936 concinnareturt
966 3899 1024 3934 ae
1058 3898 1108 3933 se
1142 3886 1322 3949 despici
1353 3889 1403 3935 et
1442 3900 1553 3934 ran·

477 3959 644 4026 temni,
663 3960 760 4009 nisi
781 3962 926 4010 etiam
956 3961 1251 4024 gladiatores
1283 3959 1384 4020 eius
1414 3975 1551 4011 eene-

474 4045 727 4094 mremur5
771 4035 864 4085 sibi
901 4038 1025 4087 male
1059 4037 1175 4099 dici,
1206 4037 1260 4086 in
1290 4037 1393 4087 illis
1418 4052 1553 4086 suam

475 4110 795 4173 divinitatem,
816 4123 952 4162 suum
973 4126 1165 4175 numen,
1182 4113 1379 4176 violari,
1400 4114 1551 4164 inter-

468 4186 750 4250 pretabatur
766 4204 787 4247 ‚·
833 4201 1031 4253 cumque
1060 4204 1112 4240 se
1150 4189 1278 4240 idem
1318 4199 1551 4255 putaret,

474 4265 598 4327 quod
634 4265 784 4321 Deos,
814 4264 943 4315 idem
978 4266 1290 4331 gladiatores,
1329 4270 1452 4331 quod
1482 4282 1551 4327 se.

469 4339 688 4403 putabat.
759 4342 847 4393 Sic
887 4356 984 4407 per
1020 4345 1262 4408 copulam
1295 4360 1389 4410 que
1424 4360 1548 4399 con·

345 4761 465 4931 ι.

1648 675 1663 693 .
1683 677 1730 694 ..
1758 644 1976 707 putabat.
2045 644 2213 709 Igitur
2253 645 2467 695 verbum
2504 647 2721 707 puscet,

1646 720 1783 785 quod
1798 735 1915 771 cum
1935 722 2184 785 particula
2195 722 2413 771 eaussali
2423 737 2529 771 eum
2541 720 2716 771 colias·

1649 805 1781 854 reat,
1805 800 1884 848 vel
1911 798 2312 860 restituendum
2330 799 2413 847 v'el
2437 812 2530 861 per
2553 795 2718 845 ἔλλει-

1646 873 1917 935 ψινεαῑῐεω
1930 875 2272 938 supplendum
2285 882 2383 925 est.
2409 872 2715 938 eujusmodi

1647 949 1888 1013 ἐλλείψεις·
1909 965 2011 1000 non
2039 954 2167 1001 adeo
2194 952 2380 1000 alienae
2401 956 2522 1001 sunt
2541 966 2573 999 a
2595 950 2716 1000 stilo

1645 1028 1916 1090 Plinian03
1961 1043 2012 1078 v.
2036 1044 2087 1093 g.
2122 1039 2301 1079 xxxv·
2335 1033 2387 1078 2.
2436 1034 2452 1059 ⁸
2480 1027 2717 1091 Cumque

1646 1104 1838 1153 insulas
1861 1118 2061 1164 omnes,
2082 1120 2211 1170 quas
2234 1105 2389 1155 modo
2415 1111 2718 1154 senatorum

1644 1180 2071 1246 [compleveram]
2099 1182 2211 1246 jam
2244 1181 2536 1231 delatorum
2561 1180 2717 1231 turba

1644 1258 1968 1323 compleret,’
2004 1262 2108 1316 &m
2163 1271 2304 1310 Lxu.
2347 1263 2396 1309 3.
2443 1260 2462 1288 ⁸
2489 1257 2716 1316 Oderat,

1643 1348 1772 1400 quos
1794 1349 1888 1384 nos
1910 1350 2233 1400 amaremusg
2263 1336 2355 1386 sed
2378 1342 2435 1388 et
2450 1349 2544 1386 nos
2562 1334 2716 1401 (ode-

1644 1411 1864 1477 ramus,)
1887 1427 2015 1480 quos
2027 1413 2151 1463 ille-³
2182 1414 2354 1479 Epist.
2374 1416 2547 1463 ivda-
2577 1416 2594 1441 ⁸
2615 1412 2716 1462 Ut·

1644 1501 1745 1553 que
1766 1503 1905 1540 nunc
1927 1489 2081 1540 liberi
2112 1491 2274 1541 vestri
2301 1489 2474 1540 aliena
2495 1491 2548 1539 iu
2577 1490 2714 1553 loca,

1642 1564 1985 1631 (confluunt,)
2022 1568 2099 1619 ita
2131 1582 2249 1618 mox
2284 1567 2442 1618 alieni
2483 1567 2536 1616 in
2571 1566 2714 1616 hunc

1642 1644 1810 1693 locum
1832 1642 2136 1696 confluant.'
2171 1645 2391 1695 Brevius
2409 1649 2587 1696 autem
2611 1645 2714 1693 lec·

1642 1721 1839 1770 tionem
1863 1721 2127 1785 vulgatam
2150 1720 2395 1785 adjuvare
2421 1733 2716 1784 possemus,

1641 1796 1686 1846 si
1727 1799 1823 1862 pro
1864 1813 1970 1847 eum
2010 1812 2317 1862 reponamus
2354 1798 2488 1847 dum·
2572 1796 2713 1849 Quia

1644 1888 1769 1926 vero
1791 1876 2051 1940 vulgatam
2074 1875 2229 1940 hujus
2253 1876 2359 1926 loci
2395 1874 2712 1937 scripturam

1639 1955 1748 2000 tam
1772 1952 1922 2002 multi
1946 1952 2043 2002 viri
2061 1951 2256 2003 eruditi
2278 1952 2391 2001 sine
2420 1949 2618 2000 offensa
2638 1950 2714 1999 le-

1639 2034 1847 2091 gerunt,
1882 2036 1939 2079 et
1973 2043 2072 2092 ego
2099 2043 2215 2080 eam
2238 2030 2451 2095 impune
2472 2042 2614 2079 nunc
2634 2028 2719 2079 di·

1640 2098 2141 2156 mittam-‘Sehwan.
2704 2137 2709 2142 ·

1704 2181 1839 2233 Cae.
1864 2196 2071 2233 xxxiv.
2137 2183 2243 2234 Pro
2259 2182 2346 2246 illa
2361 2214 2377 2231 .
2396 2216 2410 2232 .
2426 2175 2714 2248 sanabili}

1638 2260 1843 2312 Plinius
1857 2275 1960 2313 non
1976 2264 2330 2328 spectaculum
2345 2261 2712 2325 gladiatorum,

1567 2367 1570 2370 ι
1638 2339 1779 2403 quod
1798 2339 2038 2391 ediderat
2054 2341 2327 2406 Trajanus,
2344 2346 2499 2391 vocat
2513 2353 2713 2390 execrat

1636 2415 1769 2474 bile3
1802 2431 2112 2483 quamquam
2149 2432 2251 2469 nec
2283 2418 2398 2482 ipse
2422 2415 2711 2467 istiusmodi

1635 2492 1769 2543 ludis
1785 2493 1938 2544 valde
1953 2494 2247 2545 delectatus
2256 2492 2414 2543 fuisse
2433 2494 2716 2554 videatur-3,

1634 2572 1770 2636 quod
1793 2570 1949 2621 facile
1968 2572 2263 2636 colligimus
2286 2586 2349 2622 ex
2373 2571 2546 2635 Epist·
2567 2573 2715 2623 mo·

1633 2665 1832 2708 verum,
1857 2651 2142 2702 Domitiani
2175 2651 2478 2715 cumprimis
2508 2650 2710 2702 saeviti·

1635 2742 1717 2776 em
1742 2737 2041 2784 execratur,
2062 2727 2151 2792 qui
2174 2727 2392 2777 crimina
2416 2726 2708 2790 majestatis

1636 2806 1793 2856 etiam
1829 2807 1880 2855 in
1918 2820 2077 2856 arena
2099 2806 2408 2870 collegerat,
2426 2811 2481 2855 et
2505 2818 2535 2852 e
2555 2817 2706 2869 spec-

1637 2884 1889 2934 tatoribus
1925 2882 2287 2934 innocentibus
2315 2880 2518 2931 fecerat
2541 2894 2699 2945 spec·

1636 2962 1884 3022 taculum,
1908 2969 1965 3012 ut
1990 2961 2038 3011 hi
2064 2961 2303 3010 miseram
2322 2957 2601 3024 spectandi
2619 2972 2708 3009 vo·

1633 3038 1889 3102 luptatem
1927 3051 2062 3088 unco
2099 3044 2152 3086 et
2181 3036 2385 3100 ignibus
2407 3035 2707 3098 expiarent·-

1635 3116 1899 3178 Ceterum,
1920 3115 1997 3164 sic
2014 3121 2194 3165 orator
2215 3119 2336 3175 apte
2354 3111 2650 3175 callideque
2673 3126 2708 3161 a

1632 3190 1786 3241 laude
1808 3191 2098 3255 spectaculi
2137 3188 2456 3254 gladiatorii,
2485 3188 2570 3239 cui
2602 3203 2705 3238 non

1632 3268 1785 3319 nimis
1820 3269 2116 3319 immoratus
2139 3274 2237 3326 est,
2261 3281 2400 3317 nunc
2432 3269 2613 3317 transit
2636 3265 2705 3316 ad

1631 3347 1984 3412 spectaculum
2005 3361 2173 3411 poenae
2197 3345 2487 3395 delatorum
2509 3360 2523 3405 3
2550 3358 2580 3393 e
2602 3357 2710 3409 quo

1632 3426 1796 3489 gloria
1811 3424 2036 3488 justitiae
2061 3431 2118 3474 et
2138 3423 2467 3473 liberalitatis
2486 3420 2703 3485 Trajaui

1630 3502 1969 3568 splendidior,
2003 3516 2157 3567 quiam
2194 3516 2224 3551 e
2263 3501 2567 3563 spectaculo
2596 3500 2710 3564 gla-

1629 3581 1876 3643 diatorio,
1898 3580 2249 3630 elucescebat.
2281 3579 2434 3628 Idem.

1701 3658 1922 3709 Vidimus
1951 3657 2237 3721 delatorum]
2269 3662 2284 3687 ⁴
2308 3655 2416 3705 Sub
2442 3654 2706 3719 prioribufi

1628 3736 1792 3785 omnis
1816 3736 1994 3786 doinus
2018 3736 2310 3786 delatorum
2340 3733 2703 3797 interpretati·

1628 3811 1811 3862 onibus
1837 3811 2261 3862 subvertebatur.
2310 3811 2708 3874 Multorumque

1628 3889 1794 3938 excisi
1816 3895 1986 3939 status
2010 3894 2066 3939 et
2089 3895 2256 3938 terror
2277 3888 2515 3937 omnibus
2530 3888 2701 3936 inten-

1627 3964 1886 4015 debatur-,⁹
1914 3967 2084 4017 Tacit.
2103 3964 2295 4017 Annal.
2318 3978 2407 4016 111.
2431 3968 2516 4015 28.
2544 3966 2702 4015 Bern.

1649 4051 1656 4057 '
1693 4042 2004 4107 Delatoram]
2060 4043 2366 4105 Delum-es,
2403 4051 2566 4105 genus
2608 4041 2699 4091 ho-

1625 4117 1817 4167 minum
1855 4119 1919 4168 iis
1959 4119 2103 4183 ipsis,
2127 4118 2314 4183 quibus
2348 4118 2596 4182 prodesse
2618 4119 2697 4169 vi·-

1625 4194 1833 4257 deutur,
1870 4209 2098 4252 exosum,
2136 4211 2278 4259 saepe
2320 4197 2370 4245 in
2409 4197 2591 4246 urbem
2617 4196 2696 4246 in·

1626 4271 1873 4331 troducti‚
1907 4288 2049 4337 saepe
2086 4273 2277 4336 repulsi
2314 4287 2377 4323 ac
2402 4273 2604 4337 puniti3
2637 4279 2696 4323 et

1626 4348 1767 4400 varie
1805 4350 2021 4415 quidem
2053 4364 2084 4401 a
2113 4350 2236 4400 Tito
2265 4350 2612 4415 Vespasiano,
2634 4355 2696 4400 ut
