3017 4942
766 417 834 465 c.
882 413 1131 465 Pmuu
1176 412 1511 464 saeuum
1564 413 1841 463 mnne..
1919 417 1966 462 1.
2009 398 2119 465 38.

332 576 399 613 es
430 576 536 626 qna
560 561 721 625 magis
739 562 956 626 justum,
976 567 1123 611 certe
1144 557 1399 622 votivum,

331 640 491 690 filiurn
515 641 655 705 patri
681 639 985 703 succedere,
1018 653 1171 703 qnam
1192 644 1396 688 contra.

330 717 541 784 Itaque,
566 718 687 783 quia
707 717 807 767 boc
829 722 884 768 et
905 717 1087 777 rarius,
1109 729 1208 765 nec
1230 716 1308 765 ita
1329 729 1396 765 ex

329 803 538 845 natura
562 796 764 857 ordine,
781 794 833 845 id
857 792 1130 857 neglexit!
1160 794 1315 843 Idem.

399 872 753 937 Quodsuisset]
786 871 1037 934 Trajanns
1058 877 1261 920 naturoe
1287 869 1397 919 vin·

328 950 503 999 culum
548 949 787 1008 intuitus,
831 949 967 1016 quod
1013 949 1220 1014 putavit
1254 946 1397 998 civili

325 1025 711 1077 constitutione
748 1040 850 1077 non
877 1026 1045 1078 solvi.'
1086 1026 1278 1088 Itaque
1298 1024 1398 1074 etsi

327 1102 558 1153 civiliter
592 1103 868 1155 desinebat
905 1110 1057 1165 pater
1087 1116 1223 1164 esse,
1260 1107 1394 1151 atta·

325 1194 471 1228 men-
497 1180 623 1243 quia
665 1187 789 1230 ante
829 1179 1057 1230 civiliter
1099 1176 1295 1243 fuerat,
1339 1184 1395 1227 et

324 1270 466 1305 nunc
492 1270 700 1320 qnoque
723 1255 1033 1307 naturaliter
1054 1262 1190 1318 erat,
1213 1254 1396 1305 babuit

323 1331 629 1384 immunem.
662 1332 802 1396 Lips.

391 1407 661 1473 Lacr-yma
681 1407 955 1473 mutan]
989 1408 1212 1469 Plinius,
1244 1423 1394 1468 uer·-

321 1490 526 1549 νυμικῶς
547 1489 772 1546 locutus,
800 1488 1078 1554 significat,
1108 1488 1392 1552 Trajanum

320 1579 428 1615 non
452 1580 658 1631 passum
677 1580 812 1627 esse,
831 1573 890 1616 nt
913 1566 1082 1616 luctus
1101 1571 1397 1629 parentum,

323 1652 392 1691 ex
417 1642 647 1692 orbitate
670 1639 767 1693 filii
790 1651 956 1699 ortus,
978 1642 1229 1693 obnoxius
1251 1648 1395 1692 esset

322 1720 596 1784 vectigali,
645 1720 682 1769 i.
731 1734 778 1770 e.
822 1721 1234 1784 conjungeretur
1274 1734 1393 1769 cum

321 1810 485 1845 onere
512 1797 786 1860 vectigalis
807 1798 1088 1857 vicesimae,
1118 1811 1182 1845 ex
1206 1796 1396 1846 relicta

320 1870 416 1923 filii
440 1872 736 1924 hereditate
759 1874 1041 1925 solvendae.
1075 1873 1319 1925 Schmun.

395 1951 693 2014 Vectigales]
727 1951 1000 2015 Subjectas
1021 1951 1284 2015 vectigali,
1302 1950 1394 2001 ob·

322 2027 508 2076 noxias
531 2028 814 2091 vigesima.
846 2028 985 2091 Lips.
1054 2051 1063 2062 ·

386 2103 587 2154 Socim
606 2104 912 2169 hereditatis]
945 2104 1175 2162 Scilicet,
1208 2101 1392 2155 fiscum

324 2187 435 2240 ant,
477 2181 687 2230 nomine
728 2180 863 2243 fisci,
910 2181 1259 2246 publicanum,
1305 2179 1393 2246 qni

323 2256 500 2317 paullo
527 2254 767 2321 inferius,
789 2259 816 2323 ξ
840 2262 891 2308 5.
925 2271 1023 2321 per
1046 2271 1232 2306 nomen
1266 2257 1284 2286 ‘
1307 2270 1394 2307 co·

321 2332 532 2382 heredis
550 2331 566 2354 ’
585 2334 906 2396 designatur.
939 2334 1181 2385 Schwarz.

390 2407 494 2467 Qui
526 2424 621 2459 noa
655 2410 796 2460 habet
825 2410 1003 2477 lactu]
1037 2411 1273 2469 Scilicet,
1311 2425 1394 2462 so·

320 2486 481 2537 cium.
550 2488 759 2550 Lipsius
792 2490 998 2554 quoerit,
1023 2504 1088 2539 an
1116 2489 1392 2550 legendum

321 2578 461 2626 quem
485 2578 582 2615 mm
605 2564 763 2616 habet.
829 2566 846 2594 ⁸
866 2566 1000 2616 Nam
1036 2572 1212 2629 potest
1233 2563 1393 2624 sane,'

319 2640 508 2705 inquit,
522 2643 594 2692 ‘in
614 2641 706 2692 filii
729 2649 897 2692 morte
912 2649 1182 2693 consortes
1198 2643 1393 2693 babere

322 2718 519 2775 luctus,
562 2720 665 2769 etsi
704 2733 806 2769 non
839 2718 1062 2769 fiscum!
1116 2718 1201 2769 Ita
1237 2735 1392 2782 quens,

322 2808 418 2857 pro
450 2796 556 2859 qui,
589 2796 766 2860 legere
794 2796 978 2845 maluit
1020 2796 1394 2846 Rittershnsius

321 2878 521 2934 noster,
558 2873 742 2923 maluit
782 2873 1117 2935 Bongarsins,
1160 2880 1216 2922 et
1254 2872 1393 2923 Gru·

325 2956 490 3000 terns.
561 2949 719 3000 Hanc
740 2949 1094 3013 conjecturam
1111 2950 1225 3013 jam
1251 2962 1393 2999 rece·

323 3039 448 3090 pere
473 3027 718 3088 Bebrius,
743 3027 977 3089 Hearne,
997 3025 1272 3088 Ocharius,
1290 3025 1395 3075 Pa·

323 3103 478 3153 taroi.
547 3104 621 3153 Et
653 3102 846 3162 fatcor,
883 3116 999 3153 eam
1035 3115 1283 3169 perquam
1309 3118 1395 3153 ac·

319 3180 704 3230 commodatam
751 3194 863 3231 essa
911 3181 1185 3230 sententiae
1230 3180 1396 3230 Plini-

322 3269 453 3307 anae.
544 3258 687 3309 Quia
729 3271 862 3308 vero
906 3257 1027 3307 huic
1074 3257 1394 3322 conjecturo

317 3336 492 3385 nulius
516 3334 687 3384 codex
723 3335 828 3385 Ms.
868 3335 1113 3399 nullaque
1135 3335 1397 3399 antiquior

318 3410 488 3461 editio
511 3414 810 3474 succurrit3
843 3426 944 3462 nec
966 3413 1264 3463 necessaria
1280 3426 1395 3462 esse

319 3488 569 3550 videtur;
604 3503 746 3552 cnm,
767 3489 1062 3539 Arntzenio
1087 3497 1236 3539 recte
1251 3489 1396 3552 judi-

319 3572 500 3630 cante,
543 3567 744 3617 Plinius
766 3581 868 3617 non
901 3566 1191 3630 generatim
1214 3567 1395 3630 loqna·

320 3632 414 3691 tur'
444 3643 514 3693 de
557 3643 670 3693 aliis
704 3643 875 3693 luctus
910 3643 1082 3699 sociis,
1127 3641 1218 3692 sed
1256 3644 1395 3706 sigil-

317 3719 466 3768 latim
492 3719 560 3768 de
594 3718 741 3777 fisco,
773 3717 1032 3784 facileque
1054 3719 1166 3767 imc
1185 3726 1395 3769 senten·

319 3796 397 3845 tia
432 3796 512 3845 sic
549 3796 782 3860 suppleri
824 3796 1003 3859 possit,
1041 3811 1127 3846 nee
1163 3795 1396 3860 [fiscum]

316 3874 499 3923 socium
533 3872 820 3923 hereditatis
853 3873 1075 3938 occipiat,
1105 3873 1188 3937 qui
1223 3873 1394 3938 [enm]

316 3963 413 3997 nou
434 3948 577 3999 habet
602 3948 850 4014 [socium]
873 3951 1030 3999 lactus
1042 3965 1062 4009 ,-
1085 3950 1245 4015 igitur
1270 3963 1395 3998 non-

318 4027 441 4094 dum
463 4027 591 4076 duxi
611 4025 961 4077 recedendum
980 4041 1097 4076 esse
1116 4043 1146 4076 a
1167 4027 1394 4076 lectione

318 4103 557 4167 vulgata.
583 4104 740 4153 Idem.

383 4182 664 4232 Attonitum
700 4180 977 4246 orbitatem]
1013 4181 1060 4232 1.
1096 4197 1146 4233 e.
1189 4189 1393 4247 patrem

319 4255 564 4308 orbatum
625 4256 757 4324 tilio,
814 4258 1038 4325 ideoque
1095 4260 1396 4312 attonitum.

319 4334 546 4387 Pfl'oeoeo

2414 398 2548 467 663

1538 556 1828 610 Liberalitas
1838 557 2158 608 wiomado
2170 556 2267 622 est]
2282 556 2416 609 Cod.
2435 557 2547 610 Va·

1475 633 1632 685 tican.
1679 635 1905 698 Gnelpb.
1972 642 2027 684 et
2081 635 2213 684 liber
2256 636 2544 687 Vossianus

1471 711 1665 762 babent
1683 711 1967 762 estimanda
1994 716 2066 761 est
2081 726 2103 770 ,-
2136 715 2192 760 at
2225 708 2545 763 Arntzenins

1461 785 1574 850 jam
1621 788 1687 837 ad
1727 786 1858 838 Aur.
1909 788 2052 838 Vict.
2093 788 2231 838 Caes.
2279 800 2544 846 xxxvm.
2621 787 2626 792 ’

1471 868 1523 913 5.
1555 871 1610 914 et
1648 863 1714 913 ad
1758 864 1812 914 b.
1852 864 1890 913 l.
1926 863 2250 926 observavit,
2292 865 2397 915 ista
2439 865 2543 917 dno

1475 941 1630 991 verba
1654 954 1795 1006 soepe
1818 956 1849 991 a
1873 941 2095 992 librariis
2123 942 2175 991 in
2210 941 2433 1008 antiquis
2455 957 2545 994 co·

1472 1015 1672 1067 dicibns
1716 1017 1856 1068 inter
1899 1032 1956 1067 se
1999 1017 2304 1068 commutari
2353 1018 2542 1069 solere.

1468 1094 1715 1147 Schmun.

1538 1171 1688 1221 Ratio
1707 1186 1800 1221 noa
1820 1172 2031 1238 coam]
2068 1171 2083 1199 ‘
2110 1171 2189 1221 Ea
2204 1169 2436 1222 conditio
2459 1176 2544 1221 est

1470 1247 1781 1311 imperandi,
1817 1254 1878 1298 ut
1912 1262 2013 1298 non
2053 1248 2212 1298 aliter
2241 1247 2375 1297 ratio
2410 1261 2537 1298 con·

1468 1332 1597 1388 stet,
1634 1340 1789 1390 quam
1826 1326 1870 1375 si
1911 1326 1997 1374 nni
2041 1322 2331 1387 reddatnr‚’
2364 1324 2539 1376 Tacit.

1469 1399 1612 1449 Ann.
1649 1415 1692 1451 1.
1729 1404 1782 1450 6.
1847 1399 2042 1451 Uirum
2075 1407 2177 1462 est,
2209 1402 2400 1465 ‘quam
2437 1400 2542 1450 sin·

1471 1477 1604 1542 gulis
1642 1477 1827 1527 diebus
1862 1478 1915 1526 in
1952 1477 2080 1527 nrbe
2120 1477 2252 1528 ratio
2285 1485 2378 1527 ant
2414 1490 2540 1527 con·

1468 1561 1598 1608 stet,
1637 1562 1729 1604 ant
1761 1561 2002 1603 constare
2026 1553 2287 1615 videatur,
2311 1553 2542 1603 cunctis-

1468 1644 1570 1693 que
1604 1645 1705 1679 nou
1746 1630 1992 1690 constet,'
2041 1630 2179 1680 Plin.
2202 1631 2302 1695 Ep.
2335 1644 2375 1679 1.
2408 1633 2460 1680 ἱ.
2488 1634 2541 1681 4.

1466 1704 1625 1755 Adde
1647 1707 1911 1770 Spartian.
1934 1708 1986 1757 in
2011 1707 2224 1757 Valent.
2291 1708 2420 1758 Cum
2445 1719 2539 1757 au-

1467 1788 1576 1832 tem
1615 1798 1769 1846 pares
1812 1792 1934 1834 sunt
1978 1784 2226 1839 rationes,
2270 1789 2534 1834 constant·

1467 1848 1582 1909 Dis
1608 1851 1977 1929 memmingen
2002 1851 2190 1912 tttffeu
2218 1862 2318 1925 Ξιι.
2345 1865 2500 1914 Bm.

1538 1942 1635 1990 Gai
1653 1943 1782 1992 ratio
1800 1957 1894 1992 aon
1921 1941 2131 2005 coastat]
2168 1942 2239 1991 Η.
2262 1956 2309 1990 e.
2343 1940 2534 1990 libers-

1466 2014 1611 2078 litas,
1654 2031 1771 2082 quoe
1817 2025 2018 2068 temere
2059 2017 2140 2075 fit,
2192 2018 2302 2067 sine
2346 2031 2533 2067 caussa

1457 2092 1607 2156 justa
1626 2102 1684 2144 et
1706 2094 1945 2159 honesta,
1965 2094 2075 2144 sine
2100 2092 2304 2157 jndicio
2326 2102 2381 2144 et
2402 2094 2535 2143 deli-

1470 2168 1759 2220 beratione.
1824 2172 2055 2233 Etenim,
2073 2170 2211 2236 qnod
2237 2172 2349 2223 Cic.
2375 2168 2536 2222 Offic.

1470 2258 1509 2293 ι.
1538 2249 1618 2296 14.
1642 2247 1737 2306 ait,
1769 2247 2139 2298 ‘beneficentia
2162 2262 2225 2297 ac
2243 2247 2532 2298 liberalitas

1467 2321 1628 2372 babet
1665 2325 1853 2374 multas
1880 2323 2187 2374 cautiones.’
2220 2325 2290 2374 Et
2311 2339 2428 2388 cap.
2452 2329 2534 2375 1⁶.

1465 2397 1483 2426 ‘
1519 2399 1681 2449 Multi
1726 2403 1865 2450 enim
1909 2401 2113 2452 faciunt
2155 2402 2324 2451 multa
2366 2407 2533 2452 teme-

1466 2475 1883 2542 ritate'quadam‚
1905 2481 2017 2529 sine
2032 2479 2238 2543 judicio
2261 2481 2342 2528 vel
2361 2477 2535 2543 niodo,

1467 2551 1522 2600 in
1540 2566 1735 2611 ornnes,
1759 2556 1839 2605 vel
1859 2557 2134 2620 repentino
2150 2557 2374 2621 quodam
2387 2555 2539 2622 qnasi

1467 2638 1647 2692 vento,
1688 2631 1889 2695 impetn
1935 2633 2091 2683 animi
2137 2633 2379 2684 incitati:
2414 2648 2536 2698 qun

1465 2704 1725 2758 beneficia
1760 2721 1911 2772 oeque
1941 2722 2129 2772 magna
2162 2722 2265 2757 non
2302 2714 2421 2757 sunt
2444 2708 2536 2757 ba-

1466 2781 1660 2839 bentia,
1694 2789 1855 2848 atque
1891 2798 1954 2834 ea
1988 2784 2337 2849 qnaejndicio,
2364 2785 2536 2834 consi-

1466 2858 1673 2921 derata,
1705 2867 2112 2928 constanterque
2151 2861 2330 2911 delata
2370 2860 2533 2912 sunt.’

1467 2936 1586 2985 Vai-
1631 2936 1777 2986 Max.
1823 2950 1901 2986 tv.
1942 2940 1993 2986 8.
2038 2941 2087 2989 1.
2120 2936 2137 2965 ‘
2176 2935 2533 2986 Liberalitatis

1468 3012 1575 3062 dno
1609 3019 1732 3063 snat
1764 3012 1989 3063 maxime
2010 3012 2304 3077 probabiles
2326 3011 2532 3076 fontan

1470 3103 1649 3139 verum
1663 3089 1942 3154 judicium,
1976 3099 2033 3140 et
2065 3090 2289 3141 honesta
2309 3088 2534 3139 benevo-

1470 3166 1652 3217 lentia.
1717 3166 1851 3217 Natn
1870 3180 1988 3216 cam
2010 3167 2075 3217 ab
2110 3166 2188 3216 bis
2208 3166 2389 3227 oritur,
2412 3165 2562 3228 dnm,

1470 3242 1678 3294 demum
1695 3244 1747 3294 ei
1764 3243 2165 3302 ratioconstat?
2198 3244 2340 3294 Plio.
2363 3244 2540 3309 Epist.

1469 3331 1536 3370 ιι.
1555 3324 1607 3369 4.
1629 3323 1680 3369 4.
1714 3320 1731 3349 ‘
1757 3319 2070 3370 Liberalitas
2093 3321 2172 3371 ita
2193 3319 2541 3385 temperanda

1472 3403 1570 3451 est,
1608 3411 1677 3447 ne
1718 3397 1877 3446 ninia
1910 3394 2208 3461 profusione
2249 3397 2541 3459 inarescatg

1471 3472 1565 3522 sed
1601 3473 1945 3536 temperanda
1978 3475 2032 3523 in
2071 3473 2220 3535 aliis3
2254 3474 2385 3523 inte
2413 3486 2539 3522 vero

1470 3547 1625 3600 facile
1640 3551 1772 3600 ratio
1789 3549 2069 3611 constabit,
2092 3550 2248 3599 etiam
2268 3549 2311 3598 si
2329 3548 2536 3598 modum

1472 3625 1797 3676 excesserit!
1875 3626 2085 3676 Usitata
2120 3625 2292 3676 Plinio
2329 3625 2538 3676 dicendi

1470 3699 1709 3765 formula,
1742 3717 1776 3752 a
1812 3701 2098 3752 rationibus
2134 3700 2383 3763 deducta,
2417 3716 2536 3767 quas

1473 3786 1583 3829 tum
1607 3782 1623 3808 ‘
1649 3787 1895 3830 constare
1914 3778 1931 3800 '
1960 3779 2224 3839 dicuntur,
2247 3780 2291 3828 si
2316 3786 2541 3843 accepta

1469 3863 1529 3908 et
1560 3872 1794 3922 expensa
1818 3856 1952 3906 bene
1974 3857 2310 3919 conveniunt,
2344 3864 2435 3905 ant
2465 3856 2539 3905 le·

1471 3935 1653 4001 gitima
1681 3948 1879 3983 summa
1909 3933 2286 3997 computationi
2324 3946 2539 3997 respon-

1469 4013 1583 4062 det.
1650 4012 1862 4061 Cortins
1883 4011 1949 4060 ad
1971 4012 2102 4074 hanc
2126 4011 2415 4074 epistolam.
2448 4009 2536 4063 Cf.

1470 4089 1615 4140 Plin.
1639 4088 1814 4151 Epist.
1837 4099 1876 4136 1.
1912 4092 1963 4138 6.
2000 4091 2081 4137 16.
2116 4101 2159 4137 1.
2193 4091 2245 4137 9.
2266 4091 2314 4136 1.
2338 4101 2427 4137 111.
2451 4090 2534 4139 18.

1472 4170 1556 4216 10.
1600 4178 1705 4215 vu.
1744 4167 1796 4212 θ.
1842 4167 1893 4213 4.
1936 4175 2022 4212 tx.
2065 4167 2115 4213 2.
2159 4170 2209 4215 ὅ.
2254 4177 2312 4215 x.
2352 4168 2437 4214 2⁰.
2485 4168 2537 4214 3.

1469 4243 1721 4294 Sama.

1542 4316 1784 4369 orbitatis
1803 4314 2032 4382 inimica]
2054 4315 2101 4367 1.
2122 4329 2174 4369 e.
2196 4315 2404 4376 damna,
2422 4315 2536 4370 sive
