<?xml version="1.0" encoding="UTF-8"?>
<!DOCTYPE html PUBLIC "-//W3C//DTD XHTML 1.0 Transitional//EN"
    "http://www.w3.org/TR/xhtml1/DTD/xhtml1-transitional.dtd">
<html xmlns="http://www.w3.org/1999/xhtml" xml:lang="en" lang="en">
 <head>
  <title>
</title>
<meta http-equiv="Content-Type" content="text/html;charset=utf-8" />
  <meta name='ocr-system' content='tesseract 3.04.00' />
  <meta name='ocr-capabilities' content='ocr_page ocr_carea ocr_par ocr_line ocrx_word'/>
</head>
<body>
  <div class='ocr_page' id='page_1' title='image "./panegyriciveter01unkngoog_0085.png"; bbox 0 0 3017 4942; ppageno 0'>
   <div class='ocr_carea' id='block_1_1' title="bbox 733 363 2088 439">
    <p class='ocr_par' dir='ltr' id='par_1_1' title="bbox 733 363 2088 439">
     <span class='ocr_line' id='line_1_1' title="bbox 733 363 2088 439; baseline -0.001 -5"><span class='ocrx_word' id='word_1_1' title='bbox 733 385 800 434; x_wconf 85' lang='lat' dir='ltr'><strong>c.</strong></span> <span class='ocrx_word' id='word_1_2' title='bbox 847 380 1090 432; x_wconf 70' lang='lat' dir='ltr'><strong>enum</strong></span> <span class='ocrx_word' id='word_1_3' title='bbox 1130 379 1471 433; x_wconf 48' lang='lat' dir='ltr'><strong>‘suevum</strong></span> <span class='ocrx_word' id='word_1_4' title='bbox 1523 379 1810 439; x_wconf 56' lang='lat' dir='ltr'><strong>pauses</strong></span> <span class='ocrx_word' id='word_1_5' title='bbox 1874 379 1929 429; x_wconf 86' lang='lat'><strong>1.</strong></span> <span class='ocrx_word' id='word_1_6' title='bbox 1973 363 2088 432; x_wconf 80' lang='lat'><strong>20.</strong></span> 
     </span>
    </p>
   </div>
   <div class='ocr_carea' id='block_1_2' title="bbox 302 525 1405 4376">
    <p class='ocr_par' dir='ltr' id='par_1_2' title="bbox 302 525 1391 2894">
     <span class='ocr_line' id='line_1_2' title="bbox 303 525 1365 594; baseline -0.003 -15"><span class='ocrx_word' id='word_1_7' title='bbox 303 528 556 593; x_wconf 71' lang='lat' dir='ltr'><strong>loquatur.</strong></span> <span class='ocrx_word' id='word_1_8' title='bbox 598 527 847 594; x_wconf 59' lang='lat' dir='ltr'><strong>Affectus</strong></span> <span class='ocrx_word' id='word_1_9' title='bbox 867 527 1028 592; x_wconf 78' lang='lat' dir='ltr'><strong>igitur</strong></span> <span class='ocrx_word' id='word_1_10' title='bbox 1048 525 1250 578; x_wconf 67' lang='lat' dir='ltr'><strong>castitas</strong></span> <span class='ocrx_word' id='word_1_11' title='bbox 1264 525 1365 577; x_wconf 86' lang='lat' dir='ltr'><strong>hoc</strong></span> 
     </span>
     <span class='ocr_line' id='line_1_3' title="bbox 306 604 1366 672; baseline -0.006 -13"><span class='ocrx_word' id='word_1_12' title='bbox 306 606 416 659; x_wconf 88' lang='lat' dir='ltr'><strong>loco</strong></span> <span class='ocrx_word' id='word_1_13' title='bbox 460 604 674 657; x_wconf 82' lang='lat' dir='ltr'><strong>videtur</strong></span> <span class='ocrx_word' id='word_1_14' title='bbox 727 606 1042 672; x_wconf 88' lang='lat' dir='ltr'><strong>simpliciter</strong></span> <span class='ocrx_word' id='word_1_15' title='bbox 1094 604 1199 655; x_wconf 89' lang='lat' dir='ltr'><strong>dici</strong></span> <span class='ocrx_word' id='word_1_16' title='bbox 1251 618 1366 657; x_wconf 87' lang='lat' dir='ltr'><strong>cas-</strong></span> 
     </span>
     <span class='ocr_line' id='line_1_4' title="bbox 302 677 1367 747; baseline -0.001 -15"><span class='ocrx_word' id='word_1_17' title='bbox 302 683 423 735; x_wconf 65' lang='lat' dir='ltr'><strong>titas</strong></span> <span class='ocrx_word' id='word_1_18' title='bbox 466 677 635 733; x_wconf 77' lang='lat' dir='ltr'><strong>mul&#39;to</strong></span> <span class='ocrx_word' id='word_1_19' title='bbox 675 683 851 734; x_wconf 80' lang='lat' dir='ltr'><strong>studio</strong></span> <span class='ocrx_word' id='word_1_20' title='bbox 905 680 1190 747; x_wconf 55' lang='lat' dir='ltr'><strong>acquisitu</strong></span> <span class='ocrx_word' id='word_1_21' title='bbox 1246 694 1367 731; x_wconf 86' lang='lat' dir='ltr'><strong>cum</strong></span> 
     </span>
     <span class='ocr_line' id='line_1_5' title="bbox 304 756 1366 823; baseline -0.003 -14"><span class='ocrx_word' id='word_1_22' title='bbox 304 758 505 818; x_wconf 78' lang='lat' dir='ltr'><strong>Plinius</strong></span> <span class='ocrx_word' id='word_1_23' title='bbox 534 760 591 809; x_wconf 82' lang='lat' dir='ltr'><strong>ei</strong></span> <span class='ocrx_word' id='word_1_24' title='bbox 624 774 727 810; x_wconf 89' lang='lat' dir='ltr'><strong>non</strong></span> <span class='ocrx_word' id='word_1_25' title='bbox 760 767 865 809; x_wconf 80' lang='lat' dir='ltr'><strong>tam</strong></span> <span class='ocrx_word' id='word_1_26' title='bbox 900 764 1131 823; x_wconf 82' lang='lat' dir='ltr'><strong>opponat</strong></span> <span class='ocrx_word' id='word_1_27' title='bbox 1152 756 1366 808; x_wconf 77' lang='lat' dir='ltr'><strong>castita-</strong></span> 
     </span>
     <span class='ocr_line' id='line_1_6' title="bbox 305 835 1370 901; baseline -0.003 -15"><span class='ocrx_word' id='word_1_28' title='bbox 305 842 408 886; x_wconf 87' lang='lat' dir='ltr'><strong>tem</strong></span> <span class='ocrx_word' id='word_1_29' title='bbox 432 851 626 895; x_wconf 80' lang='lat' dir='ltr'><strong>veram,</strong></span> <span class='ocrx_word' id='word_1_30' title='bbox 659 840 812 901; x_wconf 73' lang='lat' dir='ltr'><strong>quarn</strong></span> <span class='ocrx_word' id='word_1_31' title='bbox 841 836 1126 900; x_wconf 68' lang='lat' dir='ltr'><strong>ingenitam</strong></span> <span class='ocrx_word' id='word_1_32' title='bbox 1149 844 1204 884; x_wconf 88' lang='lat' dir='ltr'><strong>et</strong></span> <span class='ocrx_word' id='word_1_33' title='bbox 1225 835 1370 883; x_wconf 79' lang='lat' dir='ltr'><strong>inus-</strong></span> 
     </span>
     <span class='ocr_line' id='line_1_7' title="bbox 309 909 1370 977; baseline -0.001 -16"><span class='ocrx_word' id='word_1_34' title='bbox 309 920 442 973; x_wconf 80' lang='lat' dir='ltr'><strong>tam3</strong></span> <span class='ocrx_word' id='word_1_35' title='bbox 477 920 571 963; x_wconf 87' lang='lat' dir='ltr'><strong>aut</strong></span> <span class='ocrx_word' id='word_1_36' title='bbox 606 928 724 977; x_wconf 73' lang='lat' dir='ltr'><strong>quae</strong></span> <span class='ocrx_word' id='word_1_37' title='bbox 765 914 781 942; x_wconf 86' lang='lat'>‘</span> <span class='ocrx_word' id='word_1_38' title='bbox 806 926 872 962; x_wconf 85' lang='lat' dir='ltr'><strong>ex</strong></span> <span class='ocrx_word' id='word_1_39' title='bbox 906 910 1282 962; x_wconf 79' lang='lat' dir='ltr'><strong>consuetudine</strong></span> <span class='ocrx_word' id='word_1_40' title='bbox 1313 909 1370 961; x_wconf 90' lang='lat' dir='ltr'><strong>in</strong></span> 
     </span>
     <span class='ocr_line' id='line_1_8' title="bbox 305 987 1372 1052; baseline -0.003 -11"><span class='ocrx_word' id='word_1_41' title='bbox 305 995 546 1041; x_wconf 81' lang='lat' dir='ltr'><strong>naturam</strong></span> <span class='ocrx_word' id='word_1_42' title='bbox 572 990 736 1040; x_wconf 85' lang='lat' dir='ltr'><strong>vertit</strong></span> <span class='ocrx_word' id='word_1_43' title='bbox 753 988 788 1052; x_wconf 74' lang='grc' dir='ltr'><strong>ς’</strong></span> <span class='ocrx_word' id='word_1_44' title='bbox 809 996 869 1039; x_wconf 94' lang='lat' dir='ltr'><strong>ut</strong></span> <span class='ocrx_word' id='word_1_45' title='bbox 891 991 965 1039; x_wconf 89' lang='lat' dir='ltr'><strong>sic</strong></span> <span class='ocrx_word' id='word_1_46' title='bbox 984 1003 1100 1039; x_wconf 89' lang='lat' dir='ltr'><strong>cnm</strong></span> <span class='ocrx_word' id='word_1_47' title='bbox 1122 987 1372 1039; x_wconf 84' lang='lat' dir='ltr'><strong>Sallustio</strong></span> 
     </span>
     <span class='ocr_line' id='line_1_9' title="bbox 308 1065 1372 1131; baseline 0.003 -17"><span class='ocrx_word' id='word_1_48' title='bbox 308 1065 509 1130; x_wconf 72' lang='lat' dir='ltr'><strong>loquar,</strong></span> <span class='ocrx_word' id='word_1_49' title='bbox 537 1066 661 1131; x_wconf 75' lang='lat' dir='ltr'><strong>Jug.</strong></span> <span class='ocrx_word' id='word_1_50' title='bbox 685 1080 801 1130; x_wconf 79' lang='lat' dir='ltr'><strong>cap.</strong></span> <span class='ocrx_word' id='word_1_51' title='bbox 824 1069 907 1117; x_wconf 84' lang='lat'><strong>85.</strong></span> <span class='ocrx_word' id='word_1_52' title='bbox 973 1068 1160 1130; x_wconf 80' lang='lat' dir='ltr'>Neque</span> <span class='ocrx_word' id='word_1_53' title='bbox 1192 1073 1372 1117; x_wconf 80' lang='lat' dir='ltr'><strong>tamen</strong></span> 
     </span>
     <span class='ocr_line' id='line_1_10' title="bbox 306 1143 1374 1209; baseline 0 -16"><span class='ocrx_word' id='word_1_54' title='bbox 306 1157 686 1207; x_wconf 73' lang='lat' dir='ltr'><strong>repugnavero,</strong></span> <span class='ocrx_word' id='word_1_55' title='bbox 709 1144 752 1193; x_wconf 88' lang='lat' dir='ltr'><strong>si</strong></span> <span class='ocrx_word' id='word_1_56' title='bbox 774 1144 886 1208; x_wconf 90' lang='lat' dir='ltr'><strong>quis</strong></span> <span class='ocrx_word' id='word_1_57' title='bbox 909 1143 1195 1203; x_wconf 84' lang='lat' dir='ltr'><strong>existimet,</strong></span> <span class='ocrx_word' id='word_1_58' title='bbox 1226 1143 1374 1209; x_wconf 78' lang='lat' dir='ltr'><strong>affec·</strong></span> 
     </span>
     <span class='ocr_line' id='line_1_11' title="bbox 307 1219 1376 1271; baseline 0 -1"><span class='ocrx_word' id='word_1_59' title='bbox 307 1224 451 1270; x_wconf 79' lang='lat' dir='ltr'><strong>tetam</strong></span> <span class='ocrx_word' id='word_1_60' title='bbox 484 1221 768 1270; x_wconf 77' lang='lat' dir='ltr'><strong>castitatem</strong></span> <span class='ocrx_word' id='word_1_61' title='bbox 800 1220 1006 1271; x_wconf 87' lang='lat' dir='ltr'><strong>omnino</strong></span> <span class='ocrx_word' id='word_1_62' title='bbox 1038 1221 1138 1270; x_wconf 86' lang='lat' dir='ltr'><strong>hoc</strong></span> <span class='ocrx_word' id='word_1_63' title='bbox 1174 1221 1288 1271; x_wconf 89' lang='lat' dir='ltr'><strong>loco</strong></span> <span class='ocrx_word' id='word_1_64' title='bbox 1320 1219 1376 1270; x_wconf 88' lang='lat' dir='ltr'><strong>in</strong></span> 
     </span>
     <span class='ocr_line' id='line_1_12' title="bbox 306 1295 1375 1361; baseline -0.002 -13"><span class='ocrx_word' id='word_1_65' title='bbox 306 1295 624 1348; x_wconf 79' lang='lat' dir='ltr'><strong>deteriorem</strong></span> <span class='ocrx_word' id='word_1_66' title='bbox 652 1304 854 1361; x_wconf 82' lang='lat' dir='ltr'><strong>partem</strong></span> <span class='ocrx_word' id='word_1_67' title='bbox 876 1297 1131 1361; x_wconf 83' lang='lat' dir='ltr'><strong>appellari</strong></span> <span class='ocrx_word' id='word_1_68' title='bbox 1164 1295 1375 1347; x_wconf 76' lang='lat' dir='ltr'><strong>castita-</strong></span> 
     </span>
     <span class='ocr_line' id='line_1_13' title="bbox 304 1375 1379 1441; baseline 0 -17"><span class='ocrx_word' id='word_1_69' title='bbox 304 1381 408 1437; x_wconf 68' lang='lat' dir='ltr'><strong>tem</strong></span> <span class='ocrx_word' id='word_1_70' title='bbox 444 1375 777 1425; x_wconf 73' lang='lat' dir='ltr'><strong>ambitiosius</strong></span> <span class='ocrx_word' id='word_1_71' title='bbox 820 1376 1161 1437; x_wconf 78' lang='lat' dir='ltr'><strong>accersitam3</strong></span> <span class='ocrx_word' id='word_1_72' title='bbox 1205 1390 1379 1441; x_wconf 85' lang='lat' dir='ltr'><strong>quam,</strong></span> 
     </span>
     <span class='ocr_line' id='line_1_14' title="bbox 302 1452 1377 1518; baseline -0.001 -14"><span class='ocrx_word' id='word_1_73' title='bbox 302 1460 550 1518; x_wconf 78' lang='lat' dir='ltr'><strong>tanquam</strong></span> <span class='ocrx_word' id='word_1_74' title='bbox 576 1452 757 1503; x_wconf 80' lang='lat' dir='ltr'><strong>fictam</strong></span> <span class='ocrx_word' id='word_1_75' title='bbox 790 1461 847 1504; x_wconf 84' lang='lat' dir='ltr'><strong>et</strong></span> <span class='ocrx_word' id='word_1_76' title='bbox 878 1454 1236 1518; x_wconf 78' lang='lat' dir='ltr'><strong>compositam,</strong></span> <span class='ocrx_word' id='word_1_77' title='bbox 1259 1467 1377 1504; x_wconf 87' lang='lat' dir='ltr'><strong>cum</strong></span> 
     </span>
     <span class='ocr_line' id='line_1_15' title="bbox 305 1530 1377 1595; baseline 0 -15"><span class='ocrx_word' id='word_1_78' title='bbox 305 1536 487 1595; x_wconf 73' lang='lat' dir='ltr'><strong>natura</strong></span> <span class='ocrx_word' id='word_1_79' title='bbox 523 1530 602 1580; x_wconf 83' lang='lat' dir='ltr'><strong>ad</strong></span> <span class='ocrx_word' id='word_1_80' title='bbox 636 1530 904 1581; x_wconf 84' lang='lat' dir='ltr'><strong>libidinem</strong></span> <span class='ocrx_word' id='word_1_81' title='bbox 939 1531 1246 1595; x_wconf 72' lang='lat' dir='ltr'><strong>pronissime</strong></span> <span class='ocrx_word' id='word_1_82' title='bbox 1274 1545 1377 1581; x_wconf 89' lang='lat' dir='ltr'><strong>non</strong></span> 
     </span>
     <span class='ocr_line' id='line_1_16' title="bbox 306 1605 1384 1672; baseline -0.005 -13"><span class='ocrx_word' id='word_1_83' title='bbox 306 1606 609 1664; x_wconf 75' lang='lat' dir='ltr'><strong>convenire,</strong></span> <span class='ocrx_word' id='word_1_84' title='bbox 648 1605 805 1657; x_wconf 77' lang='lat' dir='ltr'><strong>facile</strong></span> <span class='ocrx_word' id='word_1_85' title='bbox 850 1612 1138 1672; x_wconf 79' lang='lat' dir='ltr'><strong>appareat:</strong></span> <span class='ocrx_word' id='word_1_86' title='bbox 1188 1613 1247 1657; x_wconf 86' lang='lat' dir='ltr'><strong>ut</strong></span> <span class='ocrx_word' id='word_1_87' title='bbox 1288 1607 1384 1669; x_wconf 82' lang='lat' dir='ltr'><strong>its,</strong></span> 
     </span>
     <span class='ocr_line' id='line_1_17' title="bbox 307 1683 1380 1752; baseline 0 -19"><span class='ocrx_word' id='word_1_88' title='bbox 307 1691 501 1752; x_wconf 76' lang='lat' dir='ltr'><strong>praeter</strong></span> <span class='ocrx_word' id='word_1_89' title='bbox 549 1684 688 1735; x_wconf 80' lang='lat' dir='ltr'><strong>alios</strong></span> <span class='ocrx_word' id='word_1_90' title='bbox 733 1684 1026 1749; x_wconf 71' lang='lat' dir='ltr'><strong>principes,</strong></span> <span class='ocrx_word' id='word_1_91' title='bbox 1069 1683 1380 1748; x_wconf 79' lang='lat' dir='ltr'><strong>respiciatur</strong></span> 
     </span>
     <span class='ocr_line' id='line_1_18' title="bbox 308 1761 1382 1834; baseline 0 -23"><span class='ocrx_word' id='word_1_92' title='bbox 308 1762 634 1834; x_wconf 79' lang='lat' dir='ltr'><strong>potissimum</strong></span> <span class='ocrx_word' id='word_1_93' title='bbox 673 1762 1035 1823; x_wconf 77' lang='lat' dir='ltr'><strong>Domitianus3</strong></span> <span class='ocrx_word' id='word_1_94' title='bbox 1078 1761 1167 1827; x_wconf 89' lang='lat' dir='ltr'><strong>qui</strong></span> <span class='ocrx_word' id='word_1_95' title='bbox 1205 1774 1382 1825; x_wconf 82' lang='lat' dir='ltr'><strong>quam·</strong></span> 
     </span>
     <span class='ocr_line' id='line_1_19' title="bbox 312 1836 1383 1903; baseline -0.001 -15"><span class='ocrx_word' id='word_1_96' title='bbox 312 1839 402 1903; x_wconf 81' lang='lat' dir='ltr'><strong>vis,</strong></span> <span class='ocrx_word' id='word_1_97' title='bbox 425 1839 778 1890; x_wconf 73' lang='lat' dir='ltr'><strong>contrectatis</strong></span> <span class='ocrx_word' id='word_1_98' title='bbox 801 1840 1077 1888; x_wconf 87' lang='lat' dir='ltr'><strong>multorum</strong></span> <span class='ocrx_word' id='word_1_99' title='bbox 1113 1836 1383 1899; x_wconf 82' lang='lat' dir='ltr'><strong>uxoribus,</strong></span> 
     </span>
     <span class='ocr_line' id='line_1_20' title="bbox 313 1913 1384 1980; baseline -0.003 -13"><span class='ocrx_word' id='word_1_100' title='bbox 313 1915 441 1967; x_wconf 76' lang='lat' dir='ltr'><strong>clem</strong></span> <span class='ocrx_word' id='word_1_101' title='bbox 459 1916 746 1980; x_wconf 77' lang='lat' dir='ltr'><strong>palamque</strong></span> <span class='ocrx_word' id='word_1_102' title='bbox 763 1913 1090 1979; x_wconf 74' lang='lat' dir='ltr'><strong>profanasset</strong></span> <span class='ocrx_word' id='word_1_103' title='bbox 1106 1914 1384 1978; x_wconf 78' lang='lat' dir='ltr'><strong>pudorem3</strong></span> 
     </span>
     <span class='ocr_line' id='line_1_21' title="bbox 315 1990 1384 2060; baseline 0.002 -19"><span class='ocrx_word' id='word_1_104' title='bbox 315 1990 520 2042; x_wconf 79' lang='lat' dir='ltr'><strong>videtur</strong></span> <span class='ocrx_word' id='word_1_105' title='bbox 560 2000 739 2045; x_wconf 77' lang='lat' dir='ltr'><strong>tamen</strong></span> <span class='ocrx_word' id='word_1_106' title='bbox 773 1991 1045 2060; x_wconf 75' lang='lat' dir='ltr'><strong>affectasse</strong></span> <span class='ocrx_word' id='word_1_107' title='bbox 1079 1992 1292 2057; x_wconf 79' lang='lat' dir='ltr'><strong>gloriam</strong></span> <span class='ocrx_word' id='word_1_108' title='bbox 1317 2006 1384 2050; x_wconf 74' lang='lat' dir='ltr'><strong>cx</strong></span> 
     </span>
     <span class='ocr_line' id='line_1_22' title="bbox 306 2068 1377 2133; baseline 0.003 -16"><span class='ocrx_word' id='word_1_109' title='bbox 306 2068 525 2133; x_wconf 64' lang='lat' dir='ltr'><strong>justitiae</strong></span> <span class='ocrx_word' id='word_1_110' title='bbox 555 2076 615 2118; x_wconf 87' lang='lat' dir='ltr'><strong>et</strong></span> <span class='ocrx_word' id='word_1_111' title='bbox 638 2069 896 2120; x_wconf 76' lang='lat' dir='ltr'><strong>castitatis</strong></span> <span class='ocrx_word' id='word_1_112' title='bbox 929 2070 1138 2120; x_wconf 72' lang='lat' dir='ltr'><strong>tuendae</strong></span> <span class='ocrx_word' id='word_1_113' title='bbox 1171 2069 1377 2121; x_wconf 84' lang='lat' dir='ltr'><strong>studio:</strong></span> 
     </span>
     <span class='ocr_line' id='line_1_23' title="bbox 314 2146 1384 2211; baseline 0.001 -16"><span class='ocrx_word' id='word_1_114' title='bbox 314 2160 443 2211; x_wconf 81' lang='lat' dir='ltr'><strong>cum,</strong></span> <span class='ocrx_word' id='word_1_115' title='bbox 463 2153 612 2197; x_wconf 84' lang='lat' dir='ltr'><strong>teste</strong></span> <span class='ocrx_word' id='word_1_116' title='bbox 634 2147 852 2197; x_wconf 81' lang='lat' dir='ltr'><strong>Sueten.</strong></span> <span class='ocrx_word' id='word_1_117' title='bbox 879 2161 997 2211; x_wconf 89' lang='lat' dir='ltr'><strong>cap.</strong></span> <span class='ocrx_word' id='word_1_118' title='bbox 1021 2150 1071 2197; x_wconf 81' lang='lat'><strong>8.</strong></span> <span class='ocrx_word' id='word_1_119' title='bbox 1102 2147 1118 2174; x_wconf 91' lang='lat'>‘</span> <span class='ocrx_word' id='word_1_120' title='bbox 1139 2146 1384 2211; x_wconf 83' lang='lat' dir='ltr'><strong>Equitem</strong></span> 
     </span>
     <span class='ocr_line' id='line_1_24' title="bbox 316 2222 1385 2275; baseline -0.001 -1"><span class='ocrx_word' id='word_1_121' title='bbox 316 2223 461 2274; x_wconf 86' lang='lat' dir='ltr'><strong>Rom.</strong></span> <span class='ocrx_word' id='word_1_122' title='bbox 499 2223 578 2275; x_wconf 90' lang='lat' dir='ltr'><strong>ob</strong></span> <span class='ocrx_word' id='word_1_123' title='bbox 610 2222 881 2274; x_wconf 87' lang='lat' dir='ltr'><strong>reductam</strong></span> <span class='ocrx_word' id='word_1_124' title='bbox 915 2225 966 2275; x_wconf 91' lang='lat' dir='ltr'><strong>in</strong></span> <span class='ocrx_word' id='word_1_125' title='bbox 1002 2222 1385 2274; x_wconf 70' lang='lat' dir='ltr'><strong>matrimonium</strong></span> 
     </span>
     <span class='ocr_line' id='line_1_25' title="bbox 318 2301 1387 2364; baseline -0.002 -10"><span class='ocrx_word' id='word_1_126' title='bbox 318 2315 551 2364; x_wconf 82' lang='lat' dir='ltr'><strong>uxorem,</strong></span> <span class='ocrx_word' id='word_1_127' title='bbox 571 2301 657 2350; x_wconf 91' lang='lat' dir='ltr'><strong>cui</strong></span> <span class='ocrx_word' id='word_1_128' title='bbox 681 2301 901 2352; x_wconf 82' lang='lat' dir='ltr'><strong>dimissae</strong></span> <span class='ocrx_word' id='word_1_129' title='bbox 923 2301 1167 2351; x_wconf 82' lang='lat' dir='ltr'><strong>adulterii</strong></span> <span class='ocrx_word' id='word_1_130' title='bbox 1189 2302 1387 2352; x_wconf 86' lang='lat' dir='ltr'><strong>crimen</strong></span> 
     </span>
     <span class='ocr_line' id='line_1_26' title="bbox 314 2376 1388 2442; baseline -0.002 -11"><span class='ocrx_word' id='word_1_131' title='bbox 314 2377 641 2441; x_wconf 80' lang='lat' dir='ltr'><strong>intenderat,</strong></span> <span class='ocrx_word' id='word_1_132' title='bbox 656 2378 816 2428; x_wconf 79' lang='lat' dir='ltr'><strong>erasit</strong></span> <span class='ocrx_word' id='word_1_133' title='bbox 818 2377 1055 2442; x_wconf 86' lang='lat' dir='ltr'><strong>judicum</strong></span> <span class='ocrx_word' id='word_1_134' title='bbox 1072 2377 1218 2429; x_wconf 82' lang='lat' dir='ltr'><strong>albo:</strong></span> <span class='ocrx_word' id='word_1_135' title='bbox 1235 2376 1388 2442; x_wconf 71' lang='lat' dir='ltr'><strong>quos·</strong></span> 
     </span>
     <span class='ocr_line' id='line_1_27' title="bbox 314 2452 1388 2519; baseline -0.002 -13"><span class='ocrx_word' id='word_1_136' title='bbox 314 2452 427 2507; x_wconf 76' lang='lat' dir='ltr'><strong>dam</strong></span> <span class='ocrx_word' id='word_1_137' title='bbox 445 2460 764 2519; x_wconf 84' lang='lat' dir='ltr'><strong>ex.utroque</strong></span> <span class='ocrx_word' id='word_1_138' title='bbox 787 2452 990 2515; x_wconf 79' lang='lat' dir='ltr'><strong>ordine,</strong></span> <span class='ocrx_word' id='word_1_139' title='bbox 1007 2456 1123 2518; x_wconf 74' lang='lat' dir='ltr'><strong>lege</strong></span> <span class='ocrx_word' id='word_1_140' title='bbox 1138 2454 1388 2513; x_wconf 82' lang='lat' dir='ltr'><strong>Scatinia,</strong></span> 
     </span>
     <span class='ocr_line' id='line_1_28' title="bbox 315 2530 1388 2597; baseline 0.006 -18"><span class='ocrx_word' id='word_1_141' title='bbox 315 2531 366 2580; x_wconf 84' lang='lat' dir='ltr'><strong>in</strong></span> <span class='ocrx_word' id='word_1_142' title='bbox 397 2531 511 2581; x_wconf 85' lang='lat' dir='ltr'><strong>illos</strong></span> <span class='ocrx_word' id='word_1_143' title='bbox 547 2532 682 2594; x_wconf 84' lang='lat' dir='ltr'><strong>lata,</strong></span> <span class='ocrx_word' id='word_1_144' title='bbox 711 2530 796 2597; x_wconf 91' lang='lat' dir='ltr'><strong>qui</strong></span> <span class='ocrx_word' id='word_1_145' title='bbox 833 2531 1137 2596; x_wconf 80' lang='lat' dir='ltr'><strong>pudicitiam</strong></span> <span class='ocrx_word' id='word_1_146' title='bbox 1174 2532 1388 2585; x_wconf 71' lang='lat' dir='ltr'><strong>alterius</strong></span> 
     </span>
     <span class='ocr_line' id='line_1_29' title="bbox 315 2607 1388 2673; baseline 0.001 -17"><span class='ocrx_word' id='word_1_147' title='bbox 315 2607 685 2670; x_wconf 74' lang='lat' dir='ltr'><strong>solicitassent,</strong></span> <span class='ocrx_word' id='word_1_148' title='bbox 701 2607 782 2656; x_wconf 83' lang='lat' dir='ltr'><strong>vel</strong></span> <span class='ocrx_word' id='word_1_149' title='bbox 806 2622 949 2657; x_wconf 81' lang='lat' dir='ltr'><strong>suam</strong></span> <span class='ocrx_word' id='word_1_150' title='bbox 975 2608 1388 2673; x_wconf 86' lang='lat' dir='ltr'><strong>prostituissent,</strong></span> 
     </span>
     <span class='ocr_line' id='line_1_30' title="bbox 318 2685 1389 2747; baseline -0.001 -13"><span class='ocrx_word' id='word_1_151' title='bbox 318 2686 720 2747; x_wconf 77' lang='lat' dir='ltr'><strong>condemnavit3</strong></span> <span class='ocrx_word' id='word_1_152' title='bbox 752 2685 954 2737; x_wconf 85' lang='lat' dir='ltr'><strong>incesta</strong></span> <span class='ocrx_word' id='word_1_153' title='bbox 974 2687 1265 2739; x_wconf 73' lang='lat' dir='ltr'><strong>Vestalium</strong></span> <span class='ocrx_word' id='word_1_154' title='bbox 1290 2688 1389 2737; x_wconf 79' lang='lat' dir='ltr'><strong>vir-</strong></span> 
     </span>
     <span class='ocr_line' id='line_1_31' title="bbox 316 2761 1391 2824; baseline 0.006 -14"><span class='ocrx_word' id='word_1_155' title='bbox 316 2762 487 2824; x_wconf 72' lang='lat' dir='ltr'><strong>ginum</strong></span> <span class='ocrx_word' id='word_1_156' title='bbox 554 2762 701 2813; x_wconf 84' lang='lat' dir='ltr'><strong>varie</strong></span> <span class='ocrx_word' id='word_1_157' title='bbox 752 2777 816 2814; x_wconf 83' lang='lat' dir='ltr'><strong>ac</strong></span> <span class='ocrx_word' id='word_1_158' title='bbox 873 2777 1056 2815; x_wconf 77' lang='lat' dir='ltr'><strong>severe</strong></span> <span class='ocrx_word' id='word_1_159' title='bbox 1118 2761 1391 2817; x_wconf 57' lang='lat' dir='ltr'><strong>coercuit?⁴</strong></span> 
     </span>
     <span class='ocr_line' id='line_1_32' title="bbox 315 2838 576 2894; baseline -0.023 0"><span class='ocrx_word' id='word_1_160' title='bbox 315 2838 576 2894; x_wconf 65' lang='lat' dir='ltr'><strong>,Salamas-2.</strong></span> 
     </span>
    </p>

    <p class='ocr_par' dir='ltr' id='par_1_3' title="bbox 312 2915 1394 3359">
     <span class='ocr_line' id='line_1_33' title="bbox 312 2915 1390 2982; baseline 0.005 -20"><span class='ocrx_word' id='word_1_161' title='bbox 312 2958 319 2962; x_wconf 89' lang='grc'>.</span> <span class='ocrx_word' id='word_1_162' title='bbox 379 2916 592 2980; x_wconf 68' lang='lat' dir='ltr'><strong>lunata]</strong></span> <span class='ocrx_word' id='word_1_163' title='bbox 625 2915 979 2980; x_wconf 86' lang='lat' dir='ltr'><strong>Script.1·1ist.</strong></span> <span class='ocrx_word' id='word_1_164' title='bbox 998 2915 1137 2981; x_wconf 77' lang='lat' dir='ltr'><strong>Aug.</strong></span> <span class='ocrx_word' id='word_1_165' title='bbox 1159 2917 1227 2967; x_wconf 88' lang='lat' dir='ltr'><strong>de</strong></span> <span class='ocrx_word' id='word_1_166' title='bbox 1242 2917 1390 2982; x_wconf 76' lang='lat' dir='ltr'><strong>Trsj.</strong></span> 
     </span>
     <span class='ocr_line' id='line_1_34' title="bbox 322 2991 1389 3058; baseline 0.002 -15"><span class='ocrx_word' id='word_1_167' title='bbox 322 2998 337 3029; x_wconf 84' lang='lat'><strong>‘-</strong></span> <span class='ocrx_word' id='word_1_168' title='bbox 355 2991 639 3043; x_wconf 74' lang='lat' dir='ltr'><strong>Amor-ibus</strong></span> <span class='ocrx_word' id='word_1_169' title='bbox 657 2993 863 3056; x_wconf 88' lang='lat' dir='ltr'><strong>quidem</strong></span> <span class='ocrx_word' id='word_1_170' title='bbox 882 3008 1157 3058; x_wconf 87' lang='lat' dir='ltr'><strong>puerorum</strong></span> <span class='ocrx_word' id='word_1_171' title='bbox 1180 2993 1279 3046; x_wconf 89' lang='lat' dir='ltr'><strong>fuit</strong></span> <span class='ocrx_word' id='word_1_172' title='bbox 1300 2995 1389 3045; x_wconf 84' lang='lat' dir='ltr'><strong>de-</strong></span> 
     </span>
     <span class='ocr_line' id='line_1_35' title="bbox 323 3067 1392 3128; baseline 0.005 -9"><span class='ocrx_word' id='word_1_173' title='bbox 323 3067 479 3128; x_wconf 84' lang='lat' dir='ltr'><strong>ditus,</strong></span> <span class='ocrx_word' id='word_1_174' title='bbox 500 3069 599 3120; x_wconf 83' lang='lat' dir='ltr'><strong>sed</strong></span> <span class='ocrx_word' id='word_1_175' title='bbox 632 3069 759 3119; x_wconf 85' lang='lat' dir='ltr'><strong>nihil</strong></span> <span class='ocrx_word' id='word_1_176' title='bbox 783 3070 852 3119; x_wconf 91' lang='lat' dir='ltr'><strong>ob</strong></span> <span class='ocrx_word' id='word_1_177' title='bbox 875 3083 988 3120; x_wconf 81' lang='lat' dir='ltr'><strong>eam</strong></span> <span class='ocrx_word' id='word_1_178' title='bbox 1023 3085 1257 3122; x_wconf 82' lang='lat' dir='ltr'><strong>caussam</strong></span> <span class='ocrx_word' id='word_1_179' title='bbox 1283 3080 1392 3123; x_wconf 89' lang='lat' dir='ltr'><strong>tur·</strong></span> 
     </span>
     <span class='ocr_line' id='line_1_36' title="bbox 326 3145 1394 3213; baseline 0.006 -19"><span class='ocrx_word' id='word_1_180' title='bbox 326 3146 456 3209; x_wconf 90' lang='lat' dir='ltr'><strong>piter</strong></span> <span class='ocrx_word' id='word_1_181' title='bbox 478 3161 551 3197; x_wconf 83' lang='lat' dir='ltr'><strong>ac</strong></span> <span class='ocrx_word' id='word_1_182' title='bbox 576 3147 813 3212; x_wconf 87' lang='lat' dir='ltr'><strong>nequiter</strong></span> <span class='ocrx_word' id='word_1_183' title='bbox 840 3145 988 3209; x_wconf 80' lang='lat' dir='ltr'><strong>fecit,</strong></span> <span class='ocrx_word' id='word_1_184' title='bbox 1012 3163 1258 3213; x_wconf 80' lang='lat' dir='ltr'><strong>passusve</strong></span> <span class='ocrx_word' id='word_1_185' title='bbox 1292 3155 1394 3207; x_wconf 80' lang='lat' dir='ltr'><strong>est.</strong></span> 
     </span>
     <span class='ocr_line' id='line_1_37' title="bbox 326 3223 1393 3289; baseline 0 -14"><span class='ocrx_word' id='word_1_186' title='bbox 326 3238 471 3285; x_wconf 78' lang='lat' dir='ltr'><strong>quam</strong></span> <span class='ocrx_word' id='word_1_187' title='bbox 496 3223 570 3275; x_wconf 87' lang='lat' dir='ltr'><strong>ob</strong></span> <span class='ocrx_word' id='word_1_188' title='bbox 591 3239 699 3273; x_wconf 91' lang='lat' dir='ltr'><strong>rem</strong></span> <span class='ocrx_word' id='word_1_189' title='bbox 722 3224 848 3289; x_wconf 85' lang='lat' dir='ltr'><strong>jure</strong></span> <span class='ocrx_word' id='word_1_190' title='bbox 879 3223 1393 3288; x_wconf 85' lang='lat' dir='ltr'><strong>deprehenderetur.&#39;</strong></span> 
     </span>
     <span class='ocr_line' id='line_1_38' title="bbox 323 3300 476 3359; baseline 0 -7"><span class='ocrx_word' id='word_1_191' title='bbox 323 3300 476 3359; x_wconf 71' lang='lat' dir='ltr'><strong>Rern.</strong></span> 
     </span>
    </p>

    <p class='ocr_par' dir='ltr' id='par_1_4' title="bbox 327 3368 1394 3598">
     <span class='ocr_line' id='line_1_39' title="bbox 346 3368 1393 3441; baseline 0.001 -14"><span class='ocrx_word' id='word_1_192' title='bbox 346 3368 357 3373; x_wconf 59' lang='grc'><strong>”</strong></span> <span class='ocrx_word' id='word_1_193' title='bbox 392 3379 517 3437; x_wconf 78' lang='lat' dir='ltr'><strong>Quae</strong></span> <span class='ocrx_word' id='word_1_194' title='bbox 550 3376 788 3439; x_wconf 72' lang='lat' dir='ltr'><strong>imputare</strong></span> <span class='ocrx_word' id='word_1_195' title='bbox 815 3390 910 3426; x_wconf 75' lang='lat' dir='ltr'><strong>non</strong></span> <span class='ocrx_word' id='word_1_196' title='bbox 938 3375 1118 3441; x_wconf 81' lang='lat' dir='ltr'><strong>possis]</strong></span> <span class='ocrx_word' id='word_1_197' title='bbox 1151 3379 1225 3428; x_wconf 90' lang='lat' dir='ltr'><strong>Ut</strong></span> <span class='ocrx_word' id='word_1_198' title='bbox 1259 3377 1393 3429; x_wconf 90' lang='lat' dir='ltr'><strong>bene</strong></span> 
     </span>
     <span class='ocr_line' id='line_1_40' title="bbox 327 3450 1394 3520; baseline 0.007 -19"><span class='ocrx_word' id='word_1_199' title='bbox 327 3450 484 3518; x_wconf 66' lang='lat' dir='ltr'><strong>(scta,</strong></span> <span class='ocrx_word' id='word_1_200' title='bbox 508 3461 604 3505; x_wconf 84' lang='lat' dir='ltr'><strong>aut</strong></span> <span class='ocrx_word' id='word_1_201' title='bbox 625 3453 863 3505; x_wconf 82' lang='lat' dir='ltr'><strong>virtutes.</strong></span> <span class='ocrx_word' id='word_1_202' title='bbox 882 3508 889 3513; x_wconf 71' lang='grc'><em>,</em></span> <span class='ocrx_word' id='word_1_203' title='bbox 915 3455 1019 3505; x_wconf 81' lang='lat' dir='ltr'><strong>Vix</strong></span> <span class='ocrx_word' id='word_1_204' title='bbox 1039 3457 1177 3506; x_wconf 86' lang='lat' dir='ltr'><strong>enim</strong></span> <span class='ocrx_word' id='word_1_205' title='bbox 1192 3457 1394 3520; x_wconf 88' lang='lat' dir='ltr'><strong>judicio</strong></span> 
     </span>
     <span class='ocr_line' id='line_1_41' title="bbox 329 3529 1353 3598; baseline 0.006 -19"><span class='ocrx_word' id='word_1_206' title='bbox 329 3544 569 3597; x_wconf 81' lang='lat' dir='ltr'><strong>usurpas,</strong></span> <span class='ocrx_word' id='word_1_207' title='bbox 590 3529 682 3581; x_wconf 83' lang='lat' dir='ltr'><strong>sed</strong></span> <span class='ocrx_word' id='word_1_208' title='bbox 707 3536 909 3581; x_wconf 75' lang='lat' dir='ltr'><strong>naturae</strong></span> <span class='ocrx_word' id='word_1_209' title='bbox 931 3531 1196 3582; x_wconf 85' lang='lat' dir='ltr'><strong>instinctu.</strong></span> <span class='ocrx_word' id='word_1_210' title='bbox 1215 3533 1353 3598; x_wconf 74' lang='lat' dir='ltr'><strong>Ia&#39;ps.</strong></span> 
     </span>
    </p>

    <p class='ocr_par' dir='ltr' id='par_1_5' title="bbox 315 3606 1405 4376">
     <span class='ocr_line' id='line_1_42' title="bbox 392 3606 1395 3675; baseline 0.005 -17"><span class='ocrx_word' id='word_1_211' title='bbox 392 3606 666 3672; x_wconf 70' lang='lat' dir='ltr'><strong>Imputare]</strong></span> <span class='ocrx_word' id='word_1_212' title='bbox 716 3607 987 3670; x_wconf 87' lang='lat' dir='ltr'><strong>Imputare</strong></span> <span class='ocrx_word' id='word_1_213' title='bbox 1024 3615 1109 3663; x_wconf 88' lang='lat' dir='ltr'><strong>est</strong></span> <span class='ocrx_word' id='word_1_214' title='bbox 1148 3616 1395 3675; x_wconf 83' lang='lat' dir='ltr'><strong>tanquam</strong></span> 
     </span>
     <span class='ocr_line' id='line_1_43' title="bbox 331 3682 1397 3751; baseline 0 -14"><span class='ocrx_word' id='word_1_215' title='bbox 331 3682 424 3737; x_wconf 74' lang='lat' dir='ltr'><strong>sibi</strong></span> <span class='ocrx_word' id='word_1_216' title='bbox 448 3684 684 3734; x_wconf 87' lang='lat' dir='ltr'><strong>debitum</strong></span> <span class='ocrx_word' id='word_1_217' title='bbox 700 3683 924 3748; x_wconf 76' lang='lat' dir='ltr'><strong>jactare.</strong></span> <span class='ocrx_word' id='word_1_218' title='bbox 991 3685 1204 3737; x_wconf 78' lang='lat' dir='ltr'><strong>Jsctare</strong></span> <span class='ocrx_word' id='word_1_219' title='bbox 1237 3687 1397 3751; x_wconf 83' lang='lat' dir='ltr'><strong>igitur</strong></span> 
     </span>
     <span class='ocr_line' id='line_1_44' title="bbox 332 3758 1397 3827; baseline 0.004 -19"><span class='ocrx_word' id='word_1_220' title='bbox 332 3760 650 3817; x_wconf 82' lang='lat' dir='ltr'><strong>castitatem,</strong></span> <span class='ocrx_word' id='word_1_221' title='bbox 671 3758 861 3824; x_wconf 87' lang='lat' dir='ltr'><strong>inquit,</strong></span> <span class='ocrx_word' id='word_1_222' title='bbox 891 3774 991 3809; x_wconf 87' lang='lat' dir='ltr'><strong>non</strong></span> <span class='ocrx_word' id='word_1_223' title='bbox 1017 3768 1194 3824; x_wconf 87' lang='lat' dir='ltr'><strong>potest</strong></span> <span class='ocrx_word' id='word_1_224' title='bbox 1212 3762 1397 3827; x_wconf 82' lang='lat' dir='ltr'><strong>Traja-</strong></span> 
     </span>
     <span class='ocr_line' id='line_1_45' title="bbox 315 3835 1399 3899; baseline 0.003 -15"><span class='ocrx_word' id='word_1_225' title='bbox 315 3842 461 3897; x_wconf 54' lang='lat' dir='ltr'><strong>*nus3</strong></span> <span class='ocrx_word' id='word_1_226' title='bbox 496 3835 620 3899; x_wconf 86' lang='lat' dir='ltr'><strong>quia</strong></span> <span class='ocrx_word' id='word_1_227' title='bbox 641 3837 758 3899; x_wconf 81' lang='lat' dir='ltr'><strong>ipsa</strong></span> <span class='ocrx_word' id='word_1_228' title='bbox 787 3836 840 3885; x_wconf 89' lang='lat' dir='ltr'><strong>in</strong></span> <span class='ocrx_word' id='word_1_229' title='bbox 865 3838 1049 3888; x_wconf 86' lang='lat' dir='ltr'><strong>eodem</strong></span> <span class='ocrx_word' id='word_1_230' title='bbox 1074 3853 1174 3887; x_wconf 88' lang='lat' dir='ltr'><strong>non</strong></span> <span class='ocrx_word' id='word_1_231' title='bbox 1196 3839 1399 3890; x_wconf 87' lang='lat' dir='ltr'><strong>virtutis</strong></span> 
     </span>
     <span class='ocr_line' id='line_1_46' title="bbox 328 3907 1398 3969; baseline 0.006 -8"><span class='ocrx_word' id='word_1_232' title='bbox 328 3913 574 3965; x_wconf 81' lang='lat' dir='ltr'><strong>meritum</strong></span> <span class='ocrx_word' id='word_1_233' title='bbox 595 3918 694 3969; x_wconf 89' lang='lat' dir='ltr'><strong>est,</strong></span> <span class='ocrx_word' id='word_1_234' title='bbox 718 3912 813 3962; x_wconf 88' lang='lat' dir='ltr'><strong>sed</strong></span> <span class='ocrx_word' id='word_1_235' title='bbox 832 3920 1036 3964; x_wconf 78' lang='lat' dir='ltr'><strong>naturae</strong></span> <span class='ocrx_word' id='word_1_236' title='bbox 1060 3907 1260 3966; x_wconf 86' lang='lat' dir='ltr'><strong>munus.</strong></span> <span class='ocrx_word' id='word_1_237' title='bbox 1298 3916 1398 3967; x_wconf 80' lang='lat' dir='ltr'><strong>Pa-</strong></span> 
     </span>
     <span class='ocr_line' id='line_1_47' title="bbox 336 3990 475 4041; baseline -0.007 0"><span class='ocrx_word' id='word_1_238' title='bbox 336 3990 475 4041; x_wconf 71' lang='lat' dir='ltr'><strong>turcl.</strong></span> 
     </span>
     <span class='ocr_line' id='line_1_48' title="bbox 332 4064 1401 4130; baseline 0.003 -16"><span class='ocrx_word' id='word_1_239' title='bbox 332 4112 341 4122; x_wconf 72' lang='grc'><strong>,</strong></span> <span class='ocrx_word' id='word_1_240' title='bbox 404 4064 526 4123; x_wconf 81' lang='lat' dir='ltr'><strong>Quoe</strong></span> <span class='ocrx_word' id='word_1_241' title='bbox 549 4064 788 4128; x_wconf 73' lang='lat' dir='ltr'><strong>imputare</strong></span> <span class='ocrx_word' id='word_1_242' title='bbox 803 4080 898 4117; x_wconf 79' lang='lat' dir='ltr'><strong>non</strong></span> <span class='ocrx_word' id='word_1_243' title='bbox 913 4065 1089 4130; x_wconf 78' lang='lat' dir='ltr'><strong>possis]</strong></span> <span class='ocrx_word' id='word_1_244' title='bbox 1122 4066 1194 4117; x_wconf 87' lang='grc' dir='ltr'><strong>Η.</strong></span> <span class='ocrx_word' id='word_1_245' title='bbox 1219 4083 1269 4119; x_wconf 83' lang='lat' dir='ltr'><strong>e.</strong></span> <span class='ocrx_word' id='word_1_246' title='bbox 1291 4083 1401 4120; x_wconf 79' lang='lat' dir='ltr'><strong>cas·</strong></span> 
     </span>
     <span class='ocr_line' id='line_1_49' title="bbox 340 4140 1403 4208; baseline 0.008 -19"><span class='ocrx_word' id='word_1_247' title='bbox 340 4140 540 4190; x_wconf 80' lang='lat' dir='ltr'><strong>titatem</strong></span> <span class='ocrx_word' id='word_1_248' title='bbox 568 4156 671 4191; x_wconf 87' lang='lat' dir='ltr'><strong>uon</strong></span> <span class='ocrx_word' id='word_1_249' title='bbox 694 4143 851 4192; x_wconf 81' lang='lat' dir='ltr'><strong>habes</strong></span> <span class='ocrx_word' id='word_1_250' title='bbox 883 4143 1021 4194; x_wconf 87' lang='lat' dir='ltr'><strong>inter</strong></span> <span class='ocrx_word' id='word_1_251' title='bbox 1040 4159 1103 4193; x_wconf 87' lang='lat' dir='ltr'><strong>ea</strong></span> <span class='ocrx_word' id='word_1_252' title='bbox 1125 4145 1403 4208; x_wconf 67' lang='lat' dir='ltr'><strong>singularia</strong></span> 
     </span>
     <span class='ocr_line' id='line_1_50' title="bbox 344 4215 1403 4286; baseline 0.007 -20"><span class='ocrx_word' id='word_1_253' title='bbox 344 4215 614 4280; x_wconf 79' lang='lat' dir='ltr'><strong>beneficia,</strong></span> <span class='ocrx_word' id='word_1_254' title='bbox 654 4219 838 4281; x_wconf 84' lang='lat' dir='ltr'><strong>quibus</strong></span> <span class='ocrx_word' id='word_1_255' title='bbox 887 4220 981 4270; x_wconf 89' lang='lat' dir='ltr'><strong>tibi</strong></span> <span class='ocrx_word' id='word_1_256' title='bbox 1023 4221 1226 4286; x_wconf 77' lang='lat' dir='ltr'><strong>obliges</strong></span> <span class='ocrx_word' id='word_1_257' title='bbox 1273 4238 1403 4274; x_wconf 84' lang='lat' dir='ltr'><strong>rem·</strong></span> 
     </span>
     <span class='ocr_line' id='line_1_51' title="bbox 344 4295 1405 4376; baseline 0.008 -30"><span class='ocrx_word' id='word_1_258' title='bbox 344 4295 622 4376; x_wconf 67' lang='lat' dir='ltr'><strong>publicam,</strong></span> <span class='ocrx_word' id='word_1_259' title='bbox 659 4306 717 4349; x_wconf 88' lang='lat' dir='ltr'><strong>ut</strong></span> <span class='ocrx_word' id='word_1_260' title='bbox 756 4298 875 4350; x_wconf 86' lang='lat' dir='ltr'><strong>iude</strong></span> <span class='ocrx_word' id='word_1_261' title='bbox 916 4300 1141 4366; x_wconf 73' lang='lat' dir='ltr'><strong>gratiam</strong></span> <span class='ocrx_word' id='word_1_262' title='bbox 1170 4301 1405 4357; x_wconf 76' lang='lat' dir='ltr'><strong>laudem·</strong></span> 
     </span>
    </p>
   </div>
   <div class='ocr_carea' id='block_1_3' title="bbox 2368 362 2506 439">
    <p class='ocr_par' dir='ltr' id='par_1_6' title="bbox 2368 362 2506 439">
     <span class='ocr_line' id='line_1_52' title="bbox 2368 362 2506 439; baseline -0.029 -2"><span class='ocrx_word' id='word_1_263' title='bbox 2368 362 2506 439; x_wconf 71' lang='lat'><strong>51⁵</strong></span> 
     </span>
    </p>
   </div>
   <div class='ocr_carea' id='block_1_4' title="bbox 1437 520 2548 4370">
    <p class='ocr_par' dir='ltr' id='par_1_7' title="bbox 1437 520 2548 4370">
     <span class='ocr_line' id='line_1_53' title="bbox 1437 520 2510 592; baseline -0.004 -16"><span class='ocrx_word' id='word_1_264' title='bbox 1437 539 1544 592; x_wconf 85' lang='lat' dir='ltr'><strong>que</strong></span> <span class='ocrx_word' id='word_1_265' title='bbox 1565 523 1790 590; x_wconf 72' lang='lat' dir='ltr'><strong>refer-⁸⁸3</strong></span> <span class='ocrx_word' id='word_1_266' title='bbox 1824 529 2009 591; x_wconf 87' lang='lat' dir='ltr'><strong>utpote</strong></span> <span class='ocrx_word' id='word_1_267' title='bbox 2036 537 2156 591; x_wconf 77' lang='lat' dir='ltr'><strong>quae</strong></span> <span class='ocrx_word' id='word_1_268' title='bbox 2180 523 2343 574; x_wconf 80' lang='lat' dir='ltr'><strong>virtus</strong></span> <span class='ocrx_word' id='word_1_269' title='bbox 2362 520 2510 583; x_wconf 67' lang='lat' dir='ltr'><strong>unns</strong></span> 
     </span>
     <span class='ocr_line' id='line_1_54' title="bbox 1440 599 2512 665; baseline -0.004 -11"><span class='ocrx_word' id='word_1_270' title='bbox 1440 602 1540 654; x_wconf 79' lang='lat' dir='ltr'><strong>tibi</strong></span> <span class='ocrx_word' id='word_1_271' title='bbox 1577 603 1757 654; x_wconf 73' lang='lat' dir='ltr'><strong>labore</strong></span> <span class='ocrx_word' id='word_1_272' title='bbox 1790 607 2017 665; x_wconf 85' lang='lat' dir='ltr'><strong>constat,</strong></span> <span class='ocrx_word' id='word_1_273' title='bbox 2039 600 2133 652; x_wconf 89' lang='lat' dir='ltr'><strong>sed</strong></span> <span class='ocrx_word' id='word_1_274' title='bbox 2165 606 2368 652; x_wconf 69' lang='lat' dir='ltr'><strong>naturae</strong></span> <span class='ocrx_word' id='word_1_275' title='bbox 2389 599 2512 653; x_wconf 77' lang='lat' dir='ltr'><strong>feli-</strong></span> 
     </span>
     <span class='ocr_line' id='line_1_55' title="bbox 1438 678 2512 742; baseline -0.002 -13"><span class='ocrx_word' id='word_1_276' title='bbox 1438 679 1603 729; x_wconf 84' lang='lat' dir='ltr'><strong>citate</strong></span> <span class='ocrx_word' id='word_1_277' title='bbox 1648 679 1770 729; x_wconf 73' lang='lat' dir='ltr'><strong>data</strong></span> <span class='ocrx_word' id='word_1_278' title='bbox 1812 686 1912 730; x_wconf 83' lang='lat' dir='ltr'><strong>est.</strong></span> <span class='ocrx_word' id='word_1_279' title='bbox 1978 678 2208 730; x_wconf 82' lang='lat' dir='ltr'><strong>Verbum</strong></span> <span class='ocrx_word' id='word_1_280' title='bbox 2253 678 2512 742; x_wconf 68' lang='lat' dir='ltr'><strong>inputare,</strong></span> 
     </span>
     <span class='ocr_line' id='line_1_56' title="bbox 1444 754 2514 819; baseline -0.001 -14"><span class='ocrx_word' id='word_1_281' title='bbox 1444 754 1683 806; x_wconf 89' lang='lat' dir='ltr'><strong>absolute</strong></span> <span class='ocrx_word' id='word_1_282' title='bbox 1724 757 1972 819; x_wconf 84' lang='lat' dir='ltr'><strong>positum,</strong></span> <span class='ocrx_word' id='word_1_283' title='bbox 2006 761 2090 808; x_wconf 88' lang='lat' dir='ltr'><strong>est</strong></span> <span class='ocrx_word' id='word_1_284' title='bbox 2126 756 2285 813; x_wconf 81' lang='lat' dir='ltr'><strong>idem.</strong></span> <span class='ocrx_word' id='word_1_285' title='bbox 2318 770 2380 806; x_wconf 82' lang='lat' dir='ltr'><strong>ac</strong></span> <span class='ocrx_word' id='word_1_286' title='bbox 2415 755 2514 809; x_wconf 74' lang='lat' dir='ltr'><strong>ali-,-</strong></span> 
     </span>
     <span class='ocr_line' id='line_1_57' title="bbox 1441 832 2514 902; baseline -0.001 -18"><span class='ocrx_word' id='word_1_287' title='bbox 1441 834 1567 902; x_wconf 88' lang='lat' dir='ltr'><strong>quid</strong></span> <span class='ocrx_word' id='word_1_288' title='bbox 1609 833 1853 885; x_wconf 84' lang='lat' dir='ltr'><strong>beneficii</strong></span> <span class='ocrx_word' id='word_1_289' title='bbox 1891 835 2005 885; x_wconf 87' lang='lat' dir='ltr'><strong>loco</strong></span> <span class='ocrx_word' id='word_1_290' title='bbox 2043 834 2257 897; x_wconf 79' lang='lat' dir='ltr'><strong>bebere,</strong></span> <span class='ocrx_word' id='word_1_291' title='bbox 2291 841 2348 884; x_wconf 89' lang='lat' dir='ltr'><strong>et</strong></span> <span class='ocrx_word' id='word_1_292' title='bbox 2387 832 2514 893; x_wconf 78' lang='lat' dir='ltr'><strong>ideq</strong></span> 
     </span>
     <span class='ocr_line' id='line_1_58' title="bbox 1443 913 2513 980; baseline 0.005 -18"><span class='ocrx_word' id='word_1_293' title='bbox 1443 913 1674 978; x_wconf 76' lang='lat' dir='ltr'><strong>gloriari,</strong></span> <span class='ocrx_word' id='word_1_294' title='bbox 1709 921 1867 980; x_wconf 87' lang='lat' dir='ltr'><strong>atque</strong></span> <span class='ocrx_word' id='word_1_295' title='bbox 1900 915 2142 980; x_wconf 67' lang='lat' dir='ltr'><strong>gratiam,</strong></span> <span class='ocrx_word' id='word_1_296' title='bbox 2176 924 2267 966; x_wconf 82' lang='lat' dir='ltr'><strong>aut</strong></span> <span class='ocrx_word' id='word_1_297' title='bbox 2303 914 2513 967; x_wconf 80' lang='lat' dir='ltr'><strong>laudem</strong></span> 
     </span>
     <span class='ocr_line' id='line_1_59' title="bbox 1445 991 2516 1059; baseline 0.001 -18"><span class='ocrx_word' id='word_1_298' title='bbox 1445 992 1739 1057; x_wconf 80' lang='lat' dir='ltr'><strong>postulsre3</strong></span> <span class='ocrx_word' id='word_1_299' title='bbox 1774 991 1919 1056; x_wconf 87' lang='lat' dir='ltr'><strong>cujus</strong></span> <span class='ocrx_word' id='word_1_300' title='bbox 1943 993 2089 1042; x_wconf 84' lang='lat' dir='ltr'><strong>verbi</strong></span> <span class='ocrx_word' id='word_1_301' title='bbox 2113 1007 2236 1043; x_wconf 88' lang='lat' dir='ltr'><strong>usus</strong></span> <span class='ocrx_word' id='word_1_302' title='bbox 2269 991 2516 1059; x_wconf 85' lang='lat' dir='ltr'><strong>frequen·</strong></span> 
     </span>
     <span class='ocr_line' id='line_1_60' title="bbox 1446 1066 2516 1133; baseline -0.002 -12"><span class='ocrx_word' id='word_1_303' title='bbox 1446 1075 1532 1121; x_wconf 83' lang='lat' dir='ltr'><strong>ter</strong></span> <span class='ocrx_word' id='word_1_304' title='bbox 1554 1066 1693 1133; x_wconf 88' lang='lat' dir='ltr'><strong>apud</strong></span> <span class='ocrx_word' id='word_1_305' title='bbox 1719 1069 1860 1119; x_wconf 84' lang='lat' dir='ltr'><strong>Plin.</strong></span> <span class='ocrx_word' id='word_1_306' title='bbox 1887 1075 1944 1119; x_wconf 88' lang='lat' dir='ltr'><strong>et</strong></span> <span class='ocrx_word' id='word_1_307' title='bbox 1981 1068 2110 1119; x_wconf 88' lang='lat' dir='ltr'><strong>alios</strong></span> <span class='ocrx_word' id='word_1_308' title='bbox 2142 1069 2244 1119; x_wconf 69' lang='lat' dir='ltr'><strong>evi</strong></span> <span class='ocrx_word' id='word_1_309' title='bbox 2276 1069 2516 1133; x_wconf 68' lang='lat' dir='ltr'><strong>argentei</strong></span> 
     </span>
     <span class='ocr_line' id='line_1_61' title="bbox 1445 1143 2516 1210; baseline -0.002 -13"><span class='ocrx_word' id='word_1_310' title='bbox 1445 1146 1747 1210; x_wconf 75' lang='lat' dir='ltr'><strong>scriptores,</strong></span> <span class='ocrx_word' id='word_1_311' title='bbox 1799 1148 2042 1196; x_wconf 87' lang='lat' dir='ltr'><strong>occurrit.</strong></span> <span class='ocrx_word' id='word_1_312' title='bbox 2121 1145 2256 1196; x_wconf 87' lang='lat' dir='ltr'><strong>Vide</strong></span> <span class='ocrx_word' id='word_1_313' title='bbox 2298 1143 2516 1196; x_wconf 80' lang='lat' dir='ltr'><strong>Cellsrii</strong></span> 
     </span>
     <span class='ocr_line' id='line_1_62' title="bbox 1447 1223 2520 1289; baseline -0.001 -14"><span class='ocrx_word' id='word_1_314' title='bbox 1447 1224 1614 1275; x_wconf 78' lang='lat' dir='ltr'><strong>Cures</strong></span> <span class='ocrx_word' id='word_1_315' title='bbox 1650 1223 1999 1284; x_wconf 83' lang='lat' dir='ltr'><strong>Posteriores,</strong></span> <span class='ocrx_word' id='word_1_316' title='bbox 2032 1236 2155 1289; x_wconf 73' lang='lat' dir='ltr'><strong>pag.</strong></span> <span class='ocrx_word' id='word_1_317' title='bbox 2192 1227 2275 1273; x_wconf 77' lang='grc'><strong>65.</strong></span> <span class='ocrx_word' id='word_1_318' title='bbox 2310 1229 2366 1273; x_wconf 86' lang='lat' dir='ltr'><strong>et</strong></span> <span class='ocrx_word' id='word_1_319' title='bbox 2402 1225 2520 1274; x_wconf 73' lang='lat'><strong>164.</strong></span> 
     </span>
     <span class='ocr_line' id='line_1_63' title="bbox 1449 1299 2515 1363; baseline -0.004 -12"><span class='ocrx_word' id='word_1_320' title='bbox 1449 1299 1622 1351; x_wconf 90' lang='lat' dir='ltr'><strong>Nimis</strong></span> <span class='ocrx_word' id='word_1_321' title='bbox 1671 1306 1843 1350; x_wconf 83' lang='lat' dir='ltr'><strong>autem</strong></span> <span class='ocrx_word' id='word_1_322' title='bbox 1889 1299 2115 1349; x_wconf 75' lang='lat' dir='ltr'><strong>oratorie</strong></span> <span class='ocrx_word' id='word_1_323' title='bbox 2157 1299 2243 1349; x_wconf 83' lang='lat' dir='ltr'><strong>bic</strong></span> <span class='ocrx_word' id='word_1_324' title='bbox 2286 1299 2515 1363; x_wconf 84' lang='lat' dir='ltr'><strong>loquitur</strong></span> 
     </span>
     <span class='ocr_line' id='line_1_64' title="bbox 1449 1374 2517 1442; baseline -0.001 -16"><span class='ocrx_word' id='word_1_325' title='bbox 1449 1377 1844 1442; x_wconf 72' lang='lat' dir='ltr'><strong>Panegyristes,</strong></span> <span class='ocrx_word' id='word_1_326' title='bbox 1878 1376 2100 1426; x_wconf 72' lang='lat' dir='ltr'><strong>maxime</strong></span> <span class='ocrx_word' id='word_1_327' title='bbox 2122 1375 2164 1425; x_wconf 85' lang='lat' dir='ltr'><strong>si</strong></span> <span class='ocrx_word' id='word_1_328' title='bbox 2186 1390 2248 1426; x_wconf 84' lang='lat' dir='ltr'><strong>ea</strong></span> <span class='ocrx_word' id='word_1_329' title='bbox 2272 1390 2414 1438; x_wconf 79' lang='lat' dir='ltr'><strong>vera,</strong></span> <span class='ocrx_word' id='word_1_330' title='bbox 2433 1374 2517 1425; x_wconf 84' lang='lat' dir='ltr'><strong>vel</strong></span> 
     </span>
     <span class='ocr_line' id='line_1_65' title="bbox 1449 1450 2518 1517; baseline 0 -14"><span class='ocrx_word' id='word_1_331' title='bbox 1449 1460 1576 1503; x_wconf 89' lang='lat' dir='ltr'><strong>tunc</strong></span> <span class='ocrx_word' id='word_1_332' title='bbox 1616 1460 1737 1502; x_wconf 82' lang='lat' dir='ltr'><strong>nota</strong></span> <span class='ocrx_word' id='word_1_333' title='bbox 1783 1450 2021 1512; x_wconf 83' lang='lat' dir='ltr'><strong>fuissent,</strong></span> <span class='ocrx_word' id='word_1_334' title='bbox 2059 1467 2174 1517; x_wconf 77' lang='lat' dir='ltr'><strong>quae</strong></span> <span class='ocrx_word' id='word_1_335' title='bbox 2218 1460 2402 1516; x_wconf 78' lang='lat' dir='ltr'><strong>postes</strong></span> <span class='ocrx_word' id='word_1_336' title='bbox 2444 1451 2518 1503; x_wconf 77' lang='lat' dir='ltr'><strong>de</strong></span> 
     </span>
     <span class='ocr_line' id='line_1_66' title="bbox 1446 1529 2520 1594; baseline -0.002 -13"><span class='ocrx_word' id='word_1_337' title='bbox 1446 1530 1670 1594; x_wconf 77' lang='lat' dir='ltr'><strong>Trajano</strong></span> <span class='ocrx_word' id='word_1_338' title='bbox 1687 1529 1985 1593; x_wconf 80' lang='lat' dir='ltr'><strong>xiphilinus</strong></span> <span class='ocrx_word' id='word_1_339' title='bbox 2002 1535 2058 1578; x_wconf 87' lang='lat' dir='ltr'><strong>et</strong></span> <span class='ocrx_word' id='word_1_340' title='bbox 2072 1530 2385 1593; x_wconf 73' lang='lat' dir='ltr'><strong>Spartianus</strong></span> <span class='ocrx_word' id='word_1_341' title='bbox 2409 1536 2520 1587; x_wconf 74' lang='lat' dir='ltr'><strong>tra·</strong></span> 
     </span>
     <span class='ocr_line' id='line_1_67' title="bbox 1450 1604 2518 1670; baseline -0.002 -14"><span class='ocrx_word' id='word_1_342' title='bbox 1450 1605 1654 1657; x_wconf 86' lang='lat' dir='ltr'><strong>didere.</strong></span> <span class='ocrx_word' id='word_1_343' title='bbox 1705 1606 1897 1670; x_wconf 83' lang='lat' dir='ltr'><strong>Neque</strong></span> <span class='ocrx_word' id='word_1_344' title='bbox 1922 1613 2095 1655; x_wconf 82' lang='lat' dir='ltr'><strong>tamen</strong></span> <span class='ocrx_word' id='word_1_345' title='bbox 2118 1604 2255 1655; x_wconf 87' lang='lat' dir='ltr'><strong>bunc</strong></span> <span class='ocrx_word' id='word_1_346' title='bbox 2278 1607 2518 1670; x_wconf 69' lang='lat' dir='ltr'><strong>Panegy-</strong></span> 
     </span>
     <span class='ocr_line' id='line_1_68' title="bbox 1453 1682 2519 1747; baseline -0.002 -12"><span class='ocrx_word' id='word_1_347' title='bbox 1453 1683 1617 1735; x_wconf 84' lang='lat' dir='ltr'><strong>ricum</strong></span> <span class='ocrx_word' id='word_1_348' title='bbox 1650 1686 1747 1745; x_wconf 81' lang='lat' dir='ltr'><strong>pro</strong></span> <span class='ocrx_word' id='word_1_349' title='bbox 1765 1687 1944 1746; x_wconf 82' lang='lat' dir='ltr'><strong>satyra</strong></span> <span class='ocrx_word' id='word_1_350' title='bbox 1964 1696 2081 1732; x_wconf 89' lang='lat' dir='ltr'><strong>cum</strong></span> <span class='ocrx_word' id='word_1_351' title='bbox 2106 1682 2407 1747; x_wconf 83' lang='lat' dir='ltr'><strong>quibusdam</strong></span> <span class='ocrx_word' id='word_1_352' title='bbox 2431 1684 2519 1733; x_wconf 79' lang='lat' dir='ltr'><strong>ba-</strong></span> 
     </span>
     <span class='ocr_line' id='line_1_69' title="bbox 1455 1758 2523 1825; baseline 0.001 -16"><span class='ocrx_word' id='word_1_353' title='bbox 1455 1758 1581 1810; x_wconf 86' lang='lat' dir='ltr'><strong>bere</strong></span> <span class='ocrx_word' id='word_1_354' title='bbox 1605 1759 1790 1821; x_wconf 80' lang='lat' dir='ltr'><strong>velim;</strong></span> <span class='ocrx_word' id='word_1_355' title='bbox 1816 1773 1932 1809; x_wconf 92' lang='lat' dir='ltr'><strong>cum</strong></span> <span class='ocrx_word' id='word_1_356' title='bbox 1955 1758 2121 1825; x_wconf 88' lang='lat' dir='ltr'><strong>major</strong></span> <span class='ocrx_word' id='word_1_357' title='bbox 2141 1760 2302 1811; x_wconf 86' lang='lat' dir='ltr'><strong>Plinii</strong></span> <span class='ocrx_word' id='word_1_358' title='bbox 2324 1760 2523 1815; x_wconf 81' lang='lat' dir='ltr'><strong>candot-</strong></span> 
     </span>
     <span class='ocr_line' id='line_1_70' title="bbox 1454 1840 2523 1907; baseline -0.001 -15"><span class='ocrx_word' id='word_1_359' title='bbox 1454 1849 1511 1892; x_wconf 81' lang='lat' dir='ltr'><strong>et</strong></span> <span class='ocrx_word' id='word_1_360' title='bbox 1544 1840 1845 1906; x_wconf 88' lang='lat' dir='ltr'><strong>prudentia,</strong></span> <span class='ocrx_word' id='word_1_361' title='bbox 1884 1848 1991 1890; x_wconf 88' lang='lat' dir='ltr'><strong>tum</strong></span> <span class='ocrx_word' id='word_1_362' title='bbox 2029 1856 2093 1891; x_wconf 79' lang='lat' dir='ltr'><strong>ex</strong></span> <span class='ocrx_word' id='word_1_363' title='bbox 2127 1843 2225 1892; x_wconf 80' lang='lat' dir='ltr'><strong>bac</strong></span> <span class='ocrx_word' id='word_1_364' title='bbox 2259 1842 2371 1907; x_wconf 85' lang='lat' dir='ltr'><strong>ipsa</strong></span> <span class='ocrx_word' id='word_1_365' title='bbox 2406 1856 2523 1892; x_wconf 86' lang='lat' dir='ltr'><strong>ora·</strong></span> 
     </span>
     <span class='ocr_line' id='line_1_71' title="bbox 1456 1918 2528 1984; baseline -0.002 -15"><span class='ocrx_word' id='word_1_366' title='bbox 1456 1920 1617 1984; x_wconf 85' lang='lat' dir='ltr'><strong>tione,</strong></span> <span class='ocrx_word' id='word_1_367' title='bbox 1638 1925 1746 1969; x_wconf 86' lang='lat' dir='ltr'><strong>tum</strong></span> <span class='ocrx_word' id='word_1_368' title='bbox 1772 1932 1839 1968; x_wconf 85' lang='lat' dir='ltr'><strong>ex</strong></span> <span class='ocrx_word' id='word_1_369' title='bbox 1863 1918 2114 1981; x_wconf 85' lang='lat' dir='ltr'><strong>Epistolis</strong></span> <span class='ocrx_word' id='word_1_370' title='bbox 2149 1920 2263 1984; x_wconf 69' lang='lat' dir='ltr'><strong>eJus</strong></span> <span class='ocrx_word' id='word_1_371' title='bbox 2297 1919 2528 1981; x_wconf 83' lang='lat' dir='ltr'><strong>eluceat,</strong></span> 
     </span>
     <span class='ocr_line' id='line_1_72' title="bbox 1457 1994 2527 2062; baseline -0.002 -15"><span class='ocrx_word' id='word_1_372' title='bbox 1457 2010 1611 2062; x_wconf 71' lang='lat' dir='ltr'><strong>qnam</strong></span> <span class='ocrx_word' id='word_1_373' title='bbox 1635 2004 1696 2046; x_wconf 85' lang='lat' dir='ltr'><strong>ut</strong></span> <span class='ocrx_word' id='word_1_374' title='bbox 1712 1994 1964 2046; x_wconf 85' lang='lat' dir='ltr'><strong>credibile</strong></span> <span class='ocrx_word' id='word_1_375' title='bbox 1988 1997 2074 2055; x_wconf 83' lang='lat' dir='ltr'><strong>sit,</strong></span> <span class='ocrx_word' id='word_1_376' title='bbox 2097 2011 2215 2046; x_wconf 86' lang='lat' dir='ltr'><strong>eum</strong></span> <span class='ocrx_word' id='word_1_377' title='bbox 2241 1995 2446 2060; x_wconf 87' lang='lat' dir='ltr'><strong>publice</strong></span> <span class='ocrx_word' id='word_1_378' title='bbox 2468 2002 2527 2051; x_wconf 86' lang='lat' dir='ltr'><strong>et</strong></span> 
     </span>
     <span class='ocr_line' id='line_1_73' title="bbox 1456 2072 2528 2141; baseline -0.001 -17"><span class='ocrx_word' id='word_1_379' title='bbox 1456 2087 1637 2127; x_wconf 74' lang='lat' dir='ltr'><strong>corum</strong></span> <span class='ocrx_word' id='word_1_380' title='bbox 1676 2072 2046 2137; x_wconf 73' lang='lat' dir='ltr'><strong>perstrinxisse</strong></span> <span class='ocrx_word' id='word_1_381' title='bbox 2084 2073 2380 2141; x_wconf 81' lang='lat' dir='ltr'><strong>principem</strong></span> <span class='ocrx_word' id='word_1_382' title='bbox 2416 2079 2528 2123; x_wconf 73' lang='lat' dir='ltr'><strong>tam</strong></span> 
     </span>
     <span class='ocr_line' id='line_1_74' title="bbox 1459 2147 2528 2215; baseline 0.002 -15"><span class='ocrx_word' id='word_1_383' title='bbox 1459 2150 1595 2200; x_wconf 89' lang='lat' dir='ltr'><strong>bene</strong></span> <span class='ocrx_word' id='word_1_384' title='bbox 1617 2147 1685 2198; x_wconf 91' lang='lat' dir='ltr'><strong>de</strong></span> <span class='ocrx_word' id='word_1_385' title='bbox 1706 2163 1762 2198; x_wconf 88' lang='lat' dir='ltr'><strong>se</strong></span> <span class='ocrx_word' id='word_1_386' title='bbox 1784 2149 2043 2199; x_wconf 85' lang='lat' dir='ltr'><strong>meritum.</strong></span> <span class='ocrx_word' id='word_1_387' title='bbox 2078 2150 2183 2201; x_wconf 85' lang='lat' dir='ltr'><strong>Sed</strong></span> <span class='ocrx_word' id='word_1_388' title='bbox 2208 2157 2263 2201; x_wconf 89' lang='lat' dir='ltr'><strong>et</strong></span> <span class='ocrx_word' id='word_1_389' title='bbox 2289 2151 2528 2215; x_wconf 78' lang='lat' dir='ltr'><strong>sagacior</strong></span> 
     </span>
     <span class='ocr_line' id='line_1_75' title="bbox 1461 2225 2526 2292; baseline 0 -15"><span class='ocrx_word' id='word_1_390' title='bbox 1461 2241 1525 2277; x_wconf 83' lang='lat' dir='ltr'><strong>ac</strong></span> <span class='ocrx_word' id='word_1_391' title='bbox 1568 2225 1748 2291; x_wconf 74' lang='lat' dir='ltr'><strong>gloriae</strong></span> <span class='ocrx_word' id='word_1_392' title='bbox 1792 2225 2073 2277; x_wconf 84' lang='lat' dir='ltr'><strong>studiosior</strong></span> <span class='ocrx_word' id='word_1_393' title='bbox 2108 2227 2211 2278; x_wconf 81' lang='lat' dir='ltr'><strong>fuit</strong></span> <span class='ocrx_word' id='word_1_394' title='bbox 2246 2228 2526 2292; x_wconf 77' lang='lat' dir='ltr'><strong>Trajanus,</strong></span> 
     </span>
     <span class='ocr_line' id='line_1_76' title="bbox 1459 2301 2527 2369; baseline 0.005 -17"><span class='ocrx_word' id='word_1_395' title='bbox 1459 2317 1614 2369; x_wconf 81' lang='lat' dir='ltr'><strong>quam</strong></span> <span class='ocrx_word' id='word_1_396' title='bbox 1638 2309 1697 2353; x_wconf 90' lang='lat' dir='ltr'><strong>ut</strong></span> <span class='ocrx_word' id='word_1_397' title='bbox 1716 2301 1911 2367; x_wconf 74' lang='lat' dir='ltr'><strong>figuras</strong></span> <span class='ocrx_word' id='word_1_398' title='bbox 1933 2303 1987 2353; x_wconf 85' lang='lat' dir='ltr'><strong>in</strong></span> <span class='ocrx_word' id='word_1_399' title='bbox 2011 2317 2070 2355; x_wconf 88' lang='lat' dir='ltr'><strong>se</strong></span> <span class='ocrx_word' id='word_1_400' title='bbox 2097 2304 2269 2369; x_wconf 78' lang='lat' dir='ltr'><strong>jactas</strong></span> <span class='ocrx_word' id='word_1_401' title='bbox 2289 2305 2401 2368; x_wconf 83' lang='lat' dir='ltr'><strong>ipse</strong></span> <span class='ocrx_word' id='word_1_402' title='bbox 2423 2319 2527 2357; x_wconf 82' lang='lat' dir='ltr'><strong>non</strong></span> 
     </span>
     <span class='ocr_line' id='line_1_77' title="bbox 1458 2380 2468 2445; baseline -0.002 -13"><span class='ocrx_word' id='word_1_403' title='bbox 1458 2381 1712 2432; x_wconf 82' lang='lat' dir='ltr'><strong>sensisset</strong></span> <span class='ocrx_word' id='word_1_404' title='bbox 1734 2380 2169 2445; x_wconf 80' lang='lat' dir='ltr'><strong>vindicassetque.</strong></span> <span class='ocrx_word' id='word_1_405' title='bbox 2223 2381 2468 2432; x_wconf 75' lang='lat' dir='ltr'><strong>Schwarz.</strong></span> 
     </span>
     <span class='ocr_line' id='line_1_78' title="bbox 1536 2456 2529 2527; baseline 0.003 -19"><span class='ocrx_word' id='word_1_406' title='bbox 1536 2456 1800 2523; x_wconf 66' lang='lat' dir='ltr'><strong>vehiculis]</strong></span> <span class='ocrx_word' id='word_1_407' title='bbox 1847 2457 1984 2508; x_wconf 85' lang='lat' dir='ltr'><strong>Vide</strong></span> <span class='ocrx_word' id='word_1_408' title='bbox 2036 2458 2286 2527; x_wconf 36' lang='lat' dir='ltr'><strong>Lipsium,</strong></span> <span class='ocrx_word' id='word_1_409' title='bbox 2312 2465 2370 2513; x_wconf 69' lang='lat' dir='ltr'><strong>et</strong></span> <span class='ocrx_word' id='word_1_410' title='bbox 2408 2459 2529 2512; x_wconf 73' lang='lat' dir='ltr'><strong>Jac-</strong></span> 
     </span>
     <span class='ocr_line' id='line_1_79' title="bbox 1461 2532 2532 2601; baseline -0.001 -16"><span class='ocrx_word' id='word_1_411' title='bbox 1461 2532 1597 2585; x_wconf 79' lang='lat' dir='ltr'><strong>dela</strong></span> <span class='ocrx_word' id='word_1_412' title='bbox 1616 2534 1798 2584; x_wconf 79' lang='lat' dir='ltr'><strong>Baune</strong></span> <span class='ocrx_word' id='word_1_413' title='bbox 1817 2534 1881 2584; x_wconf 79' lang='lat' dir='ltr'><strong>ed</strong></span> <span class='ocrx_word' id='word_1_414' title='bbox 1900 2536 1954 2583; x_wconf 86' lang='lat' dir='ltr'><strong>h.</strong></span> <span class='ocrx_word' id='word_1_415' title='bbox 1970 2535 2005 2584; x_wconf 88' lang='lat' dir='ltr'><strong>l.</strong></span> <span class='ocrx_word' id='word_1_416' title='bbox 2023 2543 2078 2585; x_wconf 88' lang='lat' dir='ltr'><strong>et</strong></span> <span class='ocrx_word' id='word_1_417' title='bbox 2096 2536 2330 2601; x_wconf 86' lang='lat' dir='ltr'><strong>inprimis</strong></span> <span class='ocrx_word' id='word_1_418' title='bbox 2347 2533 2532 2586; x_wconf 76' lang='lat' dir='ltr'><strong>Schef·</strong></span> 
     </span>
     <span class='ocr_line' id='line_1_80' title="bbox 1461 2609 2534 2675; baseline 0 -15"><span class='ocrx_word' id='word_1_419' title='bbox 1461 2609 1631 2661; x_wconf 81' lang='lat' dir='ltr'><strong>ferum</strong></span> <span class='ocrx_word' id='word_1_420' title='bbox 1670 2610 1737 2661; x_wconf 88' lang='lat' dir='ltr'><strong>de</strong></span> <span class='ocrx_word' id='word_1_421' title='bbox 1774 2611 1854 2661; x_wconf 87' lang='lat' dir='ltr'><strong>Re</strong></span> <span class='ocrx_word' id='word_1_422' title='bbox 1880 2611 2534 2675; x_wconf 77' lang='lat' dir='ltr'><strong>vehiculariVeterum,.r.</strong></span> 
     </span>
     <span class='ocr_line' id='line_1_81' title="bbox 1462 2687 2531 2743; baseline 0.002 -6"><span class='ocrx_word' id='word_1_423' title='bbox 1462 2691 1548 2738; x_wconf 81' lang='lat'><strong>18.</strong></span> <span class='ocrx_word' id='word_1_424' title='bbox 1570 2688 1656 2738; x_wconf 88' lang='lat' dir='ltr'><strong>ubi</strong></span> <span class='ocrx_word' id='word_1_425' title='bbox 1681 2687 1746 2738; x_wconf 91' lang='lat' dir='ltr'><strong>de</strong></span> <span class='ocrx_word' id='word_1_426' title='bbox 1780 2687 1923 2743; x_wconf 77' lang='lat' dir='ltr'><strong>vario</strong></span> <span class='ocrx_word' id='word_1_427' title='bbox 1962 2703 2056 2739; x_wconf 88' lang='lat' dir='ltr'><strong>usu</strong></span> <span class='ocrx_word' id='word_1_428' title='bbox 2091 2689 2440 2739; x_wconf 78' lang='lat' dir='ltr'><strong>vehiculorum</strong></span> <span class='ocrx_word' id='word_1_429' title='bbox 2474 2689 2531 2739; x_wconf 83' lang='lat' dir='ltr'><strong>in</strong></span> 
     </span>
     <span class='ocr_line' id='line_1_82' title="bbox 1464 2762 1944 2826; baseline -0.002 -11"><span class='ocrx_word' id='word_1_430' title='bbox 1464 2762 1605 2815; x_wconf 85' lang='lat' dir='ltr'><strong>bello</strong></span> <span class='ocrx_word' id='word_1_431' title='bbox 1630 2764 1756 2826; x_wconf 70' lang='lat' dir='ltr'><strong>agit.</strong></span> <span class='ocrx_word' id='word_1_432' title='bbox 1788 2765 1944 2814; x_wconf 80' lang='lat' dir='ltr'><strong>Idem.</strong></span> 
     </span>
     <span class='ocr_line' id='line_1_83' title="bbox 1458 2838 2533 2906; baseline -0.001 -15"><span class='ocrx_word' id='word_1_433' title='bbox 1458 2878 1463 2881; x_wconf 28' lang='grc' dir='ltr'>ψ</span> <span class='ocrx_word' id='word_1_434' title='bbox 1531 2841 1806 2904; x_wconf 77' lang='lat' dir='ltr'><strong>Exigendis</strong></span> <span class='ocrx_word' id='word_1_435' title='bbox 1836 2838 2088 2904; x_wconf 71' lang='lat' dir='ltr'><strong>vehiculis]</strong></span> <span class='ocrx_word' id='word_1_436' title='bbox 2122 2841 2255 2894; x_wconf 77' lang='lat' dir='ltr'><strong>Quae</strong></span> <span class='ocrx_word' id='word_1_437' title='bbox 2275 2840 2376 2891; x_wconf 88' lang='lat' dir='ltr'><strong>etsi</strong></span> <span class='ocrx_word' id='word_1_438' title='bbox 2399 2839 2533 2906; x_wconf 90' lang='lat' dir='ltr'><strong>pub-</strong></span> 
     </span>
     <span class='ocr_line' id='line_1_84' title="bbox 1464 2917 2533 2982; baseline -0.002 -13"><span class='ocrx_word' id='word_1_439' title='bbox 1464 2919 1566 2969; x_wconf 81' lang='lat' dir='ltr'><strong>lica</strong></span> <span class='ocrx_word' id='word_1_440' title='bbox 1603 2931 1701 2982; x_wconf 89' lang='lat' dir='ltr'><strong>per</strong></span> <span class='ocrx_word' id='word_1_441' title='bbox 1736 2918 1844 2968; x_wconf 74' lang='lat' dir='ltr'><strong>vias</strong></span> <span class='ocrx_word' id='word_1_442' title='bbox 1884 2917 2169 2982; x_wconf 78' lang='lat' dir='ltr'><strong>disposita3</strong></span> <span class='ocrx_word' id='word_1_443' title='bbox 2214 2932 2319 2967; x_wconf 89' lang='lat' dir='ltr'><strong>non</strong></span> <span class='ocrx_word' id='word_1_444' title='bbox 2358 2924 2533 2968; x_wconf 84' lang='lat' dir='ltr'><strong>tamen</strong></span> 
     </span>
     <span class='ocr_line' id='line_1_85' title="bbox 1465 2991 2535 3060; baseline -0.003 -13"><span class='ocrx_word' id='word_1_445' title='bbox 1465 2994 1732 3047; x_wconf 83' lang='lat' dir='ltr'><strong>comitatui</strong></span> <span class='ocrx_word' id='word_1_446' title='bbox 1753 2995 2002 3060; x_wconf 86' lang='lat' dir='ltr'><strong>principis</strong></span> <span class='ocrx_word' id='word_1_447' title='bbox 2020 2991 2368 3044; x_wconf 78' lang='lat' dir='ltr'><strong>sufficiebant.</strong></span> <span class='ocrx_word' id='word_1_448' title='bbox 2400 2994 2535 3044; x_wconf 79' lang='lat' dir='ltr'><strong>Erat</strong></span> 
     </span>
     <span class='ocr_line' id='line_1_86' title="bbox 1465 3069 2537 3138; baseline -0.004 -16"><span class='ocrx_word' id='word_1_449' title='bbox 1465 3073 1647 3138; x_wconf 80' lang='lat' dir='ltr'><strong>itaque</strong></span> <span class='ocrx_word' id='word_1_450' title='bbox 1661 3072 1960 3131; x_wconf 77' lang='lat' dir='ltr'><strong>Palatinum</strong></span> <span class='ocrx_word' id='word_1_451' title='bbox 1983 3085 2169 3121; x_wconf 80' lang='lat' dir='ltr'><strong>munus</strong></span> <span class='ocrx_word' id='word_1_452' title='bbox 2187 3069 2239 3119; x_wconf 88' lang='lat' dir='ltr'><strong>in</strong></span> <span class='ocrx_word' id='word_1_453' title='bbox 2257 3071 2391 3120; x_wconf 83' lang='lat' dir='ltr'><strong>hane</strong></span> <span class='ocrx_word' id='word_1_454' title='bbox 2408 3083 2537 3133; x_wconf 84' lang='lat' dir='ltr'><strong>rem,</strong></span> 
     </span>
     <span class='ocr_line' id='line_1_87' title="bbox 1468 3148 2535 3213; baseline -0.002 -15"><span class='ocrx_word' id='word_1_455' title='bbox 1468 3157 1527 3198; x_wconf 91' lang='lat' dir='ltr'><strong>ut</strong></span> <span class='ocrx_word' id='word_1_456' title='bbox 1570 3150 1623 3199; x_wconf 86' lang='lat' dir='ltr'><strong>in</strong></span> <span class='ocrx_word' id='word_1_457' title='bbox 1666 3148 1871 3213; x_wconf 77' lang='lat' dir='ltr'><strong>lepide:</strong></span> <span class='ocrx_word' id='word_1_458' title='bbox 1925 3161 1996 3201; x_wconf 65' lang='lat' dir='ltr'><strong>x.</strong></span> <span class='ocrx_word' id='word_1_459' title='bbox 2040 3160 2255 3199; x_wconf 63' lang='lat' dir='ltr'><strong>vmnvs.</strong></span> <span class='ocrx_word' id='word_1_460' title='bbox 2303 3160 2437 3198; x_wconf 58' lang='lat' dir='ltr'><strong>svo.</strong></span> <span class='ocrx_word' id='word_1_461' title='bbox 2484 3161 2535 3198; x_wconf 80' lang='lat'><strong>1..</strong></span> 
     </span>
     <span class='ocr_line' id='line_1_88' title="bbox 1464 3222 2538 3289; baseline -0.007 -9"><span class='ocrx_word' id='word_1_462' title='bbox 1464 3238 1764 3281; x_wconf 66' lang='lat' dir='ltr'><strong>enascens.</strong></span> <span class='ocrx_word' id='word_1_463' title='bbox 1789 3238 1881 3277; x_wconf 77' lang='lat' dir='ltr'><strong>AB.</strong></span> <span class='ocrx_word' id='word_1_464' title='bbox 1918 3237 2235 3277; x_wconf 73' lang='lat' dir='ltr'><strong>ventcvms.</strong></span> <span class='ocrx_word' id='word_1_465' title='bbox 2267 3222 2538 3289; x_wconf 83' lang='lat' dir='ltr'><strong>fueritque</strong></span> 
     </span>
     <span class='ocr_line' id='line_1_89' title="bbox 1471 3300 2538 3367; baseline -0.002 -15"><span class='ocrx_word' id='word_1_466' title='bbox 1471 3301 1711 3367; x_wconf 87' lang='lat' dir='ltr'><strong>profecto</strong></span> <span class='ocrx_word' id='word_1_467' title='bbox 1732 3302 1885 3367; x_wconf 83' lang='lat' dir='ltr'><strong>hujus</strong></span> <span class='ocrx_word' id='word_1_468' title='bbox 1911 3302 2058 3365; x_wconf 88' lang='lat' dir='ltr'><strong>Ulpii</strong></span> <span class='ocrx_word' id='word_1_469' title='bbox 2079 3300 2315 3367; x_wconf 79' lang='lat' dir='ltr'><strong>Trajani.</strong></span> <span class='ocrx_word' id='word_1_470' title='bbox 2363 3301 2461 3351; x_wconf 89' lang='lat' dir='ltr'><strong>Est</strong></span> <span class='ocrx_word' id='word_1_471' title='bbox 2480 3305 2538 3350; x_wconf 85' lang='lat' dir='ltr'><strong>et</strong></span> 
     </span>
     <span class='ocr_line' id='line_1_90' title="bbox 1469 3377 2538 3442; baseline 0 -15"><span class='ocrx_word' id='word_1_472' title='bbox 1469 3378 1521 3427; x_wconf 91' lang='lat' dir='ltr'><strong>in</strong></span> <span class='ocrx_word' id='word_1_473' title='bbox 1554 3380 1745 3429; x_wconf 76' lang='lat' dir='ltr'><strong>Nervoe</strong></span> <span class='ocrx_word' id='word_1_474' title='bbox 1781 3378 2003 3428; x_wconf 86' lang='lat' dir='ltr'><strong>nummis</strong></span> <span class='ocrx_word' id='word_1_475' title='bbox 2026 3377 2336 3442; x_wconf 74' lang='lat' dir='ltr'><strong>inscriptio:</strong></span> <span class='ocrx_word' id='word_1_476' title='bbox 2365 3389 2538 3431; x_wconf 69' lang='lat' dir='ltr'><strong>vuu-</strong></span> 
     </span>
     <span class='ocr_line' id='line_1_91' title="bbox 1468 3454 2539 3508; baseline 0 -1"><span class='ocrx_word' id='word_1_477' title='bbox 1468 3469 1805 3508; x_wconf 69' lang='lat' dir='ltr'><strong>cvu&#39;none.</strong></span> <span class='ocrx_word' id='word_1_478' title='bbox 1857 3467 2107 3508; x_wconf 70' lang='lat' dir='ltr'><strong>tunun-</strong></span> <span class='ocrx_word' id='word_1_479' title='bbox 2149 3467 2412 3506; x_wconf 67' lang='lat' dir='ltr'><strong>nemsss.</strong></span> <span class='ocrx_word' id='word_1_480' title='bbox 2442 3454 2539 3507; x_wconf 74' lang='lat' dir='ltr'><strong>ssd</strong></span> 
     </span>
     <span class='ocr_line' id='line_1_92' title="bbox 1469 3533 2539 3599; baseline -0.001 -16"><span class='ocrx_word' id='word_1_481' title='bbox 1469 3547 1535 3583; x_wconf 88' lang='lat' dir='ltr'><strong>ea</strong></span> <span class='ocrx_word' id='word_1_482' title='bbox 1570 3534 1635 3583; x_wconf 85' lang='lat' dir='ltr'><strong>ad</strong></span> <span class='ocrx_word' id='word_1_483' title='bbox 1674 3533 1937 3599; x_wconf 89' lang='lat' dir='ltr'><strong>publicum</strong></span> <span class='ocrx_word' id='word_1_484' title='bbox 1967 3547 2172 3584; x_wconf 86' lang='lat' dir='ltr'><strong>cursum</strong></span> <span class='ocrx_word' id='word_1_485' title='bbox 2200 3539 2427 3596; x_wconf 81' lang='lat' dir='ltr'><strong>spectat,</strong></span> <span class='ocrx_word' id='word_1_486' title='bbox 2448 3546 2539 3582; x_wconf 86' lang='lat' dir='ltr'><strong>cn·</strong></span> 
     </span>
     <span class='ocr_line' id='line_1_93' title="bbox 1462 3606 2536 3674; baseline 0 -16"><span class='ocrx_word' id='word_1_487' title='bbox 1462 3612 1553 3674; x_wconf 87' lang='lat' dir='ltr'><strong>jus</strong></span> <span class='ocrx_word' id='word_1_488' title='bbox 1595 3625 1724 3661; x_wconf 89' lang='lat' dir='ltr'><strong>onus</strong></span> <span class='ocrx_word' id='word_1_489' title='bbox 1764 3611 1817 3660; x_wconf 92' lang='lat' dir='ltr'><strong>in</strong></span> <span class='ocrx_word' id='word_1_490' title='bbox 1860 3624 1918 3659; x_wconf 80' lang='lat' dir='ltr'><strong>se</strong></span> <span class='ocrx_word' id='word_1_491' title='bbox 1958 3609 2250 3671; x_wconf 78' lang='lat' dir='ltr'><strong>transtulit,</strong></span> <span class='ocrx_word' id='word_1_492' title='bbox 2289 3607 2429 3672; x_wconf 87' lang='lat' dir='ltr'><strong>quod</strong></span> <span class='ocrx_word' id='word_1_493' title='bbox 2471 3606 2536 3658; x_wconf 83' lang='lat' dir='ltr'><strong>ad</strong></span> 
     </span>
     <span class='ocr_line' id='line_1_94' title="bbox 1470 3684 2390 3750; baseline -0.005 -13"><span class='ocrx_word' id='word_1_494' title='bbox 1470 3687 1681 3737; x_wconf 83' lang='lat' dir='ltr'><strong>Italiam</strong></span> <span class='ocrx_word' id='word_1_495' title='bbox 1704 3686 1917 3742; x_wconf 82' lang='lat' dir='ltr'><strong>attinet,</strong></span> <span class='ocrx_word' id='word_1_496' title='bbox 1938 3686 2204 3750; x_wconf 82' lang='lat' dir='ltr'><strong>princeps.</strong></span> <span class='ocrx_word' id='word_1_497' title='bbox 2252 3684 2390 3749; x_wconf 75' lang='lat' dir='ltr'><strong>Lips.</strong></span> 
     </span>
     <span class='ocr_line' id='line_1_95' title="bbox 1538 3758 2540 3827; baseline -0.002 -13"><span class='ocrx_word' id='word_1_498' title='bbox 1538 3763 1760 3819; x_wconf 77' lang='lat' dir='ltr'><strong>Annona,</strong></span> <span class='ocrx_word' id='word_1_499' title='bbox 1789 3777 1896 3827; x_wconf 67' lang='grc' dir='ltr'><strong>«μισ</strong></span> <span class='ocrx_word' id='word_1_500' title='bbox 1925 3758 2120 3822; x_wconf 74' lang='lat' dir='ltr'><strong>ceteris]</strong></span> <span class='ocrx_word' id='word_1_501' title='bbox 2155 3761 2463 3823; x_wconf 79' lang='lat' dir='ltr'><strong>Spartianus</strong></span> <span class='ocrx_word' id='word_1_502' title='bbox 2486 3759 2540 3812; x_wconf 89' lang='lat' dir='ltr'><strong>in</strong></span> 
     </span>
     <span class='ocr_line' id='line_1_96' title="bbox 1478 3837 2541 3903; baseline 0.002 -15"><span class='ocrx_word' id='word_1_503' title='bbox 1478 3837 1747 3890; x_wconf 80' lang='lat' dir='ltr'><strong>Hadriano</strong></span> <span class='ocrx_word' id='word_1_504' title='bbox 1769 3853 1886 3903; x_wconf 85' lang='lat' dir='ltr'><strong>cap.</strong></span> <span class='ocrx_word' id='word_1_505' title='bbox 1902 3843 1980 3888; x_wconf 82' lang='lat' dir='ltr'><strong>to.</strong></span> <span class='ocrx_word' id='word_1_506' title='bbox 2000 3852 2081 3900; x_wconf 87' lang='lat' dir='ltr'><strong>pr.</strong></span> <span class='ocrx_word' id='word_1_507' title='bbox 2104 3845 2119 3868; x_wconf 80' lang='lat'><em>⁶</em></span> <span class='ocrx_word' id='word_1_508' title='bbox 2141 3838 2386 3888; x_wconf 79' lang='lat' dir='ltr'><strong>Libenter</strong></span> <span class='ocrx_word' id='word_1_509' title='bbox 2407 3839 2541 3890; x_wconf 88' lang='lat' dir='ltr'><strong>cibls</strong></span> 
     </span>
     <span class='ocr_line' id='line_1_97' title="bbox 1474 3914 2542 3980; baseline -0.001 -13"><span class='ocrx_word' id='word_1_510' title='bbox 1474 3914 1830 3967; x_wconf 75' lang='lat' dir='ltr'><strong>castrensibus</strong></span> <span class='ocrx_word' id='word_1_511' title='bbox 1869 3914 1922 3963; x_wconf 88' lang='lat' dir='ltr'><strong>in</strong></span> <span class='ocrx_word' id='word_1_512' title='bbox 1966 3914 2238 3978; x_wconf 82' lang='lat' dir='ltr'><strong>propatulo</strong></span> <span class='ocrx_word' id='word_1_513' title='bbox 2275 3916 2542 3980; x_wconf 74' lang='lat' dir='ltr'><strong>utebatur,</strong></span> 
     </span>
     <span class='ocr_line' id='line_1_98' title="bbox 1475 3991 2543 4057; baseline 0.002 -16"><span class='ocrx_word' id='word_1_514' title='bbox 1475 3993 1574 4042; x_wconf 78' lang='lat' dir='ltr'><strong>lroc</strong></span> <span class='ocrx_word' id='word_1_515' title='bbox 1608 3997 1706 4047; x_wconf 86' lang='lat' dir='ltr'><strong>est,</strong></span> <span class='ocrx_word' id='word_1_516' title='bbox 1741 3991 1929 4054; x_wconf 83' lang='lat' dir='ltr'><strong>larido,</strong></span> <span class='ocrx_word' id='word_1_517' title='bbox 1955 4004 2127 4046; x_wconf 82' lang='lat' dir='ltr'><strong>caseo,</strong></span> <span class='ocrx_word' id='word_1_518' title='bbox 2159 4004 2336 4057; x_wconf 77' lang='lat' dir='ltr'><strong>posce,</strong></span> <span class='ocrx_word' id='word_1_519' title='bbox 2366 4007 2543 4044; x_wconf 79' lang='lat' dir='ltr'><strong>exem·</strong></span> 
     </span>
     <span class='ocr_line' id='line_1_99' title="bbox 1478 4066 2544 4133; baseline 0.006 -16"><span class='ocrx_word' id='word_1_520' title='bbox 1478 4069 1566 4132; x_wconf 90' lang='lat' dir='ltr'><strong>plo</strong></span> <span class='ocrx_word' id='word_1_521' title='bbox 1584 4067 1842 4129; x_wconf 88' lang='lat' dir='ltr'><strong>Scipionis</strong></span> <span class='ocrx_word' id='word_1_522' title='bbox 1860 4066 2142 4127; x_wconf 78' lang='lat' dir='ltr'><strong>AEmilisni,</strong></span> <span class='ocrx_word' id='word_1_523' title='bbox 2160 4075 2216 4116; x_wconf 87' lang='lat' dir='ltr'><strong>et</strong></span> <span class='ocrx_word' id='word_1_524' title='bbox 2240 4069 2467 4133; x_wconf 85' lang='lat' dir='ltr'><strong>Metelli,</strong></span> <span class='ocrx_word' id='word_1_525' title='bbox 2488 4080 2544 4123; x_wconf 87' lang='lat' dir='ltr'><strong>et</strong></span> 
     </span>
     <span class='ocr_line' id='line_1_100' title="bbox 1478 4144 2548 4212; baseline 0.002 -15"><span class='ocrx_word' id='word_1_526' title='bbox 1478 4147 1705 4197; x_wconf 75' lang='lat' dir='ltr'><strong>atnctorls</strong></span> <span class='ocrx_word' id='word_1_527' title='bbox 1734 4146 1812 4196; x_wconf 85' lang='lat' dir='ltr'><strong>sui</strong></span> <span class='ocrx_word' id='word_1_528' title='bbox 1839 4144 2083 4212; x_wconf 59' lang='lat' dir='ltr'><strong>Trajani?</strong></span> <span class='ocrx_word' id='word_1_529' title='bbox 2148 4144 2430 4197; x_wconf 78' lang='lat' dir='ltr'><strong>Auctorem</strong></span> <span class='ocrx_word' id='word_1_530' title='bbox 2457 4161 2548 4199; x_wconf 82' lang='lat' dir='ltr'><strong>vo·</strong></span> 
     </span>
     <span class='ocr_line' id='line_1_101' title="bbox 1477 4223 2547 4291; baseline 0 -15"><span class='ocrx_word' id='word_1_531' title='bbox 1477 4234 1585 4286; x_wconf 81' lang='lat' dir='ltr'><strong>cat,</strong></span> <span class='ocrx_word' id='word_1_532' title='bbox 1602 4225 1721 4291; x_wconf 83' lang='lat' dir='ltr'><strong>quia</strong></span> <span class='ocrx_word' id='word_1_533' title='bbox 1739 4223 2061 4277; x_wconf 85' lang='lat' dir='ltr'><strong>Hadrianum</strong></span> <span class='ocrx_word' id='word_1_534' title='bbox 2087 4223 2371 4287; x_wconf 85' lang='lat' dir='ltr'><strong>principem</strong></span> <span class='ocrx_word' id='word_1_535' title='bbox 2396 4224 2547 4285; x_wconf 73' lang='lat' dir='ltr'><strong>fecit,</strong></span> 
     </span>
     <span class='ocr_line' id='line_1_102' title="bbox 1476 4299 2545 4370; baseline -0.003 -15"><span class='ocrx_word' id='word_1_536' title='bbox 1476 4309 1538 4355; x_wconf 82' lang='lat' dir='ltr'><strong>et</strong></span> <span class='ocrx_word' id='word_1_537' title='bbox 1576 4302 1733 4370; x_wconf 77' lang='lat' dir='ltr'><strong>quasi.</strong></span> <span class='ocrx_word' id='word_1_538' title='bbox 1757 4300 2024 4355; x_wconf 66' lang='lat' dir='ltr'><strong>condiditz</strong></span> <span class='ocrx_word' id='word_1_539' title='bbox 2064 4300 2177 4367; x_wconf 87' lang='lat' dir='ltr'><strong>ipse</strong></span> <span class='ocrx_word' id='word_1_540' title='bbox 2216 4299 2349 4365; x_wconf 82' lang='lat' dir='ltr'><strong>ejus,-</strong></span> <span class='ocrx_word' id='word_1_541' title='bbox 2377 4307 2436 4351; x_wconf 91' lang='lat' dir='ltr'><strong>ut</strong></span> <span class='ocrx_word' id='word_1_542' title='bbox 2470 4302 2545 4363; x_wconf 83' lang='lat' dir='ltr'><strong>lo-</strong></span> 
     </span>
    </p>
   </div>
  </div>
 </body>
</html>
