3017 4942
637 408 644 413 -
712 386 780 436 c.
825 384 1078 438 vnum
1127 377 1463 438 saeuum
1514 388 1823 439 pauno..
1865 389 1917 439 ι.
1960 371 2075 438 61.

269 539 448 581 xxm.
481 534 533 581 3.
565 529 582 560 ‘
605 529 821 582 silentes
853 531 1162 598 quietosque
1196 529 1354 583 licto·-

268 620 360 657 res
382 605 399 629 '
421 605 575 657 dixit.
608 607 748 673 Lips.

345 683 569 747 Clamor]
607 683 914 735 clamabant
948 686 1177 750 lictores,
1198 692 1214 715 ⁴
1239 684 1372 734 ani·-

269 758 603 819 msdvertel'
637 762 857 811 Putas-ol.

340 835 875 902 Ratusquepumm]
898 839 1200 888 Denotstur
1211 851 1349 902 pra·

271 916 427 963 texta
444 913 750 975 consularis,
767 928 882 977 qnae
901 913 985 962 bic
1000 915 1350 975 συνεκδοχικόε

273 994 497 1044 vocatur
516 1003 761 1053 pan-parm
794 1004 918 1045 non,
942 989 1093 1053 qnasi
1113 989 1349 1041 cousula-

270 1064 348 1123 ris
387 1069 513 1128 toga
553 1072 666 1115 tota
707 1064 870 1115 fuerit
915 1078 1206 1130 purpurea;
1252 1066 1348 1115 sed

273 1142 417 1206 quod
467 1151 848 1206 praetexeretnr
881 1158 1149 1208 purpurat
1186 1157 1347 1209 qnan-

273 1226 390 1269 tum
436 1221 576 1270 enim
620 1228 850 1283 constat,
892 1236 955 1270 ea
995 1221 1124 1271 nihil
1167 1220 1354 1271 habuit

272 1311 630 1362 purpureum,
662 1305 859 1363 preter
891 1299 1125 1361 limbum,
1154 1313 1271 1364 qum
1293 1313 1349 1348 o-

270 1386 390 1422 ram
429 1374 590 1424 vestis
626 1374 825 1424 ambiit.
889 1374 1032 1424 Hinc
1068 1382 1138 1425 et·
1162 1375 1350 1426 Gracc

270 1449 428 1501 dicta
472 1458 555 1501 est
596 1450 942 1516 περιπόρφυρος
984 1451 1254 1501 Plutarch.
1298 1452 1352 1500 in

271 1529 413 1579 Vita
434 1528 663 1591 Romuli,
692 1544 746 1592 p.
767 1531 853 1580 33.
919 1527 1135 1578 Omittit
1175 1533 1354 1578 orator

273 1620 382 1670 per
426 1603 644 1668 ἔλλειψιν
689 1605 901 1655 verbum
939 1605 956 1633 ‘
983 1603 1315 1664 conceditur,
1338 1602 1355 1627 ’

278 1683 395 1733 sive
425 1684 444 1714 ⁴
468 1682 596 1733 data
617 1680 743 1743 est,'
776 1688 867 1731 sut
888 1685 904 1710 ⁴
929 1678 1136 1743 fulget,'
1172 1686 1260 1729 aut
1283 1679 1362 1729 si·-

276 1760 426 1820 mile,
463 1766 524 1809 ut
561 1758 710 1822 quasi
747 1756 1138 1807 festinationem
1180 1757 1353 1819 expri-

279 1842 394 1887 mat
410 1836 707 1885 consulatus
730 1834 962 1898 repetiti.
1011 1833 1171 1883 Ovid.
1195 1833 1355 1883 verbs

280 1912 451 1974 addit,
492 1912 638 1962 Fast.
683 1925 726 1961 1.
772 1914 857 1960 81.
910 1911 926 1940 ‘
961 1909 1187 1975 Jamque
1232 1910 1354 1960 novi

284 1995 530 2053 praeeunt
563 1986 762 2049 fasces3
818 2000 953 2051 npva
990 2000 1220 2050 purpura
1254 1983 1355 2035 ful-

286 2073 412 2128 get3
456 2067 530 2116 Et
568 2078 703 2115 nora
736 2064 1076 2127 conspicuum
1120 2063 1356 2127 pondera

282 2142 449 2195 sentit
484 2140 649 2194 ebur.’
713 2141 956 2191 Fortasse
986 2153 1112 2189 vero
1143 2140 1243 2189 buc
1280 2153 1356 2189 re·

286 2218 424 2275 trabi
452 2224 628 2282 potest
662 2217 878 2268 verbum
912 2231 1159 2282 sequeus,
1189 2218 1355 2267 redde·

286 2294 482 2345 bantur.
515 2294 774 2345 Schwara·

355 2373 623 2435 Expertum
663 2370 919 2421 honoribus
961 2369 1144 2434 uirum]
1189 2368 1258 2419 Η.
1306 2383 1358 2419 e.

286 2448 554 2510 cognitum
575 2453 997 2512 spectatumque,
1034 2456 1088 2497 et
1124 2448 1175 2497 iu
1199 2448 1353 2498 hono·

285 2524 430 2575 ribus
462 2524 885 2575 administrandis
919 2526 1049 2574 bene
1081 2531 1359 2575 versatum.

284 2601 459 2653 Tacit.
481 2599 661 2665 Agric.
684 2616 731 2651 c.
751 2605 834 2653 41.
867 2604 883 2630 ⁴
908 2602 1039 2652 Cum
1072 2603 1236 2651 omnis
1268 2615 1358 2651 sn-

288 2692 389 2728 nus
420 2676 692 2730 funeribus
724 2686 782 2729 et
812 2678 1049 2729 cladibus
1085 2678 1359 2742 insignire·

288 2763 397 2817 tnr,
422 2756 737 2820 poscebatur
771 2770 860 2806 ore
893 2755 1032 2818 vulgi
1069 2754 1176 2804 dux
1206 2753 1359 2817 Agri-

292 2832 431 2888 cola,
450 2832 873 2895 comparantibus
892 2830 1092 2881 cunctis
1112 2831 1360 2894 vigorem,

288 2908 658 2970 constantiam,
679 2915 735 2958 et
766 2914 1040 2971 expertum
1076 2908 1228 2957 bellis
1252 2907 1359 2956 aui-

285 2998 449 3042 mum,
481 2998 602 3034 cnm
641 2984 826 3034 inertia
854 2989 911 3034 et
951 2982 1229 3033 formidine
1273 2997 1361 3033 eo·

288 3066 441 3112 rum.'
506 3061 654 3112 Idem
682 3061 821 3112 Hist.
844 3074 925 3110 ιν.
958 3065 1044 3110 42.
1075 3060 1091 3088 ‘
1115 3059 1360 3122 Ignotum

293 3138 465 3188 adhuc
487 3137 771 3200 ingenium,
793 3144 848 3185 et
867 3136 1021 3185 nullis
1042 3134 1362 3185 defensioni·

290 3213 388 3263 bus
413 3211 730 3276 expertum.'
794 3212 882 3262 Sic
914 3227 1059 3273 vero,
1080 3214 1149 3264 Q.
1174 3212 1364 3261 Fabius

287 3289 578 3353 Maximus,
621 3302 688 3337 ex
734 3296 878 3338 metu
922 3287 1176 3351 gravioris
1223 3287 1367 3349 belli,

290 3365 357 3416 A.
387 3367 455 3416 U.
486 3365 549 3415 C.
582 3369 701 3416 469.
734 3380 860 3417 ωιτη,
888 3365 1047 3415 tertio
1074 3371 1197 3414 ante
1230 3378 1365 3415 anno

292 3447 621 3501 consulatum
645 3452 888 3510 quartum
915 3443 1180 3508 gessisset,
1203 3443 1365 3493 etiam

292 3532 483 3577 contra
505 3524 649 3586 leges
684 3521 855 3573 denuo
890 3527 1102 3572 creatus
1133 3527 1213 3570 est
1242 3535 1365 3570 cou-

288 3603 386 3653 sul.
455 3599 611 3657 Quod
651 3598 814 3650 refert
850 3599 959 3649 Liv.
1000 3601 1159 3648 x.13.
1196 3604 1211 3628 ⁴
1236 3600 1386 3648 Cum*

289 3679 508 3731 comitia
551 3674 843 3726 consularis
901 3675 1178 3732 instarent.
1224 3673 1368 3724 fama

290 3761 500 3816 exorta,
520 3754 765 3803 Etruscos
785 3751 1153 3816 Samnitesque
1190 3749 1366 3814 ingen·

293 3838 373 3882 tes
394 3829 728 3881 conscribere
753 3828 1016 3878 exercitus
1041 3843 1058 3888 ς
1082 3856 1262 3878 .....
1282 3827 1367 3876 bic

271 3897 491 3972 uerter,
517 3923 636 3958 cnm
661 3907 890 3956 illustres
912 3906 1011 3956 viri
1043 3906 1388 3957 consulatum„

294 3992 753 4051 peterent,omues
772 3984 825 4033 in
841 3983 1041 4035 Q.Fab.
1057 3983 1365 4041 Maximum,

296 4065 465 4127 primo
483 4075 589 4111 uon
612 4058 1123 4124 petentem,deinde,
1148 4066 1203 4108 ut
1222 4059 1364 4109 incli-

296 4148 422 4190 nata
459 4137 638 4188 ‘studia
661 4136 808 4198 vidit,
831 4136 987 4185 etiam
1024 4145 1368 4193 recusantem,

300 4215 582 4269 convertit.
596 4244 637 4262 ..
656 4212 845 4274 Legem
865 4211 1070 4260 recitari
1078 4212 1254 4275 jussit,
1269 4226 1369 4275 qua

302 4294 435 4343 iutra
456 4291 642 4343 decem
666 4303 830 4340 anuos
853 4289 1076 4341 eundem
1101 4290 1367 4341 consulem

2350 370 2486 440 845

1986 529 2089 579 Vix
2126 542 2235 594 prm
2257 529 2484 592 strepitu

1423 607 1603 657 audita
1636 608 1722 656 lex
1756 616 1868 657 este
1913 604 2109 657 tribuni
2140 605 2325 670 plebis,
2357 605 2487 655 nihil

1421 682 1477 733 id
1506 683 1864 746 impedimenti
1899 681 2127 732 futurum
2159 681 2396 745 aiebant3
2427 695 2487 732 se

1422 759 1487 809 ad
1527 761 1771 822 populum
1808 760 2023 816 laturos,
2058 765 2117 808 ut
2150 758 2351 821 legibus
2385 760 2488 808 sol·

1424 839 1675 888 veretur-⁹
1739 838 1920 889 Simile
1957 839 2251 902 exemplum
2292 837 2490 888 inveni·

1422 529 1566 582 retici
1591 544 1692 582 non
1713 531 1918 583 liceret.

1393 928 1536 970 ,mus
1581 915 1632 963 in
1670 915 1781 965 vita
1826 915 1886 964 C.
1922 915 2100 977 Marii,
2128 915 2216 980 qui
2254 914 2490 979 inprimis

1423 998 1643 1055 propter
1676 990 1868 1041 bellum
1904 991 2242 1054 Cimbricum,
2277 1005 2372 1053 per
2394 991 2491 1041 ali-

1424 1075 1553 1132 quot
1576 1081 1758 1126 annos‚
1780 1082 1845 1116 ex
1867 1067 2048 1131 populi
2072 1066 2293 1117 Romani
2309 1067 2492 1117 volun·

1424 1153 1556 1203 tate,
1600 1147 1924 1196 consulatum
1971 1145 2324 1208 continuavit3
2371 1159 2490 1196 cnm

1422 1219 1490 1270 Α.
1509 1223 1578 1271 U.
1600 1222 1665 1272 C.
1684 1225 1803 1272 646.
1821 1226 1940 1273 649.
1959 1226 2076 1271 660.
2097 1226 2214 1272 661.
2233 1226 2351 1272 662.
2374 1224 2491 1271 668.

1423 1301 1542 1349 664.
1561 1301 1676 1347 667.
1700 1299 1879 1348 consul
1902 1296 2094 1359 fuerit3
2126 1297 2280 1347 immo
2310 1311 2493 1347 secuu-

1426 1374 1549 1424 dum
1585 1381 1643 1423 et
1684 1373 1897 1425 tertium
1934 1374 2260 1423 consulatum
2305 1373 2492 1423 absens

1427 1451 1762 1515 susceperit;
1795 1451 1932 1516 quod
1959 1464 2056 1515 per
2079 1450 2220 1513 leges
2240 1448 2356 1499 fieri
2387 1463 2491 1500 non

1426 1529 1708 1592 potuisset,
1750 1528 1850 1577 nisi
1892 1527 1947 1577 in
1989 1526 2223 1592 periculo
2264 1525 2494 1589 publico,

1424 1618 1728 1669 summaque
1763 1603 2101 1664 necessitate,
2120 1600 2325 1664 legibus
2358 1601 2494 1651 solu·

1427 1685 1512 1730 tus
1546 1679 1749 1738 fuisset,
1785 1688 1921 1730 teste
1957 1678 2260 1741 Plutarcho,
2292 1677 2343 1726 in
2379 1677 2494 1727 Ma·

1429 1757 1526 1814 rio,
1551 1760 1604 1822 p.
1622 1761 1739 1808 412.
1805 1758 1938 1810 Qum
1963 1771 2086 1806 vero
2113 1756 2252 1818 leges
2273 1754 2496 1818 impera·

1430 1839 1597 1883 torum
1617 1833 1935 1898 temporibus
1953 1847 2054 1883 uon
2069 1832 2290 1896 amplius
2307 1831 2493 1881 stricte

1429 1910 1718 1959 observ-te
1762 1916 1901 1959 sunt.
1966 1909 2238 1970 Ceterum,
2280 1922 2377 1972 pro
2412 1922 2496 1958 se·

1428 1993 1622 2050 quente
1647 1985 1805 2037 verbo
1836 1990 2066 2050 posceret,
2096 1984 2362 2036 Livineius
2385 1984 2497 2035 edi·

1428 2062 1508 2113 dit
1540 2069 1773 2126 noscent,
1810 2070 1868 2114 et
1901 2064 1954 2113 in
1988 2062 2174 2113 codice
2209 2063 2496 2114 Parisiensi

1429 2142 1684 2203 scriptum
1711 2148 1791 2192 est
1810 2147 2042 2206 posceret.
2075 2142 2245 2192 Idem.

1507 2217 1677 2267 Virum
1691 2218 1928 2282 posceret]
1971 2219 2139 2269 Virrius
2164 2220 2380 2267 nosceret
2411 2215 2511 2265 Li·-

1432 2293 1540 2343 vin.
1565 2295 1617 2342 in
1643 2301 1791 2343 textu
1813 2310 1829 2353 ς
1861 2294 1950 2343 sed
1973 2293 2026 2343 in
2050 2293 2302 2356 margine,
2335 2291 2498 2341 Virum

1426 2375 1641 2434 posceret
1665 2370 1733 2421 V.
1757 2370 1818 2421 C.
1844 2369 1914 2420 G.
1937 2369 2000 2419 R.
2070 2368 2275 2420 Probat
2298 2374 2355 2419 et
2385 2368 2517 2419 Ritu

1434 2446 1596 2497 tersh.
2328 2462 2335 2469 ⁴

1504 2521 1697 2585 Virum]
1732 2522 1805 2572 Ut
1829 2521 2043 2572 Fabium
2062 2520 2352 2572 Maximam
2370 2520 2503 2571 mul·

1432 2601 1591 2650 toties
1612 2599 1894 2650 consulem.
1927 2600 2081 2649 Rern.

1504 2677 1614 2726 Non
1637 2673 1931 2736 consulatus]
1965 2674 2055 2723 Sic
2077 2673 2130 2722 in
2162 2672 2299 2722 omni
2321 2685 2505 2722 mune·

1436 2767 1492 2802 re
1512 2752 1749 2808 deberet,
1785 2765 1891 2800 non
1915 2749 2040 2799 illud
2075 2747 2384 2812 hominibus,
2406 2745 2501 2796 sed

1435 2830 1670 2880 homines
1701 2828 1801 2892 ipsi
1827 2826 1978 2888 dari3
2013 2825 2066 2875 id
2104 2830 2203 2890 est,
2237 2838 2338 2874 non
2372 2830 2431 2873 ut
2465 2823 2501 2872 ii

1438 2921 1534 2972 per
1587 2903 1814 2956 officium
1859 2903 2142 2964 auctiores,
2184 2899 2276 2950 sed
2324 2905 2384 2950 ut
2425 2899 2507 2948 illi

1437 2989 1774 3049 prospectum
1825 2987 2138 3041 cautumque
2196 2990 2293 3040 per
2343 2976 2503 3040 ipsos.

1436 3059 1604 3111 Simili
1626 3057 1883 3107 sententia
1906 3055 2104 3104 Seneca
2126 3051 2332 3115 scripsit
2368 3051 2502 3101 Con·

1436 3139 1531 3188 sol.
1557 3137 1621 3207 ad
1651 3136 1914 3198 Helviam,
1930 3149 1977 3184 c.
2000 3137 2080 3184 13.
2113 3132 2133 3160 ‘
2154 3131 2287 3186 Quis
2304 3130 2382 3180 M.
2405 3129 2511 3180 Ca·

1439 3215 1577 3265 tonis
1598 3213 1930 3278 ignominiam
1955 3217 2108 3276 putet
2131 3209 2312 3271 fuisse,
2336 3206 2507 3271 dupli-

1439 3307 1556 3343 cem
1589 3291 1640 3342 iu
1665 3293 1918 3357 petitione
1945 3295 2193 3354 praeturae
2223 3294 2282 3338 et
2318 3300 2507 3338 consu·

1437 3371 1576 3421 latus
1612 3370 1917 3434 repulsam?
1952 3366 2233 3430 ignominia
2255 3365 2344 3415 illa
2371 3370 2522 3429 prm-⁵

1443 3452 1576 3499 turae
1624 3455 1681 3497 et
1719 3447 2017 3499 consulatus
2052 3444 2168 3499 fuit.
2207 3442 2394 3506 quibus
2437 3454 2522 3491 ex·

1442 3526 1646 3576 Catone
1670 3525 1832 3574 bonor
1857 3519 2181 3574 habebatur?
2214 3520 2354 3584 Lips.

1511 3604 1625 3651 Non
1647 3604 1916 3653 consulatus
1936 3597 2225 3660 homiuibus]
2261 3597 2306 3646 Ι.
2330 3610 2378 3645 e.
2404 3609 2508 3645 non

1443 3683 1548 3728 tam
1570 3678 1866 3728 consulatus
1884 3675 2064 3726 iisdem
2080 3672 2370 3723 hominibus
2395 3670 2512 3721 red·

1442 3754 1722 3817 debantur,
1744 3759 1804 3803 ut
1826 3754 1878 3802 hi
1900 3753 2019 3802 inde
2037 3749 2395 3801 honoratiores
2420 3763 2510 3799 ex·

1444 3832 1700 3892 isterent3
1743 3844 1900 3896 quam
1936 3830 2169 3879 homines
2205 3826 2359 3876 iidem
2394 3825 2521 3875 red-·

1444 3905 1724 3968 debantur,
1767 3913 1823 3956 et
1861 3906 2032 3957 denuo
2070 3903 2511 3969 praeficiebantur,

1445 3984 1819 4039 consulatibus,
1843 3990 1902 4032 ut
1932 3997 1995 4031 ex
2032 3981 2292 4045 dignitate
2315 3989 2372 4030 et
2407 3995 2512 4030 me·

1445 4062 1560 4111 ritis
1599 4059 1879 4112 eorundem
1920 4059 2184 4107 bominum
2224 4058 2387 4121 major
2418 4057 2527 4106 ho·

1445 4151 1542 4186 nor
1561 4136 1914 4201 splendorque
1937 4132 2215 4184 accederet
2237 4133 2511 4182 consulati·

1445 4213 1559 4270 bus,
1579 4213 1835 4278 salutique
1862 4209 2087 4276 publicae
2102 4210 2513 4273 prospiceretur.

1448 4290 1572 4342 Huc
1607 4291 1721 4356 jam
1761 4285 2281 4356 Lipsiussssaudius,
2312 4292 2367 4337 et
2408 4286 2515 4341 alii,
