3017 4942
668 388 776 468 ⁸e.
821 386 1071 437 rmum
1117 385 1453 439 saeuum
1500 385 1786 439 mnne.
1860 389 1911 441 1.
1940 372 2051 441 19.

277 537 341 589 Id
374 550 497 586 vero
530 536 586 586 ln
620 534 1019 600 imperatoribus
1039 535 1342 601 magnisque

279 615 395 665 belli
413 614 636 675 ducibus
650 614 884 679 inprimis
907 614 1104 664 landari
1128 629 1341 665 consuc-

282 693 369 748 vit,
394 693 439 741 si
464 693 603 757 quis,
633 690 771 758 quod
808 691 1023 741 Sallust.
1047 690 1202 742 Catil.
1224 705 1342 754 cap.

277 774 356 821 6⁰.
377 770 535 825 dixit,
557 779 574 799 ‘
597 777 653 820 et
679 769 881 820 strenui
913 769 1112 825 militis,
1131 773 1189 818 et
1221 768 1342 818 boni

276 847 627 911 imperatoris,
645 844 838 910 officia,
859 846 1009 897 simul
1033 860 1344 911 exsequere·

277 922 398 974 tnr.'
467 922 624 975 Quod
655 923 722 972 de
743 936 801 972 se
825 922 1342 988 promittebat·etiam

274 1000 498 1055 Marius,
519 999 657 1065 apud
677 998 897 1049 eundem
916 1000 1128 1050 Sallust.
1148 999 1183 1051 J
1188 1014 1275 1064 ug.
1299 1013 1348 1051 c·

274 1082 355 1130 85.
397 1079 413 1107 ‘
436 1080 665 1142 Egomet
704 1078 757 1127 in
794 1077 1016 1142 agmine,
1052 1078 1104 1128 in
1142 1077 1346 1142 praelio,

194 1170 201 1174 ·
274 1155 542 1206 consultor
563 1155 791 1218 idem,et
807 1155 974 1205 socius
1001 1155 1240 1219 periculi,
1257 1168 1343 1205 vo·

275 1232 472 1283 biscum
506 1231 701 1294 ader03
735 1246 917 1298 meque
947 1246 1140 1298 vosque
1163 1232 1217 1281 in
1239 1245 1343 1281 om-

273 1310 427 1360 nibus
459 1308 616 1358 rebus
635 1310 793 1373 juxta
825 1308 1040 1373 geram-⁹
1103 1311 1224 1363 Quo
1253 1324 1344 1360 no·

272 1388 419 1436 mine
437 1385 685 1436 laudatur
711 1387 870 1437 etiam
893 1386 1253 1452 Agamemnon
1280 1387 1347 1438 ab

274 1462 536 1526 Homero,
569 1463 726 1513 Iliad.
756 1477 843 1515 ln.
875 1468 986 1515 1⁷9.
1035 1462 1346 1530 ’Amor-spor,

271 1538 515 1595 βασιλεύς
539 1540 586 1590 τ’
617 1539 813 1604 ἀγαθὸς,
843 1538 1068 1606 κρατερός
1092 1541 1138 1591 τ’
1171 1539 1345 1604 aimin-

268 1616 379 1681 τὴς,
398 1622 674 1682 utrumque,
695 1633 786 1668 rex
816 1618 977 1683 bonas,
994 1623 1045 1670 et
1061 1617 1221 1679 sortis
1252 1619 1347 1670 bel-

272 1697 422 1747 lator.
491 1696 672 1746 Verbo
709 1702 902 1754 autem,
937 1696 1124 1767 misceo,
1162 1697 1347 1748 eodem

272 1771 393 1824 fere
419 1773 580 1823 modo
614 1787 735 1824 usus
758 1780 839 1824 est
861 1774 975 1825 Liv.
994 1776 1030 1824 l.
1051 1788 1179 1824 vm.
1201 1788 1248 1825 c.
1268 1777 1351 1825 30.

274 1851 292 1879 ‘
313 1850 497 1902 Sensit
530 1850 732 1914 peritus
768 1850 895 1913 dux,
922 1883 939 1903 .
966 1883 982 1903 .
1007 1884 1022 1900 .
1054 1857 1349 1915 temperan-

275 1927 403 1978 dum
433 1926 707 1991 ingenium
740 1942 889 1978 suum
912 1942 1048 1990 esse,
1071 1935 1128 1979 et
1155 1928 1350 1979 severi-

273 2011 443 2056 tatem
486 2004 804 2057 miscendam
837 2004 1122 2059 comitate-⁹
1182 2005 1352 2059 Tacit.

275 2082 424 2133 Hist.
460 2095 550 2133 ιιι.
579 2086 663 2132 65.
697 2089 713 2112 ⁴
736 2082 892 2133 Haud
926 2081 1087 2135 facile
1121 2082 1356 2146 libertas,

276 2166 334 2210 et
380 2159 601 2218 domini,
642 2160 966 2211 miscentur!
1040 2161 1170 2226 Ipso
1209 2162 1354 2213 Ptin.

275 2235 455 2301 Epist.
478 2249 606 2285 vm.
630 2241 682 2285 5.
700 2244 758 2287 et
778 2239 864 2286 21.
896 2237 1049 2289 Idem.

2355 376 2488 446 513
2565 400 2572 405 ’

1480 535 1775 604 M'sscueras]
1796 538 2129 589 Auctoritate
2146 547 2203 590 et
2218 529 2490 608 comitate,

1417 619 1529 663 tum
1559 615 1736 676 etiam,
1759 615 1897 679 quod
1920 614 2168 679 exigebas
2190 631 2352 682 opera
2372 619 2485 671 sive

1415 689 1692 752 exercitia,
1712 695 1769 740 et
1791 689 1927 740 idem
1955 692 2157 743 obibus.
2187 692 2323 758 Lips-

1481 766 1777 832 Miscueras]
1815 768 1833 797 ‘
1859 769 2040 819 Nerva
2060 770 2236 820 Caesar
2258 784 2342 820 res
2363 771 2486 821 olim

1417 841 1776 894 dissociabiles
1811 845 2036 903 miscuit,
2057 845 2407 912 principatum
2432 853 2489 898 et

1418 920 1759 985 libertatem,'
1780 922 1947 974 Tacit.
1966 921 2094 984 Agr.
2111 937 2160 974 c.
2176 929 2226 975 3.
2292 923 2492 976 Videa-

1421 1005 1507 1048 tur
1529 998 1730 1064 Paneg.
1754 1012 1915 1050 xxiv.
1940 1003 1987 1049 l.
2018 1001 2171 1051 Bm.

1483 1076 1724 1141 Emetor]
1761 1077 1850 1127 Sic
1884 1078 2220 1142 utplurimum
2254 1083 2490 1140 vocatur,

1419 1154 1511 1219 qui
1544 1157 1786 1220 vectigal,
1809 1164 1900 1207 aut
1934 1157 2087 1207 aliam
2121 1169 2491 1222 quamcunque

1423 1232 1717 1296 pecuniam,
1758 1234 1944 1296 exigit.
2024 1233 2144 1285 Hoc
2190 1247 2316 1285 vero
2353 1233 2490 1293 loco,

1419 1313 1618 1360 exactor
1648 1309 1843 1360 dicitnr
1866 1310 1929 1373 is,
1948 1310 2035 1374 qui
2064 1310 2374 1375 praepositns
2407 1316 2493 1360 est

1422 1394 1671 1453 tanquam
1722 1396 1897 1439 custos
1946 1395 2003 1438 et
2053 1388 2377 1447 observator,
2423 1387 2493 1438 ad

1422 1465 1735 1530 exigendum
1767 1465 1959 1531 aliquid
1992 1464 2493 1531 conficiendumque.

1421 1541 1556 1593 Inde
1580 1542 1779 1594 Colum.
1801 1555 1889 1592 ιιι.
1912 1545 1995 1591 13.
2035 1542 2051 1569 ‘
2077 1542 2228 1606 Opus
2262 1541 2382 1604 est‚’
2414 1543 2494 1592 in·

1422 1620 1560 1685 quit,
1582 1619 1599 1647 ‘
1623 1618 1795 1683 perito
1825 1633 1888 1668 ac
1924 1617 2174 1682 vigilante
2211 1616 2497 1668 exactore-⁹

1423 1695 1550 1760 Ipse
1587 1696 1726 1747 Plin.
1762 1695 1934 1761 Epist.
1968 1709 2056 1746 tx.
2087 1698 2169 1745 37.
2214 1702 2230 1726 ·
2253 1696 2333 1746 Ex
2368 1694 2500 1745 meis

1427 1775 1628 1841 aliquos
1691 1780 1982 1844 exactores·
2027 1773 2194 1838 operi,
2246 1771 2494 1824 custodes

1426 1849 1707 1915 fructibus,
1751 1850 1975 1915 ponam.'
2060 1849 2312 1901 Suetonio
2356 1849 2502 1900 Caes·

1425 1942 1476 1979 c·
1507 1932 1594 1980 05.
1630 1929 1827 1979 dicitur
1868 1935 1884 1958 ‘
1909 1934 2127 1980 exactor
2163 1928 2502 1994 gravissimus

1426 2005 1747 2069 disciplinae.’
1779 2005 2025 2056 Solu-orz-

1491 2083 1565 2133 Et
1584 2081 1891 2147 interpretes]
1926 2082 2014 2132 Ita
2035 2083 2133 2132 hoc
2154 2081 2271 2133 loco
2292 2094 2395 2130 non
2419 2078 2499 2130 d'r'·

1427 2165 1620 2210 cuntur
1642 2161 1698 2224 ii,
1722 2160 1809 2224 qui
1835 2159 2049 2209 aliorum
2068 2173 2154 2209 res
2178 2166 2354 2223 gestas
2377 2157 2502 2206 sim-

1427 2237 1636 2302 pliciter
1655 2236 1894 2287 nuntiant
1916 2243 1970 2286 et
1989 2234 2259 2297 referunt3
2295 2234 2389 2285 sed
2406 2233 2498 2300 qui

355 2313 703 2376 Imperatorem
754 2313 1246 2390 commilitonemque]
1284 2316 1354 2369 Et
1382 2324 1387 2328 ’
1418 2313 1679 2380 judicium
1718 2329 1867 2364 suum
1903 2314 2262 2379 interponunt,
2292 2318 2367 2374 et,
2404 2325 2506 2376 pro

272 2390 290 2420 ⁸
313 2391 473 2444 Titus
511 2391 568 2439 in
603 2404 785 2454 opere,
821 2391 873 2440 in
911 2393 1136 2457 agmine,
1170 2407 1356 2457 grega-
1386 2430 1395 2440 .

273 2467 358 2519 rio
403 2468 562 2519 militi
606 2470 819 2529 mixtus,
862 2471 1166 2536 incorrupto
1204 2471 1365 2525 ducis

272 2543 517 2608 bonore‚'
543 2546 671 2596 Tac.
695 2547 843 2598 Hist·
858 2561 914 2599 v.
938 2553 986 2599 l.
1019 2555 1037 2579 ‘
1055 2550 1126 2600 Et
1156 2550 1356 2613 Philip·

274 2636 376 2686 pus
396 2623 466 2671 im
476 2630 690 2685 perator
709 2624 839 2675 nihil
861 2626 1118 2690 majestati
1137 2641 1244 2677 suae
1266 2627 1357 2677 de·

274 2697 477 2748 cedere
495 2700 723 2762 putavit,
739 2702 941 2751 etiamsi
959 2703 1218 2753 scholares
1234 2718 1356 2754 suos

272 2775 728 2827 conscholasticus
752 2780 1066 2843 appellaret,
1087 2795 1186 2832 non
1210 2794 1359 2831 secus

275 2865 347 2902 ae
379 2851 506 2901 olim
541 2850 811 2904 fortissimi
844 2855 1205 2920 imperatores,
1229 2857 1358 2907 mili-

275 2934 369 2979 tes.
428 2929 816 2981 commilitones
859 2932 1151 2983 vocarunt?
1238 2933 1358 2984 Pic-

275 3011 419 3056 cart·
438 3005 561 3055 dec.
583 3020 689 3057 vu.
712 3021 760 3058 c.
782 3011 834 3058 1.
853 3022 919 3059 ex
946 3009 1184 3060 Historia
1212 3010 1357 3060 Scla-

278 3083 475 3132 vonica
499 3082 773 3145 Helmoldi
797 3098 896 3135 vu.
917 3090 997 3137 14.
1053 3086 1140 3137 Sic
1165 3083 1360 3150 Caesar,

278 3156 431 3210 Suet.
460 3172 510 3209 c.
530 3163 616 3209 67.
683 3157 922 3224 Augusto
960 3169 1133 3211 tamen
1165 3161 1359 3225 impro-

280 3232 470 3298 bante,
503 3235 655 3286 Suet.
690 3251 740 3287 c.
769 3242 854 3288 25.
920 3237 1121 3289 Auctor
1158 3238 1360 3289 Hister.

280 3312 514 3363 Miscell.
538 3317 738 3364 vll-16.
771 3313 791 3342 ‘
815 3330 998 3365 nomen
1023 3330 1169 3366 suum
1190 3323 1247 3366 et
1267 3316 1362 3366 mi·

281 3392 392 3442 litis
425 3391 676 3444 miscuit.'
714 3392 906 3457 voum,
939 3394 1105 3444 Tacit·
1145 3394 1286 3445 Hist.
1319 3407 1362 3444 ι.

282 3475 371 3522 37.
428 3469 564 3534 Agr.
596 3485 645 3522 c.
673 3475 758 3521 31.
814 3472 1007 3530 Galba,
1037 3472 1191 3523 Suet.
1211 3487 1258 3521 c.
1280 3477 1363 3522 20.

281 3545 594 3609 Imperator
620 3546 757 3609 apud
788 3546 1042 3597 Ammian.
1072 3548 1242 3599 Marc.
1271 3548 1363 3597 lib.

284 3635 458 3673 xxix.
471 3637 521 3672 c.
534 3627 616 3673 26.
629 3629 645 3652 ‘
656 3623 846 3673 milites
861 3624 1261 3675 contubernales
1275 3623 1364 3674 de·

282 3706 441 3750 votos
474 3700 850 3764 compellavit‚’
886 3715 1016 3766 quos
1051 3702 1068 3730 ‘
1093 3715 1364 3752 consecra-

285 3790 417 3827 neos
444 3776 645 3835 etiam‚’
674 3777 911 3841 ejusdem
938 3778 1251 3830 sacramenti
1272 3777 1366 3827 mi-

287 3856 464 3908 litaris
505 3856 812 3920 participes,
848 3858 933 3908 vel
968 3857 1249 3909 eorundem
1285 3870 1365 3907 sa·

287 3947 505 3984 crorum
557 3932 896 3985 castrensium
951 3934 1119 3984 socios
1170 3939 1366 3984 vocant

290 4008 599 4074 Scriptores
622 4009 768 4060 Hist.
794 4010 932 4074 Aug.
990 4011 1177 4061 Adbuc
1200 4010 1369 4075 longi-

292 4101 351 4136 us
378 4100 692 4152 progressus
729 4086 865 4151 Imp.
892 4088 1183 4138 Antoninus
1207 4090 1366 4139 Cara-

291 4162 423 4213 calla
442 4161 584 4226 apud
605 4161 891 4213 Herodian.
908 4164 997 4214 lib.
1014 4178 1095 4216 tv.
1111 4169 1256 4229 p.96.
1275 4164 1366 4231 qui

292 4251 328 4288 a
362 4239 618 4290 militibus
654 4239 1058 4291 commilitonem
1097 4256 1174 4306 se,
1212 4256 1366 4305 quam

294 4315 616 4381 principem,
631 4317 886 4381 appellari
910 4316 1154 4369 malebat.
1189 4319 1344 4370 Rern.

421 4396 609 4464 Delphs
640 4402 691 4450 et
722 4397 843 4452 Varo
864 4398 1000 4454 Ulmo

1154 4462 1162 4468 ,
1255 4399 1447 4462 Paueg.
1477 4398 1586 4451 Vct.

1428 2390 1587 2441 animi
1619 2389 1699 2440 sui
1735 2387 1950 2446 affectu,
1985 2402 2087 2453 res,
2119 2391 2201 2439 vel
2237 2389 2290 2439 in
2321 2388 2504 2438 melio·

1431 2481 1561 2532 rem,
1580 2467 1665 2517 vel
1690 2467 1744 2517 in
1775 2466 2090 2517 deteriorem
2113 2474 2340 2531 partem,
2362 2465 2502 2528 r'api-

1429 2552 1543 2597 unt.
1612 2543 1925 2607 Hujusmodi
1958 2543 2275 2606 interpretes
2306 2540 2503 2596 intelli·

1431 2623 1509 2686 git
1545 2622 1826 2672 Petronius
1864 2635 1912 2671 c.
1938 2623 2050 2670 107.
2082 2619 2100 2647 ⁶
2124 2616 2298 2675 Quod,
2332 2618 2511 2675 velim,

1430 2706 1539 2750 tam
1576 2698 1794 2750 candide
1825 2695 1891 2747 ad
1919 2702 2118 2746 vestras
2142 2709 2293 2745 aures
2315 2707 2506 2759 perve-

1431 2777 1729 2842 niat‚quam
1753 2773 2061 2838 simpliciter
2081 2778 2285 2837 gestum
2307 2777 2405 2821 est.
2426 2801 2508 2820 ...

1432 2852 1576 2905 Quid
1599 2851 1812 2910 attinet,
1829 2850 2102 2899 veritatem
2128 2862 2223 2912 per
2245 2848 2505 2910 interpre-

1433 2939 1542 2984 tem
1567 2929 1848 2998 quoererei’
1899 2930 2086 2979 Cicero
2105 2929 2201 2979 bos
2226 2924 2513 2993 ‘fallaces'

1433 3017 1589 3060 vocat
1621 3008 1638 3036 ⁶
1662 3004 2020 3071 interpretes,’
2051 3004 2220 3070 Epist.
2253 3019 2308 3055 c..
2327 3007 2405 3053 10.
2433 3003 2508 3061 ad

1426 3087 1688 3137 Brutum:
1714 3090 1729 3116 ⁶
1749 3085 2010 3135 Caesarem
2028 3078 2425 3147 improbissimis
2442 3080 2506 3131 li-

1436 3164 1564 3214 teris
1587 3162 1818 3228 quidam.
1836 3160 2217 3224 fallacibusque
2246 3159 2507 3222 interpre-

1435 3240 1596 3298 tibus,
1615 3254 1675 3290 ac
1708 3238 1922 3293 nuntiis,
1945 3237 2264 3301 impulerunt
2288 3235 2339 3287 in
2359 3249 2513 3300 spem

1436 3315 1780 3367 certissimam
1806 3310 2139 3365 consulatus?
2196 3311 2374 3361 Verbo
2396 3318 2412 3341 ³
2431 3311 2508 3361 in·

1437 3390 1751 3458 terpretsri’
1786 3389 2006 3440 eandem
2034 3388 2299 3438 notionem
2322 3385 2517 3437 tribuit:⁴

1435 3470 1607 3520 Tacit.
1642 3468 1832 3518 Annal.
1863 3481 1927 3518 ιι.
1949 3470 2031 3517 73.
2064 3467 2080 3495 ‘
2108 3466 2268 3524 Nam,
2302 3473 2360 3515 ut
2392 3465 2516 3530 quis

1437 3547 1799 3600 misericordia
1814 3547 1869 3597 in
1891 3545 2282 3609 Germanicum,
2299 3549 2357 3594 et
2374 3557 2514 3607 prm·

1437 3634 1609 3680 sumta
1631 3625 1947 3689 suspicione,
1968 3627 2059 3672 ant
2081 3620 2259 3671 favore
2282 3621 2335 3670 in
2362 3620 2510 3674 Piso-

1439 3718 1577 3767 nem,
1604 3703 1829 3768 pronior,
1860 3699 2053 3751 diversi
2090 3695 2516 3761 interpretaban-

1440 3778 1565 3832 tur!
1629 3778 1778 3830 Idem
1814 3778 2005 3828 Annal.
2030 3788 2118 3826 m.
2142 3779 2226 3825 25.
2256 3771 2515 3822 cavillati-

1436 3870 1566 3907 ones
1606 3854 1895 3906 delatorum
1937 3852 2121 3903 eodem
2165 3863 2318 3900 sensu
2353 3855 2516 3900 vocat

1439 3936 1455 3964 ⁸
1475 3932 1968 3996 interpretationes!
2002 3930 2154 3978 Idem.

1506 4005 1865 4071 Probabantur]
1901 4009 1953 4058 N
1957 4021 2023 4057 on
2043 4005 2197 4070 pauci
2212 4004 2440 4056 editores
2459 4005 2520 4056 in=

1443 4086 1695 4152 praesenti
1738 4094 1973 4151 tempore
2012 4083 2366 4134 exbibuerunt
2397 4097 2512 4148 pre-

1440 4164 1638 4215 bautur.
1698 4163 1912 4225 Verum,
1927 4175 2130 4218 omnes,
2147 4160 2237 4225 qni
2261 4159 2410 4210 nobis
2433 4160 2523 4209 in-

1442 4249 1682 4304 notuere,
1697 4239 1907 4290 codices
1931 4239 2059 4289 Mss.
2081 4251 2177 4288 nec
2199 4237 2368 4295 minus
2393 4236 2522 4286 libri-2

1443 4318 1763 4386 antiquiores
1817 4318 1957 4384 typis
2009 4315 2278 4381 descripti,
2320 4313 2518 4365 liabent

2264 4398 2296 4444 2
2328 4395 2388 4445 K
