<?xml version="1.0" encoding="UTF-8"?>
<!DOCTYPE html PUBLIC "-//W3C//DTD XHTML 1.0 Transitional//EN"
    "http://www.w3.org/TR/xhtml1/DTD/xhtml1-transitional.dtd">
<html xmlns="http://www.w3.org/1999/xhtml" xml:lang="en" lang="en">
 <head>
  <title>
</title>
<meta http-equiv="Content-Type" content="text/html;charset=utf-8" />
  <meta name='ocr-system' content='tesseract 3.04.00' />
  <meta name='ocr-capabilities' content='ocr_page ocr_carea ocr_par ocr_line ocrx_word'/>
</head>
<body>
  <div class='ocr_page' id='page_1' title='image "./panegyriciveter01unkngoog_0687.png"; bbox 0 0 3017 4942; ppageno 0'>
   <div class='ocr_carea' id='block_1_1' title="bbox 792 409 2135 497">
    <p class='ocr_par' dir='ltr' id='par_1_1' title="bbox 792 409 2135 497">
     <span class='ocr_line' id='line_1_1' title="bbox 792 409 2135 497; baseline 0.001 -22"><span class='ocrx_word' id='word_1_1' title='bbox 792 426 856 475; x_wconf 83' lang='lat' dir='ltr'>c.</span> <span class='ocrx_word' id='word_1_2' title='bbox 904 424 1149 476; x_wconf 73' lang='grc' dir='ltr'><strong>ΡιιΝιι</strong></span> <span class='ocrx_word' id='word_1_3' title='bbox 1200 422 1538 474; x_wconf 65' lang='lat' dir='ltr'>suevum</span> <span class='ocrx_word' id='word_1_4' title='bbox 1589 421 1871 475; x_wconf 67' lang='lat' dir='ltr'>mnne.</span> <span class='ocrx_word' id='word_1_5' title='bbox 1943 424 1996 472; x_wconf 87' lang='lat'>1.</span> <span class='ocrx_word' id='word_1_6' title='bbox 2024 409 2135 497; x_wconf 68' lang='lat'>90,</span> 
     </span>
    </p>
   </div>
   <div class='ocr_carea' id='block_1_2' title="bbox 367 565 1437 634">
    <p class='ocr_par' dir='ltr' id='par_1_2' title="bbox 367 565 1437 634">
     <span class='ocr_line' id='line_1_2' title="bbox 367 565 1437 634; baseline -0.002 -15"><span class='ocrx_word' id='word_1_7' title='bbox 367 571 474 630; x_wconf 88' lang='lat' dir='ltr'>cet,</span> <span class='ocrx_word' id='word_1_8' title='bbox 506 565 761 632; x_wconf 80' lang='lat' dir='ltr'>delectat,</span> <span class='ocrx_word' id='word_1_9' title='bbox 799 566 999 619; x_wconf 58' lang='lat' dir='ltr'>afficit)</span> <span class='ocrx_word' id='word_1_10' title='bbox 1065 570 1137 620; x_wconf 87' lang='lat' dir='ltr'>Et</span> <span class='ocrx_word' id='word_1_11' title='bbox 1160 567 1329 634; x_wconf 86' lang='lat' dir='ltr'>Epist.</span> <span class='ocrx_word' id='word_1_12' title='bbox 1350 580 1437 619; x_wconf 86' lang='grc' dir='ltr'><strong>ιιι.</strong></span> 
     </span>
    </p>
   </div>
   <div class='ocr_carea' id='block_1_3' title="bbox 354 643 1432 2091">
    <p class='ocr_par' dir='ltr' id='par_1_3' title="bbox 360 643 1432 1076">
     <span class='ocr_line' id='line_1_3' title="bbox 367 643 1431 711; baseline 0.003 -19"><span class='ocrx_word' id='word_1_13' title='bbox 367 646 415 692; x_wconf 90' lang='lat'>1.</span> <span class='ocrx_word' id='word_1_14' title='bbox 449 643 473 672; x_wconf 68' lang='lat'><em>⁶</em></span> <span class='ocrx_word' id='word_1_15' title='bbox 484 644 618 694; x_wconf 86' lang='lat' dir='ltr'>Sunt</span> <span class='ocrx_word' id='word_1_16' title='bbox 646 644 699 694; x_wconf 87' lang='lat' dir='ltr'>in</span> <span class='ocrx_word' id='word_1_17' title='bbox 732 660 828 695; x_wconf 87' lang='lat' dir='ltr'>usu</span> <span class='ocrx_word' id='word_1_18' title='bbox 856 653 911 694; x_wconf 84' lang='lat' dir='ltr'>et</span> <span class='ocrx_word' id='word_1_19' title='bbox 934 645 1227 707; x_wconf 77' lang='lat' dir='ltr'>Corinthia,</span> <span class='ocrx_word' id='word_1_20' title='bbox 1244 645 1431 711; x_wconf 88' lang='lat' dir='ltr'>quibus</span> 
     </span>
     <span class='ocr_line' id='line_1_4' title="bbox 362 720 1431 778; baseline 0 -6"><span class='ocrx_word' id='word_1_21' title='bbox 362 720 675 778; x_wconf 75' lang='lat' dir='ltr'><strong>delectatur,</strong></span> <span class='ocrx_word' id='word_1_22' title='bbox 712 735 810 772; x_wconf 85' lang='lat' dir='ltr'>nec</span> <span class='ocrx_word' id='word_1_23' title='bbox 843 720 1125 772; x_wconf 53' lang='lat' dir='ltr'>afficitur?</span> <span class='ocrx_word' id='word_1_24' title='bbox 1161 720 1250 772; x_wconf 91' lang='lat' dir='ltr'>ubi</span> <span class='ocrx_word' id='word_1_25' title='bbox 1286 728 1431 772; x_wconf 86' lang='lat' dir='ltr'>recte</span> 
     </span>
     <span class='ocr_line' id='line_1_5' title="bbox 363 796 1431 865; baseline 0.003 -19"><span class='ocrx_word' id='word_1_26' title='bbox 363 796 568 846; x_wconf 72' lang='lat' dir='ltr'>notavit</span> <span class='ocrx_word' id='word_1_27' title='bbox 592 798 870 856; x_wconf 75' lang='lat' dir='ltr'>cellarius,</span> <span class='ocrx_word' id='word_1_28' title='bbox 897 798 1155 865; x_wconf 79' lang='lat' dir='ltr'>modicam</span> <span class='ocrx_word' id='word_1_29' title='bbox 1190 799 1431 864; x_wconf 77' lang='lat' dir='ltr'>volupta-</span> 
     </span>
     <span class='ocr_line' id='line_1_6' title="bbox 363 872 1432 939; baseline 0.002 -15"><span class='ocrx_word' id='word_1_30' title='bbox 363 880 472 924; x_wconf 87' lang='lat' dir='ltr'>tem</span> <span class='ocrx_word' id='word_1_31' title='bbox 494 875 511 904; x_wconf 89' lang='lat'>‘</span> <span class='ocrx_word' id='word_1_32' title='bbox 527 874 827 925; x_wconf 82' lang='lat' dir='ltr'>delectandi</span> <span class='ocrx_word' id='word_1_33' title='bbox 843 872 860 897; x_wconf 87' lang='lat'>&#39;</span> <span class='ocrx_word' id='word_1_34' title='bbox 883 875 1066 936; x_wconf 83' lang='lat' dir='ltr'>verbo,</span> <span class='ocrx_word' id='word_1_35' title='bbox 1084 876 1352 939; x_wconf 72' lang='lat' dir='ltr'>mojorem,</span> <span class='ocrx_word' id='word_1_36' title='bbox 1374 881 1432 926; x_wconf 86' lang='lat' dir='ltr'>et</span> 
     </span>
     <span class='ocr_line' id='line_1_7' title="bbox 360 948 1430 1017; baseline 0.002 -18"><span class='ocrx_word' id='word_1_37' title='bbox 360 950 592 1009; x_wconf 78' lang='lat' dir='ltr'>nimiam,</span> <span class='ocrx_word' id='word_1_38' title='bbox 608 951 769 1002; x_wconf 83' lang='lat' dir='ltr'>verbo</span> <span class='ocrx_word' id='word_1_39' title='bbox 783 953 799 980; x_wconf 79' lang='lat'>⁶</span> <span class='ocrx_word' id='word_1_40' title='bbox 817 948 1083 1005; x_wconf 72' lang='lat' dir='ltr'>efficiendi</span> <span class='ocrx_word' id='word_1_41' title='bbox 1099 951 1114 973; x_wconf 88' lang='lat'>’</span> <span class='ocrx_word' id='word_1_42' title='bbox 1126 954 1166 1002; x_wconf 90' lang='lat' dir='ltr'>si</span> <span class='ocrx_word' id='word_1_43' title='bbox 1173 951 1430 1017; x_wconf 78' lang='lat' dir='ltr'>gnificsri.</span> 
     </span>
     <span class='ocr_line' id='line_1_8' title="bbox 362 1025 519 1076; baseline 0.006 -2"><span class='ocrx_word' id='word_1_44' title='bbox 362 1025 519 1076; x_wconf 82' lang='lat' dir='ltr'>Idem.</span> 
     </span>
    </p>

    <p class='ocr_par' dir='ltr' id='par_1_4' title="bbox 354 1102 1429 2091">
     <span class='ocr_line' id='line_1_9' title="bbox 426 1102 1427 1169; baseline 0.003 -17"><span class='ocrx_word' id='word_1_45' title='bbox 426 1103 513 1152; x_wconf 72' lang='lat' dir='ltr'>Ex</span> <span class='ocrx_word' id='word_1_46' title='bbox 532 1102 878 1169; x_wconf 73' lang='lat' dir='ltr'>communibus]</span> <span class='ocrx_word' id='word_1_47' title='bbox 912 1104 958 1155; x_wconf 90' lang='grc' dir='ltr'><strong>Ι.</strong></span> <span class='ocrx_word' id='word_1_48' title='bbox 976 1118 1024 1153; x_wconf 89' lang='lat' dir='ltr'>e.</span> <span class='ocrx_word' id='word_1_49' title='bbox 1049 1109 1267 1168; x_wconf 88' lang='lat' dir='ltr'>propter</span> <span class='ocrx_word' id='word_1_50' title='bbox 1288 1118 1427 1155; x_wconf 87' lang='lat' dir='ltr'>com·</span> 
     </span>
     <span class='ocr_line' id='line_1_10' title="bbox 359 1181 1426 1246; baseline 0.001 -15"><span class='ocrx_word' id='word_1_51' title='bbox 359 1193 540 1232; x_wconf 82' lang='lat' dir='ltr'>munes</span> <span class='ocrx_word' id='word_1_52' title='bbox 563 1181 795 1245; x_wconf 77' lang='lat' dir='ltr'>injurius.</span> <span class='ocrx_word' id='word_1_53' title='bbox 860 1181 1063 1232; x_wconf 83' lang='lat' dir='ltr'>Tritum</span> <span class='ocrx_word' id='word_1_54' title='bbox 1092 1182 1231 1232; x_wconf 86' lang='lat' dir='ltr'>enim</span> <span class='ocrx_word' id='word_1_55' title='bbox 1263 1188 1364 1246; x_wconf 87' lang='lat' dir='ltr'>est,</span> <span class='ocrx_word' id='word_1_56' title='bbox 1383 1197 1426 1239; x_wconf 83' lang='lat' dir='ltr'>e,</span> 
     </span>
     <span class='ocr_line' id='line_1_11' title="bbox 360 1257 1428 1320; baseline 0.003 -15"><span class='ocrx_word' id='word_1_57' title='bbox 360 1257 449 1306; x_wconf 74' lang='lat' dir='ltr'>vel</span> <span class='ocrx_word' id='word_1_58' title='bbox 487 1268 568 1319; x_wconf 70' lang='lat' dir='ltr'>ex,</span> <span class='ocrx_word' id='word_1_59' title='bbox 605 1271 747 1320; x_wconf 82' lang='lat' dir='ltr'>saepe</span> <span class='ocrx_word' id='word_1_60' title='bbox 793 1257 1066 1307; x_wconf 73' lang='lat' dir='ltr'>declarare</span> <span class='ocrx_word' id='word_1_61' title='bbox 1104 1273 1359 1319; x_wconf 76' lang='lat' dir='ltr'>caussam,</span> <span class='ocrx_word' id='word_1_62' title='bbox 1395 1273 1428 1309; x_wconf 78' lang='lat' dir='ltr'>u</span> 
     </span>
     <span class='ocr_line' id='line_1_12' title="bbox 360 1335 1428 1400; baseline 0.005 -20"><span class='ocrx_word' id='word_1_63' title='bbox 360 1347 482 1397; x_wconf 80' lang='lat' dir='ltr'>qua,</span> <span class='ocrx_word' id='word_1_64' title='bbox 501 1335 581 1383; x_wconf 85' lang='lat' dir='ltr'>vel</span> <span class='ocrx_word' id='word_1_65' title='bbox 609 1339 827 1398; x_wconf 86' lang='lat' dir='ltr'>propter</span> <span class='ocrx_word' id='word_1_66' title='bbox 846 1349 1019 1400; x_wconf 78' lang='lat' dir='ltr'>quum,</span> <span class='ocrx_word' id='word_1_67' title='bbox 1045 1349 1128 1385; x_wconf 86' lang='lat' dir='ltr'>res</span> <span class='ocrx_word' id='word_1_68' title='bbox 1151 1343 1252 1385; x_wconf 83' lang='lat' dir='ltr'>est.</span> <span class='ocrx_word' id='word_1_69' title='bbox 1315 1335 1428 1386; x_wconf 90' lang='lat' dir='ltr'>Cic.</span> 
     </span>
     <span class='ocr_line' id='line_1_13' title="bbox 360 1397 1425 1476; baseline 0.003 -16"><span class='ocrx_word' id='word_1_70' title='bbox 360 1409 531 1475; x_wconf 87' lang='lat' dir='ltr'>Epist.</span> <span class='ocrx_word' id='word_1_71' title='bbox 562 1424 679 1461; x_wconf 81' lang='lat' dir='ltr'>xvr.</span> <span class='ocrx_word' id='word_1_72' title='bbox 716 1415 800 1461; x_wconf 81' lang='lat'>21.</span> <span class='ocrx_word' id='word_1_73' title='bbox 836 1414 852 1441; x_wconf 81' lang='lat'>⁸</span> <span class='ocrx_word' id='word_1_74' title='bbox 873 1397 1097 1464; x_wconf 69' lang='lat' dir='ltr'>Quando</span> <span class='ocrx_word' id='word_1_75' title='bbox 1129 1412 1290 1476; x_wconf 79' lang='lat' dir='ltr'>igitur</span> <span class='ocrx_word' id='word_1_76' title='bbox 1316 1420 1425 1463; x_wconf 87' lang='lat' dir='ltr'>tum</span> 
     </span>
     <span class='ocr_line' id='line_1_14' title="bbox 360 1489 1429 1555; baseline 0.002 -16"><span class='ocrx_word' id='word_1_77' title='bbox 360 1502 429 1539; x_wconf 82' lang='lat' dir='ltr'>ex</span> <span class='ocrx_word' id='word_1_78' title='bbox 463 1505 547 1541; x_wconf 85' lang='lat' dir='ltr'>me</span> <span class='ocrx_word' id='word_1_79' title='bbox 580 1489 823 1553; x_wconf 88' lang='lat' dir='ltr'>doluisti;</span> <span class='ocrx_word' id='word_1_80' title='bbox 857 1505 1012 1552; x_wconf 87' lang='lat' dir='ltr'>nunc,</span> <span class='ocrx_word' id='word_1_81' title='bbox 1045 1497 1104 1540; x_wconf 90' lang='lat' dir='ltr'>ut</span> <span class='ocrx_word' id='word_1_82' title='bbox 1143 1491 1429 1555; x_wconf 75' lang='lat' dir='ltr'>dupliciter</span> 
     </span>
     <span class='ocr_line' id='line_1_15' title="bbox 358 1566 1428 1632; baseline 0.001 -17"><span class='ocrx_word' id='word_1_83' title='bbox 358 1572 508 1616; x_wconf 86' lang='lat' dir='ltr'>tuum</span> <span class='ocrx_word' id='word_1_84' title='bbox 563 1581 628 1616; x_wconf 83' lang='lat' dir='ltr'>ex</span> <span class='ocrx_word' id='word_1_85' title='bbox 686 1581 769 1618; x_wconf 85' lang='lat' dir='ltr'>me</span> <span class='ocrx_word' id='word_1_86' title='bbox 814 1568 1077 1631; x_wconf 75' lang='lat' dir='ltr'>gaudium,</span> <span class='ocrx_word' id='word_1_87' title='bbox 1129 1566 1428 1632; x_wconf 82' lang='lat' dir='ltr'>praestabo.’</span> 
     </span>
     <span class='ocr_line' id='line_1_16' title="bbox 359 1641 1425 1708; baseline 0 -16"><span class='ocrx_word' id='word_1_88' title='bbox 359 1641 514 1693; x_wconf 85' lang='lat' dir='ltr'>Idem</span> <span class='ocrx_word' id='word_1_89' title='bbox 539 1644 773 1708; x_wconf 76' lang='lat' dir='ltr'><strong>Philipp.</strong></span> <span class='ocrx_word' id='word_1_90' title='bbox 796 1658 837 1694; x_wconf 86' lang='lat'>1.</span> <span class='ocrx_word' id='word_1_91' title='bbox 861 1648 910 1694; x_wconf 76' lang='lat'>6.</span> <span class='ocrx_word' id='word_1_92' title='bbox 948 1651 963 1674; x_wconf 79' lang='lat'>‘</span> <span class='ocrx_word' id='word_1_93' title='bbox 989 1644 1122 1694; x_wconf 87' lang='lat' dir='ltr'>Cum</span> <span class='ocrx_word' id='word_1_94' title='bbox 1143 1657 1175 1692; x_wconf 88' lang='lat' dir='ltr'>e</span> <span class='ocrx_word' id='word_1_95' title='bbox 1198 1645 1280 1694; x_wconf 78' lang='lat' dir='ltr'>via</span> <span class='ocrx_word' id='word_1_96' title='bbox 1316 1644 1425 1693; x_wconf 76' lang='lat' dir='ltr'>lau·</span> 
     </span>
     <span class='ocr_line' id='line_1_17' title="bbox 358 1720 1424 1784; baseline 0.001 -15"><span class='ocrx_word' id='word_1_97' title='bbox 358 1725 606 1783; x_wconf 75' lang='lat' dir='ltr'>guerem.’</span> <span class='ocrx_word' id='word_1_98' title='bbox 673 1720 825 1771; x_wconf 86' lang='lat' dir='ltr'>Idem</span> <span class='ocrx_word' id='word_1_99' title='bbox 846 1735 939 1784; x_wconf 88' lang='lat' dir='ltr'>pro</span> <span class='ocrx_word' id='word_1_100' title='bbox 954 1722 1111 1770; x_wconf 86' lang='lat' dir='ltr'>Font.</span> <span class='ocrx_word' id='word_1_101' title='bbox 1130 1735 1177 1770; x_wconf 86' lang='lat' dir='ltr'>c.</span> <span class='ocrx_word' id='word_1_102' title='bbox 1200 1725 1249 1770; x_wconf 85' lang='lat'>8.</span> <span class='ocrx_word' id='word_1_103' title='bbox 1282 1721 1298 1749; x_wconf 78' lang='lat'><strong>⁴</strong></span> <span class='ocrx_word' id='word_1_104' title='bbox 1317 1720 1424 1770; x_wconf 91' lang='lat' dir='ltr'>Ini-</span> 
     </span>
     <span class='ocr_line' id='line_1_18' title="bbox 357 1796 1424 1849; baseline 0 -2"><span class='ocrx_word' id='word_1_105' title='bbox 357 1797 543 1848; x_wconf 86' lang='lat' dir='ltr'>micior</span> <span class='ocrx_word' id='word_1_106' title='bbox 566 1796 818 1849; x_wconf 74' lang='lat' dir='ltr'>Marcello</span> <span class='ocrx_word' id='word_1_107' title='bbox 841 1799 1061 1849; x_wconf 72' lang='lat' dir='ltr'>Crassus</span> <span class='ocrx_word' id='word_1_108' title='bbox 1094 1813 1160 1848; x_wconf 83' lang='lat' dir='ltr'>ex</span> <span class='ocrx_word' id='word_1_109' title='bbox 1184 1798 1424 1849; x_wconf 84' lang='lat' dir='ltr'>civilibus</span> 
     </span>
     <span class='ocr_line' id='line_1_19' title="bbox 357 1873 1423 1938; baseline 0.003 -17"><span class='ocrx_word' id='word_1_110' title='bbox 357 1873 547 1924; x_wconf 83' lang='lat' dir='ltr'>studiis</span> <span class='ocrx_word' id='word_1_111' title='bbox 570 1883 726 1938; x_wconf 79' lang='lat' dir='ltr'>atque</span> <span class='ocrx_word' id='word_1_112' title='bbox 760 1874 1147 1924; x_wconf 72' lang='lat' dir='ltr'><strong>obtrectatione</strong></span> <span class='ocrx_word' id='word_1_113' title='bbox 1177 1875 1423 1925; x_wconf 83' lang='lat' dir='ltr'>domesti-</span> 
     </span>
     <span class='ocr_line' id='line_1_20' title="bbox 354 1948 1424 2015; baseline 0.003 -17"><span class='ocrx_word' id='word_1_114' title='bbox 354 1948 461 1999; x_wconf 63' lang='lat' dir='ltr'>cu!</span> <span class='ocrx_word' id='word_1_115' title='bbox 522 1951 585 2000; x_wconf 86' lang='lat' dir='ltr'>Iu</span> <span class='ocrx_word' id='word_1_116' title='bbox 607 1951 853 2015; x_wconf 74' lang='lat' dir='ltr'>proximis</span> <span class='ocrx_word' id='word_1_117' title='bbox 877 1951 1067 2014; x_wconf 83' lang='lat' dir='ltr'>verbis,</span> <span class='ocrx_word' id='word_1_118' title='bbox 1091 1952 1161 2001; x_wconf 81' lang='lat' dir='ltr'>Ut</span> <span class='ocrx_word' id='word_1_119' title='bbox 1177 1952 1304 2001; x_wconf 80' lang='lat' dir='ltr'>enim</span> <span class='ocrx_word' id='word_1_120' title='bbox 1322 1967 1424 2001; x_wconf 82' lang='lat' dir='ltr'>mu-</span> 
     </span>
     <span class='ocr_line' id='line_1_21' title="bbox 359 2025 1422 2091; baseline 0.003 -17"><span class='ocrx_word' id='word_1_121' title='bbox 359 2025 433 2074; x_wconf 78' lang='lat' dir='ltr'>los</span> <span class='ocrx_word' id='word_1_122' title='bbox 449 2027 707 2091; x_wconf 73' lang='lat' dir='ltr'>principes,</span> <span class='ocrx_word' id='word_1_123' title='bbox 725 2027 948 2078; x_wconf 81' lang='lat' dir='ltr'>Puteani</span> <span class='ocrx_word' id='word_1_124' title='bbox 965 2035 1021 2077; x_wconf 87' lang='lat' dir='ltr'>et</span> <span class='ocrx_word' id='word_1_125' title='bbox 1033 2028 1220 2077; x_wconf 77' lang='lat' dir='ltr'>Baunii</span> <span class='ocrx_word' id='word_1_126' title='bbox 1240 2028 1422 2077; x_wconf 84' lang='lat' dir='ltr'>editio·</span> 
     </span>
    </p>
   </div>
   <div class='ocr_carea' id='block_1_4' title="bbox 245 2092 1425 2169">
    <p class='ocr_par' dir='ltr' id='par_1_5' title="bbox 245 2092 1425 2169">
     <span class='ocr_line' id='line_1_22' title="bbox 245 2092 1425 2169; baseline 0.003 -18"><span class='ocrx_word' id='word_1_127' title='bbox 245 2092 264 2107; x_wconf 70' lang='grc'><em>“</em></span> <span class='ocrx_word' id='word_1_128' title='bbox 355 2115 469 2158; x_wconf 84' lang='lat' dir='ltr'>nes,</span> <span class='ocrx_word' id='word_1_129' title='bbox 514 2103 749 2169; x_wconf 77' lang='lat' dir='ltr'>itemque</span> <span class='ocrx_word' id='word_1_130' title='bbox 803 2103 974 2154; x_wconf 81' lang='lat' dir='ltr'>codex</span> <span class='ocrx_word' id='word_1_131' title='bbox 1018 2104 1325 2167; x_wconf 73' lang='lat' dir='ltr'>Patavium,</span> <span class='ocrx_word' id='word_1_132' title='bbox 1369 2112 1425 2155; x_wconf 92' lang='lat' dir='ltr'>et</span> 
     </span>
    </p>
   </div>
   <div class='ocr_carea' id='block_1_5' title="bbox 281 2177 1427 2782">
    <p class='ocr_par' dir='ltr' id='par_1_6' title="bbox 281 2177 1426 2307">
     <span class='ocr_line' id='line_1_23' title="bbox 281 2177 1426 2245; baseline 0.003 -18"><span class='ocrx_word' id='word_1_133' title='bbox 281 2196 294 2207; x_wconf 60' lang='lat'>²</span> <span class='ocrx_word' id='word_1_134' title='bbox 354 2177 491 2228; x_wconf 85' lang='lat' dir='ltr'>liber</span> <span class='ocrx_word' id='word_1_135' title='bbox 514 2179 818 2240; x_wconf 80' lang='lat' dir='ltr'>Vossianus,</span> <span class='ocrx_word' id='word_1_136' title='bbox 842 2194 1116 2245; x_wconf 77' lang='lat' dir='ltr'>perperam</span> <span class='ocrx_word' id='word_1_137' title='bbox 1137 2181 1426 2231; x_wconf 84' lang='lat' dir='ltr'>omiserunt</span> 
     </span>
     <span class='ocr_line' id='line_1_24' title="bbox 356 2250 1392 2307; baseline 0.002 -2"><span class='ocrx_word' id='word_1_138' title='bbox 356 2253 573 2305; x_wconf 63' lang='grc' dir='ltr'>ἐπίθετον</span> <span class='ocrx_word' id='word_1_139' title='bbox 593 2257 756 2305; x_wconf 78' lang='lat' dir='ltr'>mulos.</span> <span class='ocrx_word' id='word_1_140' title='bbox 787 2255 958 2307; x_wconf 84' lang='lat' dir='ltr'>Idem.</span> <span class='ocrx_word' id='word_1_141' title='bbox 1385 2250 1392 2258; x_wconf 62' lang='grc'><em>’</em></span> 
     </span>
    </p>

    <p class='ocr_par' dir='ltr' id='par_1_7' title="bbox 352 2325 1427 2704">
     <span class='ocr_line' id='line_1_25' title="bbox 423 2325 1424 2396; baseline 0 -14"><span class='ocrx_word' id='word_1_142' title='bbox 423 2331 510 2382; x_wconf 72' lang='lat' dir='ltr'>Ex</span> <span class='ocrx_word' id='word_1_143' title='bbox 527 2332 873 2396; x_wconf 59' lang='lat' dir='ltr'>mamanibus]</span> <span class='ocrx_word' id='word_1_144' title='bbox 894 2333 1033 2382; x_wconf 86' lang='lat' dir='ltr'>Boni</span> <span class='ocrx_word' id='word_1_145' title='bbox 1056 2332 1187 2383; x_wconf 82' lang='lat' dir='ltr'>civis</span> <span class='ocrx_word' id='word_1_146' title='bbox 1202 2325 1301 2390; x_wconf 79' lang='lat' dir='ltr'>est,</span> <span class='ocrx_word' id='word_1_147' title='bbox 1314 2346 1424 2382; x_wconf 77' lang='lat' dir='ltr'>ma·</span> 
     </span>
     <span class='ocr_line' id='line_1_26' title="bbox 353 2406 1427 2474; baseline 0 -16"><span class='ocrx_word' id='word_1_148' title='bbox 353 2406 462 2459; x_wconf 77' lang='lat' dir='ltr'>lum</span> <span class='ocrx_word' id='word_1_149' title='bbox 486 2409 778 2473; x_wconf 74' lang='lat' dir='ltr'>principem</span> <span class='ocrx_word' id='word_1_150' title='bbox 809 2408 983 2461; x_wconf 72' lang='lat' dir='ltr'>odisse</span> <span class='ocrx_word' id='word_1_151' title='bbox 1010 2409 1171 2471; x_wconf 70' lang='lat' dir='ltr'>magis</span> <span class='ocrx_word' id='word_1_152' title='bbox 1208 2414 1427 2474; x_wconf 88' lang='lat' dir='ltr'>propter</span> 
     </span>
     <span class='ocr_line' id='line_1_27' title="bbox 355 2483 1426 2551; baseline 0.001 -17"><span class='ocrx_word' id='word_1_153' title='bbox 355 2483 591 2548; x_wconf 75' lang='lat' dir='ltr'>injurias,</span> <span class='ocrx_word' id='word_1_154' title='bbox 629 2501 759 2551; x_wconf 77' lang='lat' dir='ltr'>quas</span> <span class='ocrx_word' id='word_1_155' title='bbox 789 2485 876 2535; x_wconf 88' lang='lat' dir='ltr'>bic</span> <span class='ocrx_word' id='word_1_156' title='bbox 897 2485 1001 2535; x_wconf 78' lang='lat' dir='ltr'>suis</span> <span class='ocrx_word' id='word_1_157' title='bbox 1024 2484 1325 2537; x_wconf 76' lang='lat' dir='ltr'>concivibus</span> <span class='ocrx_word' id='word_1_158' title='bbox 1347 2486 1426 2535; x_wconf 88' lang='lat' dir='ltr'>in·</span> 
     </span>
     <span class='ocr_line' id='line_1_28' title="bbox 352 2559 1425 2630; baseline 0.003 -19"><span class='ocrx_word' id='word_1_159' title='bbox 352 2559 479 2626; x_wconf 74' lang='lat' dir='ltr'>fert,</span> <span class='ocrx_word' id='word_1_160' title='bbox 500 2578 652 2629; x_wconf 72' lang='lat' dir='ltr'>quam</span> <span class='ocrx_word' id='word_1_161' title='bbox 678 2571 898 2628; x_wconf 84' lang='lat' dir='ltr'>propter</span> <span class='ocrx_word' id='word_1_162' title='bbox 916 2563 1050 2620; x_wconf 75' lang='lat' dir='ltr'>illas,</span> <span class='ocrx_word' id='word_1_163' title='bbox 1068 2577 1197 2630; x_wconf 72' lang='lat' dir='ltr'>ques</span> <span class='ocrx_word' id='word_1_164' title='bbox 1218 2561 1336 2628; x_wconf 87' lang='lat' dir='ltr'>ipse</span> <span class='ocrx_word' id='word_1_165' title='bbox 1358 2562 1425 2614; x_wconf 79' lang='lat' dir='ltr'>sb</span> 
     </span>
     <span class='ocr_line' id='line_1_29' title="bbox 355 2640 1047 2704; baseline 0 -13"><span class='ocrx_word' id='word_1_166' title='bbox 355 2640 541 2691; x_wconf 77' lang='lat' dir='ltr'>eodem</span> <span class='ocrx_word' id='word_1_167' title='bbox 565 2641 781 2704; x_wconf 75' lang='lat' dir='ltr'>patitur.</span> <span class='ocrx_word' id='word_1_168' title='bbox 818 2641 1047 2691; x_wconf 67' lang='lat' dir='ltr'>Putat-ol.</span> 
     </span>
    </p>

    <p class='ocr_par' dir='ltr' id='par_1_8' title="bbox 420 2716 1427 2782">
     <span class='ocr_line' id='line_1_30' title="bbox 420 2716 1427 2782; baseline -0.001 -14"><span class='ocrx_word' id='word_1_169' title='bbox 420 2716 694 2782; x_wconf 76' lang='lat' dir='ltr'>Speeiosius</span> <span class='ocrx_word' id='word_1_170' title='bbox 712 2716 960 2780; x_wconf 76' lang='lat' dir='ltr'>amantur]</span> <span class='ocrx_word' id='word_1_171' title='bbox 996 2716 1048 2767; x_wconf 91' lang='lat'>1.</span> <span class='ocrx_word' id='word_1_172' title='bbox 1068 2731 1118 2769; x_wconf 86' lang='lat' dir='ltr'>e.</span> <span class='ocrx_word' id='word_1_173' title='bbox 1139 2716 1427 2780; x_wconf 76' lang='lat' dir='ltr'>pulchrius,</span> 
     </span>
    </p>
   </div>
   <div class='ocr_carea' id='block_1_6' title="bbox 352 2791 1432 2851">
    <p class='ocr_par' dir='ltr' id='par_1_9' title="bbox 352 2791 1432 2851">
     <span class='ocr_line' id='line_1_31' title="bbox 352 2791 1432 2851; baseline -0.003 -8"><span class='ocrx_word' id='word_1_174' title='bbox 352 2792 628 2851; x_wconf 77' lang='lat' dir='ltr'>illustrius,</span> <span class='ocrx_word' id='word_1_175' title='bbox 648 2793 935 2844; x_wconf 72' lang='lat' dir='ltr'>honestius.</span> <span class='ocrx_word' id='word_1_176' title='bbox 969 2791 1110 2842; x_wconf 86' lang='lat' dir='ltr'>Vide</span> <span class='ocrx_word' id='word_1_177' title='bbox 1125 2793 1308 2843; x_wconf 73' lang='lat' dir='ltr'>not-sd</span> <span class='ocrx_word' id='word_1_178' title='bbox 1324 2807 1373 2843; x_wconf 88' lang='lat' dir='ltr'>e.</span> <span class='ocrx_word' id='word_1_179' title='bbox 1386 2806 1432 2843; x_wconf 84' lang='lat'>1.</span> 
     </span>
    </p>
   </div>
   <div class='ocr_carea' id='block_1_7' title="bbox 347 2870 1428 4397">
    <p class='ocr_par' dir='ltr' id='par_1_10' title="bbox 352 2870 1428 3242">
     <span class='ocr_line' id='line_1_32' title="bbox 353 2870 1426 2935; baseline -0.002 -13"><span class='ocrx_word' id='word_1_180' title='bbox 353 2870 372 2897; x_wconf 86' lang='lat'>‘</span> <span class='ocrx_word' id='word_1_181' title='bbox 388 2871 523 2922; x_wconf 69' lang='lat' dir='ltr'>Qum</span> <span class='ocrx_word' id='word_1_182' title='bbox 545 2871 727 2935; x_wconf 79' lang='lat' dir='ltr'>generi</span> <span class='ocrx_word' id='word_1_183' title='bbox 751 2870 992 2932; x_wconf 76' lang='lat' dir='ltr'>humano,</span> <span class='ocrx_word' id='word_1_184' title='bbox 1014 2883 1166 2934; x_wconf 77' lang='lat' dir='ltr'>quum</span> <span class='ocrx_word' id='word_1_185' title='bbox 1197 2884 1318 2935; x_wconf 74' lang='lat' dir='ltr'>quoe</span> <span class='ocrx_word' id='word_1_186' title='bbox 1337 2870 1426 2920; x_wconf 88' lang='lat' dir='ltr'>bo-</span> 
     </span>
     <span class='ocr_line' id='line_1_33' title="bbox 354 2949 1425 3012; baseline 0 -13"><span class='ocrx_word' id='word_1_187' title='bbox 354 2949 619 3011; x_wconf 80' lang='lat' dir='ltr'>minibus,&#39;</span> <span class='ocrx_word' id='word_1_188' title='bbox 632 2952 731 2999; x_wconf 63' lang='lat' dir='ltr'>stc.</span> <span class='ocrx_word' id='word_1_189' title='bbox 750 2949 785 2999; x_wconf 91' lang='lat' dir='ltr'>i.</span> <span class='ocrx_word' id='word_1_190' title='bbox 802 2963 852 2998; x_wconf 89' lang='lat' dir='ltr'>e.</span> <span class='ocrx_word' id='word_1_191' title='bbox 873 2949 1164 3012; x_wconf 79' lang='lat' dir='ltr'>interprete</span> <span class='ocrx_word' id='word_1_192' title='bbox 1181 2949 1425 3006; x_wconf 78' lang='lat' dir='ltr'>Cellerio,</span> 
     </span>
     <span class='ocr_line' id='line_1_34' title="bbox 352 3024 1426 3091; baseline 0.001 -16"><span class='ocrx_word' id='word_1_193' title='bbox 352 3039 473 3091; x_wconf 79' lang='lat' dir='ltr'>qnae</span> <span class='ocrx_word' id='word_1_194' title='bbox 537 3026 638 3076; x_wconf 82' lang='lat' dir='ltr'>toti</span> <span class='ocrx_word' id='word_1_195' title='bbox 694 3024 935 3075; x_wconf 74' lang='lat' dir='ltr'>societati</span> <span class='ocrx_word' id='word_1_196' title='bbox 986 3032 1043 3075; x_wconf 93' lang='lat' dir='ltr'>et</span> <span class='ocrx_word' id='word_1_197' title='bbox 1097 3025 1426 3089; x_wconf 68' lang='lat' dir='ltr'>reipublice,</span> 
     </span>
     <span class='ocr_line' id='line_1_35' title="bbox 355 3094 1428 3168; baseline -0.001 -15"><span class='ocrx_word' id='word_1_198' title='bbox 355 3094 671 3168; x_wconf 77' lang='lat' dir='ltr'>qusm‘quae</span> <span class='ocrx_word' id='word_1_199' title='bbox 710 3102 931 3167; x_wconf 76' lang='lat' dir='ltr'>privatis</span> <span class='ocrx_word' id='word_1_200' title='bbox 976 3110 1033 3151; x_wconf 89' lang='lat' dir='ltr'>et</span> <span class='ocrx_word' id='word_1_201' title='bbox 1076 3101 1428 3167; x_wconf 79' lang='lat' dir='ltr'>singularibus</span> 
     </span>
     <span class='ocr_line' id='line_1_36' title="bbox 356 3177 1241 3242; baseline -0.002 -13"><span class='ocrx_word' id='word_1_202' title='bbox 356 3179 667 3242; x_wconf 83' lang='lat' dir='ltr'>bominibus,</span> <span class='ocrx_word' id='word_1_203' title='bbox 692 3185 965 3241; x_wconf 66' lang='lat' dir='ltr'>prestant.</span> <span class='ocrx_word' id='word_1_204' title='bbox 995 3177 1241 3231; x_wconf 76' lang='lat' dir='ltr'>Schwarz.</span> 
     </span>
    </p>

    <p class='ocr_par' dir='ltr' id='par_1_11' title="bbox 347 3253 1424 4397">
     <span class='ocr_line' id='line_1_37' title="bbox 418 3253 1424 3319; baseline 0 -13"><span class='ocrx_word' id='word_1_205' title='bbox 418 3255 486 3306; x_wconf 76' lang='lat' dir='ltr'>In</span> <span class='ocrx_word' id='word_1_206' title='bbox 520 3255 901 3305; x_wconf 74' lang='lat' dir='ltr'>consuetudinem</span> <span class='ocrx_word' id='word_1_207' title='bbox 931 3255 1106 3319; x_wconf 78' lang='lat' dir='ltr'>vertit]</span> <span class='ocrx_word' id='word_1_208' title='bbox 1141 3255 1206 3305; x_wconf 91' lang='lat' dir='ltr'>In</span> <span class='ocrx_word' id='word_1_209' title='bbox 1238 3253 1424 3306; x_wconf 82' lang='lat' dir='ltr'>codice</span> 
     </span>
     <span class='ocr_line' id='line_1_38' title="bbox 351 3322 1423 3395; baseline -0.001 -13"><span class='ocrx_word' id='word_1_210' title='bbox 351 3322 631 3395; x_wconf 51' lang='lat' dir='ltr'>Patauino,</span> <span class='ocrx_word' id='word_1_211' title='bbox 652 3339 708 3383; x_wconf 86' lang='lat' dir='ltr'>et</span> <span class='ocrx_word' id='word_1_212' title='bbox 744 3332 878 3382; x_wconf 90' lang='lat' dir='ltr'>libro</span> <span class='ocrx_word' id='word_1_213' title='bbox 911 3332 1190 3392; x_wconf 78' lang='lat' dir='ltr'>Vossiano,</span> <span class='ocrx_word' id='word_1_214' title='bbox 1220 3331 1346 3381; x_wconf 88' lang='lat' dir='ltr'>item</span> <span class='ocrx_word' id='word_1_215' title='bbox 1368 3331 1423 3381; x_wconf 89' lang='lat' dir='ltr'>in</span> 
     </span>
     <span class='ocr_line' id='line_1_39' title="bbox 350 3409 1424 3474; baseline -0.001 -14"><span class='ocrx_word' id='word_1_216' title='bbox 350 3410 653 3469; x_wconf 80' lang='lat' dir='ltr'>Puteolani,</span> <span class='ocrx_word' id='word_1_217' title='bbox 708 3409 965 3465; x_wconf 74' lang='lat' dir='ltr'>Cstsnaei,</span> <span class='ocrx_word' id='word_1_218' title='bbox 1017 3409 1424 3474; x_wconf 70' lang='lat' dir='ltr'>steph-norum,</span> 
     </span>
     <span class='ocr_line' id='line_1_40' title="bbox 354 3485 1422 3550; baseline -0.003 -11"><span class='ocrx_word' id='word_1_219' title='bbox 354 3487 616 3550; x_wconf 85' lang='lat' dir='ltr'>Sichardi,</span> <span class='ocrx_word' id='word_1_220' title='bbox 656 3487 887 3549; x_wconf 78' lang='lat' dir='ltr'>Cellsrii,</span> <span class='ocrx_word' id='word_1_221' title='bbox 920 3485 1164 3550; x_wconf 83' lang='lat' dir='ltr'>Gesneri,</span> <span class='ocrx_word' id='word_1_222' title='bbox 1198 3495 1253 3536; x_wconf 87' lang='lat' dir='ltr'>et</span> <span class='ocrx_word' id='word_1_223' title='bbox 1279 3485 1422 3537; x_wconf 87' lang='lat' dir='ltr'>forte</span> 
     </span>
     <span class='ocr_line' id='line_1_41' title="bbox 356 3564 1423 3629; baseline -0.002 -13"><span class='ocrx_word' id='word_1_224' title='bbox 356 3566 574 3616; x_wconf 67' lang='lat' dir='ltr'>aliorum</span> <span class='ocrx_word' id='word_1_225' title='bbox 620 3564 768 3614; x_wconf 85' lang='lat' dir='ltr'>libris</span> <span class='ocrx_word' id='word_1_226' title='bbox 810 3565 1036 3629; x_wconf 77' lang='lat' dir='ltr'>ex‘cusis,</span> <span class='ocrx_word' id='word_1_227' title='bbox 1075 3564 1314 3628; x_wconf 81' lang='lat' dir='ltr'>legimus,</span> <span class='ocrx_word' id='word_1_228' title='bbox 1367 3565 1423 3614; x_wconf 78' lang='lat' dir='ltr'>in</span> 
     </span>
     <span class='ocr_line' id='line_1_42' title="bbox 353 3638 1421 3692; baseline -0.005 0"><span class='ocrx_word' id='word_1_229' title='bbox 353 3640 739 3692; x_wconf 72' lang='lat' dir='ltr'>cousuetudinem</span> <span class='ocrx_word' id='word_1_230' title='bbox 763 3639 915 3689; x_wconf 75' lang='lat' dir='ltr'>venit.</span> <span class='ocrx_word' id='word_1_231' title='bbox 983 3638 1059 3689; x_wconf 81' lang='lat' dir='ltr'>At</span> <span class='ocrx_word' id='word_1_232' title='bbox 1076 3640 1127 3689; x_wconf 90' lang='lat' dir='ltr'>in</span> <span class='ocrx_word' id='word_1_233' title='bbox 1152 3639 1421 3689; x_wconf 83' lang='lat' dir='ltr'>codicibus</span> 
     </span>
     <span class='ocr_line' id='line_1_43' title="bbox 353 3715 1421 3781; baseline -0.003 -13"><span class='ocrx_word' id='word_1_234' title='bbox 353 3718 486 3769; x_wconf 87' lang='lat' dir='ltr'>Mss.</span> <span class='ocrx_word' id='word_1_235' title='bbox 513 3718 804 3781; x_wconf 71' lang='lat' dir='ltr'>Vaticanis,</span> <span class='ocrx_word' id='word_1_236' title='bbox 844 3715 1149 3779; x_wconf 73' lang='lat' dir='ltr'>parisiensi,</span> <span class='ocrx_word' id='word_1_237' title='bbox 1196 3724 1421 3780; x_wconf 85' lang='lat' dir='ltr'>utroque</span> 
     </span>
     <span class='ocr_line' id='line_1_44' title="bbox 351 3792 1422 3856; baseline -0.003 -12"><span class='ocrx_word' id='word_1_238' title='bbox 351 3794 585 3851; x_wconf 83' lang='lat' dir='ltr'>Veneto,</span> <span class='ocrx_word' id='word_1_239' title='bbox 631 3792 1117 3856; x_wconf 67' lang='lat' dir='ltr'>Guelpherbyunm</span> <span class='ocrx_word' id='word_1_240' title='bbox 1164 3793 1422 3842; x_wconf 80' lang='lat' dir='ltr'>Salisbur-</span> 
     </span>
     <span class='ocr_line' id='line_1_45' title="bbox 353 3866 1421 3934; baseline -0.002 -16"><span class='ocrx_word' id='word_1_241' title='bbox 353 3871 517 3934; x_wconf 70' lang='lat' dir='ltr'>gensi,</span> <span class='ocrx_word' id='word_1_242' title='bbox 541 3879 597 3921; x_wconf 89' lang='lat' dir='ltr'>et</span> <span class='ocrx_word' id='word_1_243' title='bbox 615 3882 748 3925; x_wconf 88' lang='lat' dir='ltr'>meo,</span> <span class='ocrx_word' id='word_1_244' title='bbox 773 3881 868 3931; x_wconf 87' lang='lat' dir='ltr'>pro</span> <span class='ocrx_word' id='word_1_245' title='bbox 894 3866 1056 3916; x_wconf 87' lang='lat' dir='ltr'>verbo</span> <span class='ocrx_word' id='word_1_246' title='bbox 1086 3867 1237 3931; x_wconf 73' lang='lat' dir='ltr'>venit,</span> <span class='ocrx_word' id='word_1_247' title='bbox 1272 3874 1421 3918; x_wconf 76' lang='lat' dir='ltr'>extat</span> 
     </span>
     <span class='ocr_line' id='line_1_46' title="bbox 347 3943 1419 4001; baseline 0 -7"><span class='ocrx_word' id='word_1_248' title='bbox 347 3946 514 3996; x_wconf 71' lang='lat' dir='ltr'>uertit.</span> <span class='ocrx_word' id='word_1_249' title='bbox 578 3944 731 3998; x_wconf 80' lang='lat' dir='ltr'>Quod</span> <span class='ocrx_word' id='word_1_250' title='bbox 778 3943 993 3993; x_wconf 84' lang='lat' dir='ltr'>verbum</span> <span class='ocrx_word' id='word_1_251' title='bbox 1042 3945 1208 4001; x_wconf 74' lang='lat' dir='ltr'>vertit,</span> <span class='ocrx_word' id='word_1_252' title='bbox 1260 3945 1419 3994; x_wconf 80' lang='lat' dir='ltr'>etiam</span> 
     </span>
     <span class='ocr_line' id='line_1_47' title="bbox 350 4020 1420 4083; baseline -0.002 -11"><span class='ocrx_word' id='word_1_253' title='bbox 350 4021 662 4077; x_wconf 73' lang='lat' dir='ltr'>Beroaldus,</span> <span class='ocrx_word' id='word_1_254' title='bbox 699 4020 920 4083; x_wconf 78' lang='lat' dir='ltr'>Lipsius,</span> <span class='ocrx_word' id='word_1_255' title='bbox 958 4020 1246 4077; x_wconf 80' lang='lat' dir='ltr'>Puteanus,</span> <span class='ocrx_word' id='word_1_256' title='bbox 1284 4021 1420 4072; x_wconf 85' lang='lat' dir='ltr'>Gru·</span> 
     </span>
     <span class='ocr_line' id='line_1_48' title="bbox 351 4094 1422 4161; baseline -0.003 -12"><span class='ocrx_word' id='word_1_257' title='bbox 351 4105 518 4161; x_wconf 84' lang='lat' dir='ltr'>terns,</span> <span class='ocrx_word' id='word_1_258' title='bbox 557 4097 812 4152; x_wconf 72' lang='lat' dir='ltr'>Baunius,</span> <span class='ocrx_word' id='word_1_259' title='bbox 846 4094 1189 4159; x_wconf 77' lang='lat' dir='ltr'>&#39;Arntzenius,</span> <span class='ocrx_word' id='word_1_260' title='bbox 1227 4104 1283 4146; x_wconf 87' lang='lat' dir='ltr'>et</span> <span class='ocrx_word' id='word_1_261' title='bbox 1314 4097 1422 4154; x_wconf 80' lang='lat' dir='ltr'>alii,</span> 
     </span>
     <span class='ocr_line' id='line_1_49' title="bbox 350 4171 1416 4239; baseline -0.002 -15"><span class='ocrx_word' id='word_1_262' title='bbox 350 4173 717 4238; x_wconf 84' lang='lat' dir='ltr'>prodiderunt.</span> <span class='ocrx_word' id='word_1_263' title='bbox 769 4171 834 4221; x_wconf 86' lang='lat' dir='ltr'>Id</span> <span class='ocrx_word' id='word_1_264' title='bbox 856 4172 989 4236; x_wconf 85' lang='lat' dir='ltr'>quod</span> <span class='ocrx_word' id='word_1_265' title='bbox 1011 4173 1278 4225; x_wconf 83' lang='lat' dir='ltr'>Livineius</span> <span class='ocrx_word' id='word_1_266' title='bbox 1296 4189 1416 4239; x_wconf 83' lang='lat' dir='ltr'>quo·</span> 
     </span>
     <span class='ocr_line' id='line_1_50' title="bbox 351 4249 1420 4317; baseline -0.003 -15"><span class='ocrx_word' id='word_1_267' title='bbox 351 4265 457 4317; x_wconf 82' lang='lat' dir='ltr'>qus</span> <span class='ocrx_word' id='word_1_268' title='bbox 479 4252 534 4302; x_wconf 90' lang='lat' dir='ltr'>in</span> <span class='ocrx_word' id='word_1_269' title='bbox 563 4257 745 4301; x_wconf 82' lang='lat' dir='ltr'>vetere</span> <span class='ocrx_word' id='word_1_270' title='bbox 781 4249 964 4299; x_wconf 85' lang='lat' dir='ltr'>codice</span> <span class='ocrx_word' id='word_1_271' title='bbox 987 4249 1281 4309; x_wconf 81' lang='lat' dir='ltr'>invenerat.</span> <span class='ocrx_word' id='word_1_272' title='bbox 1345 4250 1420 4299; x_wconf 87' lang='lat' dir='ltr'>U·</span> 
     </span>
     <span class='ocr_line' id='line_1_51' title="bbox 351 4325 1422 4397; baseline -0.004 -17"><span class='ocrx_word' id='word_1_273' title='bbox 351 4334 596 4397; x_wconf 80' lang='lat' dir='ltr'>trumque</span> <span class='ocrx_word' id='word_1_274' title='bbox 617 4325 803 4378; x_wconf 72' lang='lat' dir='ltr'>Latine</span> <span class='ocrx_word' id='word_1_275' title='bbox 826 4325 1039 4381; x_wconf 82' lang='lat' dir='ltr'>dicitur.</span> <span class='ocrx_word' id='word_1_276' title='bbox 1106 4326 1311 4385; x_wconf 82' lang='lat' dir='ltr'>Cicero,</span> <span class='ocrx_word' id='word_1_277' title='bbox 1326 4340 1422 4393; x_wconf 88' lang='lat' dir='ltr'>pro</span> 
     </span>
    </p>
   </div>
   <div class='ocr_carea' id='block_1_8' title="bbox 2393 408 2570 477">
    <p class='ocr_par' dir='ltr' id='par_1_12' title="bbox 2393 408 2570 477">
     <span class='ocr_line' id='line_1_52' title="bbox 2393 408 2570 477; baseline 0.011 -1"><span class='ocrx_word' id='word_1_278' title='bbox 2393 408 2570 477; x_wconf 80' lang='lat'><strong>106⁷</strong></span> 
     </span>
    </p>
   </div>
   <div class='ocr_carea' id='block_1_9' title="bbox 1508 566 2697 634">
    <p class='ocr_par' dir='ltr' id='par_1_13' title="bbox 1508 566 2697 634">
     <span class='ocr_line' id='line_1_53' title="bbox 1508 566 2697 634; baseline 0 -15"><span class='ocrx_word' id='word_1_279' title='bbox 1508 567 1740 633; x_wconf 82' lang='lat' dir='ltr'>Caecins&#39;,</span> <span class='ocrx_word' id='word_1_280' title='bbox 1765 583 1884 632; x_wconf 77' lang='lat' dir='ltr'>cap.</span> <span class='ocrx_word' id='word_1_281' title='bbox 1903 572 1955 618; x_wconf 77' lang='lat'>2.</span> <span class='ocrx_word' id='word_1_282' title='bbox 1989 566 2172 621; x_wconf 81' lang='lat' dir='ltr'>‘Quod</span> <span class='ocrx_word' id='word_1_283' title='bbox 2198 567 2436 632; x_wconf 71' lang='lat' dir='ltr'>quonism</span> <span class='ocrx_word' id='word_1_284' title='bbox 2455 569 2568 634; x_wconf 78' lang='lat' dir='ltr'>jem</span> <span class='ocrx_word' id='word_1_285' title='bbox 2674 614 2697 630; x_wconf 72' lang='grc'><em>,</em></span> 
     </span>
    </p>
   </div>
   <div class='ocr_carea' id='block_1_10' title="bbox 1489 643 2575 4393">
    <p class='ocr_par' dir='ltr' id='par_1_14' title="bbox 1489 643 2575 3237">
     <span class='ocr_line' id='line_1_54' title="bbox 1504 643 2568 699; baseline 0.003 -7"><span class='ocrx_word' id='word_1_286' title='bbox 1504 643 1560 693; x_wconf 90' lang='lat' dir='ltr'>in</span> <span class='ocrx_word' id='word_1_287' title='bbox 1603 644 2033 695; x_wconf 87' lang='lat' dir='ltr'>cousuetudinem</span> <span class='ocrx_word' id='word_1_288' title='bbox 2073 645 2251 694; x_wconf 60' lang='lat' dir='ltr'>venit?</span> <span class='ocrx_word' id='word_1_289' title='bbox 2316 646 2467 699; x_wconf 76' lang='lat' dir='ltr'>Idem</span> <span class='ocrx_word' id='word_1_290' title='bbox 2499 646 2568 696; x_wconf 89' lang='lat' dir='ltr'>de</span> 
     </span>
     <span class='ocr_line' id='line_1_55' title="bbox 1506 713 2571 773; baseline 0 -1"><span class='ocrx_word' id='word_1_291' title='bbox 1506 713 1664 772; x_wconf 82' lang='lat' dir='ltr'>Offic.</span> <span class='ocrx_word' id='word_1_292' title='bbox 1688 736 1751 772; x_wconf 92' lang='grc' dir='ltr'>ιι.</span> <span class='ocrx_word' id='word_1_293' title='bbox 1772 726 1853 771; x_wconf 84' lang='grc'><strong>15.</strong></span> <span class='ocrx_word' id='word_1_294' title='bbox 1888 729 1904 752; x_wconf 78' lang='grc'>·</span> <span class='ocrx_word' id='word_1_295' title='bbox 1921 720 2075 773; x_wconf 82' lang='lat' dir='ltr'>Quod</span> <span class='ocrx_word' id='word_1_296' title='bbox 2097 735 2127 769; x_wconf 78' lang='lat' dir='ltr'>s</span> <span class='ocrx_word' id='word_1_297' title='bbox 2149 722 2335 771; x_wconf 84' lang='lat' dir='ltr'>uostris</span> <span class='ocrx_word' id='word_1_298' title='bbox 2357 722 2571 773; x_wconf 84' lang='lat' dir='ltr'>homiui·</span> 
     </span>
     <span class='ocr_line' id='line_1_56' title="bbox 1502 798 2569 866; baseline 0.004 -16"><span class='ocrx_word' id='word_1_299' title='bbox 1502 798 1602 850; x_wconf 91' lang='lat' dir='ltr'>bus</span> <span class='ocrx_word' id='word_1_300' title='bbox 1619 800 1904 864; x_wconf 68' lang='lat' dir='ltr'>saepissime</span> <span class='ocrx_word' id='word_1_301' title='bbox 1923 806 2243 864; x_wconf 76' lang='lat' dir='ltr'>usurpatum,</span> <span class='ocrx_word' id='word_1_302' title='bbox 2258 807 2364 851; x_wconf 75' lang='lat' dir='ltr'>tum</span> <span class='ocrx_word' id='word_1_303' title='bbox 2380 800 2434 851; x_wconf 90' lang='lat' dir='ltr'>in</span> <span class='ocrx_word' id='word_1_304' title='bbox 2451 806 2569 866; x_wconf 75' lang='lat' dir='ltr'>pro·</span> 
     </span>
     <span class='ocr_line' id='line_1_57' title="bbox 1506 876 2570 933; baseline 0.008 -9"><span class='ocrx_word' id='word_1_305' title='bbox 1506 876 1673 926; x_wconf 80' lang='lat' dir='ltr'>verbii</span> <span class='ocrx_word' id='word_1_306' title='bbox 1695 876 2122 928; x_wconf 86' lang='lat' dir='ltr'>consuetudinem</span> <span class='ocrx_word' id='word_1_307' title='bbox 2146 876 2325 927; x_wconf 55' lang='lat' dir='ltr'>venit?</span> <span class='ocrx_word' id='word_1_308' title='bbox 2374 878 2570 933; x_wconf 71' lang='lat' dir='ltr'>Quinc·</span> 
     </span>
     <span class='ocr_line' id='line_1_58' title="bbox 1506 952 2571 1016; baseline 0.005 -14"><span class='ocrx_word' id='word_1_309' title='bbox 1506 953 1736 1016; x_wconf 82' lang='lat' dir='ltr'>tilisnus,</span> <span class='ocrx_word' id='word_1_310' title='bbox 1769 955 1879 1004; x_wconf 76' lang='lat' dir='ltr'>sive</span> <span class='ocrx_word' id='word_1_311' title='bbox 1902 954 2076 1004; x_wconf 81' lang='lat' dir='ltr'>Tacit.</span> <span class='ocrx_word' id='word_1_312' title='bbox 2108 952 2176 1003; x_wconf 83' lang='lat' dir='ltr'>de</span> <span class='ocrx_word' id='word_1_313' title='bbox 2210 953 2419 1004; x_wconf 81' lang='lat' dir='ltr'>caussis</span> <span class='ocrx_word' id='word_1_314' title='bbox 2440 956 2571 1009; x_wconf 84' lang='lat' dir='ltr'>Cor-</span> 
     </span>
     <span class='ocr_line' id='line_1_59' title="bbox 1504 1030 2569 1095; baseline 0.002 -17"><span class='ocrx_word' id='word_1_315' title='bbox 1504 1037 1643 1093; x_wconf 87' lang='lat' dir='ltr'>rupt.</span> <span class='ocrx_word' id='word_1_316' title='bbox 1669 1030 1820 1095; x_wconf 87' lang='lat' dir='ltr'>Eloq.</span> <span class='ocrx_word' id='word_1_317' title='bbox 1843 1043 1961 1094; x_wconf 77' lang='lat' dir='ltr'>cap.</span> <span class='ocrx_word' id='word_1_318' title='bbox 1981 1034 2034 1080; x_wconf 80' lang='grc'><strong>4.</strong></span> <span class='ocrx_word' id='word_1_319' title='bbox 2066 1035 2082 1058; x_wconf 83' lang='lat'><em>‘</em></span> <span class='ocrx_word' id='word_1_320' title='bbox 2102 1030 2449 1080; x_wconf 84' lang='lat' dir='ltr'>Perturbsrer</span> <span class='ocrx_word' id='word_1_321' title='bbox 2472 1031 2569 1095; x_wconf 53' lang='lat' dir='ltr'>bec</span> 
     </span>
     <span class='ocr_line' id='line_1_60' title="bbox 1502 1106 2568 1172; baseline 0.002 -16"><span class='ocrx_word' id='word_1_322' title='bbox 1502 1111 1595 1156; x_wconf 82' lang='lat' dir='ltr'>tua</span> <span class='ocrx_word' id='word_1_323' title='bbox 1635 1109 1936 1170; x_wconf 77' lang='lat' dir='ltr'>severitate,</span> <span class='ocrx_word' id='word_1_324' title='bbox 1967 1107 2064 1157; x_wconf 84' lang='lat' dir='ltr'>nisi</span> <span class='ocrx_word' id='word_1_325' title='bbox 2102 1106 2352 1172; x_wconf 85' lang='lat' dir='ltr'>frequens</span> <span class='ocrx_word' id='word_1_326' title='bbox 2386 1114 2442 1159; x_wconf 89' lang='lat' dir='ltr'>et</span> <span class='ocrx_word' id='word_1_327' title='bbox 2485 1124 2568 1158; x_wconf 79' lang='lat' dir='ltr'>as-</span> 
     </span>
     <span class='ocr_line' id='line_1_61' title="bbox 1499 1183 2566 1234; baseline 0.002 -2"><span class='ocrx_word' id='word_1_328' title='bbox 1499 1183 1648 1234; x_wconf 76' lang='lat' dir='ltr'>sidua</span> <span class='ocrx_word' id='word_1_329' title='bbox 1667 1184 1819 1234; x_wconf 86' lang='lat' dir='ltr'>nobis</span> <span class='ocrx_word' id='word_1_330' title='bbox 1844 1183 2111 1234; x_wconf 84' lang='lat' dir='ltr'>contentio</span> <span class='ocrx_word' id='word_1_331' title='bbox 2146 1184 2197 1233; x_wconf 89' lang='lat' dir='ltr'>in</span> <span class='ocrx_word' id='word_1_332' title='bbox 2233 1185 2566 1234; x_wconf 86' lang='lat' dir='ltr'>consuetudi-</span> 
     </span>
     <span class='ocr_line' id='line_1_62' title="bbox 1500 1260 2568 1312; baseline 0 -2"><span class='ocrx_word' id='word_1_333' title='bbox 1500 1274 1620 1311; x_wconf 85' lang='lat' dir='ltr'>nem</span> <span class='ocrx_word' id='word_1_334' title='bbox 1662 1260 1940 1312; x_wconf 78' lang='lat' dir='ltr'>vertisset.’</span> <span class='ocrx_word' id='word_1_335' title='bbox 1977 1260 2154 1311; x_wconf 79' lang='lat' dir='ltr'>Tacit.</span> <span class='ocrx_word' id='word_1_336' title='bbox 2195 1260 2339 1311; x_wconf 83' lang='lat' dir='ltr'>Hist.</span> <span class='ocrx_word' id='word_1_337' title='bbox 2382 1266 2568 1312; x_wconf 81' lang='grc' dir='ltr'><strong>ιν.27.</strong></span> 
     </span>
     <span class='ocr_line' id='line_1_63' title="bbox 1498 1337 2569 1389; baseline 0 -1"><span class='ocrx_word' id='word_1_338' title='bbox 1498 1342 1515 1367; x_wconf 77' lang='grc'><em>“</em></span> <span class='ocrx_word' id='word_1_339' title='bbox 1533 1337 1686 1389; x_wconf 79' lang='lat' dir='ltr'>Quod</span> <span class='ocrx_word' id='word_1_340' title='bbox 1713 1345 1819 1386; x_wconf 90' lang='lat' dir='ltr'>tum</span> <span class='ocrx_word' id='word_1_341' title='bbox 1840 1337 1893 1386; x_wconf 91' lang='lat' dir='ltr'>in</span> <span class='ocrx_word' id='word_1_342' title='bbox 1917 1348 2113 1387; x_wconf 85' lang='lat' dir='ltr'>morem</span> <span class='ocrx_word' id='word_1_343' title='bbox 2134 1337 2403 1386; x_wconf 61' lang='lat' dir='ltr'>verterat!</span> <span class='ocrx_word' id='word_1_344' title='bbox 2434 1339 2569 1388; x_wconf 86' lang='lat' dir='ltr'>Ver·</span> 
     </span>
     <span class='ocr_line' id='line_1_64' title="bbox 1499 1411 2569 1476; baseline 0.002 -14"><span class='ocrx_word' id='word_1_345' title='bbox 1499 1411 1620 1462; x_wconf 85' lang='lat' dir='ltr'>bum</span> <span class='ocrx_word' id='word_1_346' title='bbox 1642 1413 1811 1476; x_wconf 75' lang='lat' dir='ltr'>vertit,</span> <span class='ocrx_word' id='word_1_347' title='bbox 1829 1412 1882 1461; x_wconf 88' lang='lat' dir='ltr'>in</span> <span class='ocrx_word' id='word_1_348' title='bbox 1905 1412 2199 1476; x_wconf 83' lang='lat' dir='ltr'>hujusmodi</span> <span class='ocrx_word' id='word_1_349' title='bbox 2223 1411 2458 1463; x_wconf 88' lang='lat' dir='ltr'>formulis</span> <span class='ocrx_word' id='word_1_350' title='bbox 2478 1433 2569 1464; x_wconf 73' lang='grc' dir='ltr'>πα-</span> 
     </span>
     <span class='ocr_line' id='line_1_65' title="bbox 1498 1492 2575 1555; baseline -0.001 -13"><span class='ocrx_word' id='word_1_351' title='bbox 1498 1492 1710 1551; x_wconf 73' lang='grc' dir='ltr'>θητικῶς,</span> <span class='ocrx_word' id='word_1_352' title='bbox 1737 1498 1828 1542; x_wconf 75' lang='lat' dir='ltr'>sut</span> <span class='ocrx_word' id='word_1_353' title='bbox 1865 1492 2148 1555; x_wconf 85' lang='lat' dir='ltr'>reciproce,</span> <span class='ocrx_word' id='word_1_354' title='bbox 2175 1505 2269 1555; x_wconf 87' lang='lat' dir='ltr'>per</span> <span class='ocrx_word' id='word_1_355' title='bbox 2297 1493 2575 1555; x_wconf 79' lang='lat' dir='ltr'>enallagen-</span> 
     </span>
     <span class='ocr_line' id='line_1_66' title="bbox 1499 1566 2566 1636; baseline 0.001 -19"><span class='ocrx_word' id='word_1_356' title='bbox 1499 1569 1707 1631; x_wconf 79' lang='lat' dir='ltr'>generis</span> <span class='ocrx_word' id='word_1_357' title='bbox 1730 1568 1970 1636; x_wconf 81' lang='lat' dir='ltr'>sumitur,</span> <span class='ocrx_word' id='word_1_358' title='bbox 1992 1566 2027 1615; x_wconf 92' lang='lat' dir='ltr'>i.</span> <span class='ocrx_word' id='word_1_359' title='bbox 2050 1580 2098 1616; x_wconf 89' lang='lat' dir='ltr'>e.</span> <span class='ocrx_word' id='word_1_360' title='bbox 2137 1573 2152 1596; x_wconf 79' lang='lat'>‘</span> <span class='ocrx_word' id='word_1_361' title='bbox 2172 1568 2433 1630; x_wconf 60' lang='lat' dir='ltr'>‘verutus-,³</span> <span class='ocrx_word' id='word_1_362' title='bbox 2456 1570 2566 1618; x_wconf 86' lang='lat' dir='ltr'>sive</span> 
     </span>
     <span class='ocr_line' id='line_1_67' title="bbox 1499 1642 2568 1707; baseline 0.001 -15"><span class='ocrx_word' id='word_1_363' title='bbox 1499 1650 1593 1693; x_wconf 83' lang='lat' dir='ltr'>‘se</span> <span class='ocrx_word' id='word_1_364' title='bbox 1631 1643 1843 1706; x_wconf 76' lang='lat' dir='ltr'>vertit3’</span> <span class='ocrx_word' id='word_1_365' title='bbox 1874 1644 1955 1693; x_wconf 90' lang='lat' dir='ltr'>uti</span> <span class='ocrx_word' id='word_1_366' title='bbox 1989 1642 2126 1707; x_wconf 77' lang='lat' dir='ltr'>apud</span> <span class='ocrx_word' id='word_1_367' title='bbox 2171 1643 2288 1693; x_wconf 84' lang='lat' dir='ltr'>Liv.</span> <span class='ocrx_word' id='word_1_368' title='bbox 2327 1658 2489 1695; x_wconf 73' lang='lat' dir='ltr'>xxvi.</span> <span class='ocrx_word' id='word_1_369' title='bbox 2517 1650 2568 1694; x_wconf 84' lang='lat'>6.</span> 
     </span>
     <span class='ocr_line' id='line_1_68' title="bbox 1496 1719 2566 1783; baseline -0.001 -13"><span class='ocrx_word' id='word_1_370' title='bbox 1496 1727 1513 1751; x_wconf 77' lang='lat'><em>⁶</em></span> <span class='ocrx_word' id='word_1_371' title='bbox 1535 1721 1613 1770; x_wconf 80' lang='lat' dir='ltr'>Es</span> <span class='ocrx_word' id='word_1_372' title='bbox 1637 1719 1925 1770; x_wconf 77' lang='lat' dir='ltr'>ludificatio</span> <span class='ocrx_word' id='word_1_373' title='bbox 1949 1728 2003 1769; x_wconf 89' lang='lat' dir='ltr'>et</span> <span class='ocrx_word' id='word_1_374' title='bbox 2025 1720 2141 1783; x_wconf 80' lang='lat' dir='ltr'>ipss</span> <span class='ocrx_word' id='word_1_375' title='bbox 2172 1719 2228 1769; x_wconf 92' lang='lat' dir='ltr'>in</span> <span class='ocrx_word' id='word_1_376' title='bbox 2250 1735 2428 1770; x_wconf 78' lang='lat' dir='ltr'>verum</span> <span class='ocrx_word' id='word_1_377' title='bbox 2451 1736 2566 1771; x_wconf 81' lang='lat' dir='ltr'>ver·</span> 
     </span>
     <span class='ocr_line' id='line_1_69' title="bbox 1502 1797 2566 1861; baseline 0.001 -13"><span class='ocrx_word' id='word_1_378' title='bbox 1502 1797 1568 1848; x_wconf 88' lang='lat' dir='ltr'>tit</span> <span class='ocrx_word' id='word_1_379' title='bbox 1586 1798 1620 1858; x_wconf 87' lang='lat'>;’</span> <span class='ocrx_word' id='word_1_380' title='bbox 1639 1799 1676 1849; x_wconf 90' lang='lat' dir='ltr'>i.</span> <span class='ocrx_word' id='word_1_381' title='bbox 1695 1813 1744 1848; x_wconf 92' lang='lat' dir='ltr'>e.</span> <span class='ocrx_word' id='word_1_382' title='bbox 1769 1811 1918 1848; x_wconf 79' lang='lat' dir='ltr'>versa</span> <span class='ocrx_word' id='word_1_383' title='bbox 1940 1802 2043 1861; x_wconf 81' lang='lat' dir='ltr'>est,</span> <span class='ocrx_word' id='word_1_384' title='bbox 2064 1803 2120 1846; x_wconf 86' lang='lat' dir='ltr'>et</span> <span class='ocrx_word' id='word_1_385' title='bbox 2141 1811 2260 1860; x_wconf 79' lang='lat' dir='ltr'>cap.</span> <span class='ocrx_word' id='word_1_386' title='bbox 2280 1802 2365 1847; x_wconf 77' lang='grc'><strong>40.</strong></span> <span class='ocrx_word' id='word_1_387' title='bbox 2398 1799 2414 1826; x_wconf 78' lang='lat'>⁶</span> <span class='ocrx_word' id='word_1_388' title='bbox 2432 1798 2566 1849; x_wconf 78' lang='lat' dir='ltr'>Haec</span> 
     </span>
     <span class='ocr_line' id='line_1_70' title="bbox 1499 1875 2565 1940; baseline 0 -15"><span class='ocrx_word' id='word_1_389' title='bbox 1499 1876 1611 1940; x_wconf 84' lang='lat' dir='ltr'>ejus</span> <span class='ocrx_word' id='word_1_390' title='bbox 1645 1875 1814 1939; x_wconf 80' lang='lat' dir='ltr'>gloria</span> <span class='ocrx_word' id='word_1_391' title='bbox 1943 1882 2205 1938; x_wconf 87' lang='lat' dir='ltr'>postremo</span> <span class='ocrx_word' id='word_1_392' title='bbox 2240 1875 2293 1924; x_wconf 89' lang='lat' dir='ltr'>in</span> <span class='ocrx_word' id='word_1_393' title='bbox 2318 1875 2565 1925; x_wconf 77' lang='lat' dir='ltr'>invidiam</span> 
     </span>
     <span class='ocr_line' id='line_1_71' title="bbox 1500 1949 2568 2016; baseline -0.001 -15"><span class='ocrx_word' id='word_1_394' title='bbox 1500 1954 1663 2003; x_wconf 75' lang='lat' dir='ltr'>vertit</span> <span class='ocrx_word' id='word_1_395' title='bbox 1683 1951 1718 2001; x_wconf 70' lang='grc' dir='ltr'>ε’</span> <span class='ocrx_word' id='word_1_396' title='bbox 1752 1951 1890 2016; x_wconf 77' lang='lat' dir='ltr'>apud</span> <span class='ocrx_word' id='word_1_397' title='bbox 1934 1951 2102 2000; x_wconf 71' lang='lat' dir='ltr'>Tacit.</span> <span class='ocrx_word' id='word_1_398' title='bbox 2138 1949 2329 2001; x_wconf 81' lang='lat' dir='ltr'>Annal.</span> <span class='ocrx_word' id='word_1_399' title='bbox 2366 1965 2446 2000; x_wconf 82' lang='lat' dir='ltr'>vr.</span> <span class='ocrx_word' id='word_1_400' title='bbox 2481 1954 2568 2001; x_wconf 74' lang='lat'>46.</span> 
     </span>
     <span class='ocr_line' id='line_1_72' title="bbox 1499 2027 2566 2092; baseline -0.003 -12"><span class='ocrx_word' id='word_1_401' title='bbox 1499 2035 1516 2058; x_wconf 72' lang='lat'>⁸</span> <span class='ocrx_word' id='word_1_402' title='bbox 1533 2029 1620 2080; x_wconf 88' lang='lat' dir='ltr'>Ne</span> <span class='ocrx_word' id='word_1_403' title='bbox 1639 2028 1885 2078; x_wconf 77' lang='lat' dir='ltr'>memoris</span> <span class='ocrx_word' id='word_1_404' title='bbox 1903 2027 2144 2092; x_wconf 80' lang='lat' dir='ltr'>Augusti,</span> <span class='ocrx_word' id='word_1_405' title='bbox 2160 2043 2228 2078; x_wconf 88' lang='lat' dir='ltr'>ne</span> <span class='ocrx_word' id='word_1_406' title='bbox 2246 2041 2432 2078; x_wconf 84' lang='lat' dir='ltr'>nomen</span> <span class='ocrx_word' id='word_1_407' title='bbox 2453 2028 2566 2077; x_wconf 74' lang='lat' dir='ltr'>Cee-</span> 
     </span>
     <span class='ocr_line' id='line_1_73' title="bbox 1498 2093 2565 2168; baseline 0 -14"><span class='ocrx_word' id='word_1_408' title='bbox 1498 2119 1691 2168; x_wconf 77' lang='lat' dir='ltr'>surum,</span> <span class='ocrx_word' id='word_1_409' title='bbox 1724 2105 1776 2154; x_wconf 91' lang='lat' dir='ltr'>in</span> <span class='ocrx_word' id='word_1_410' title='bbox 1816 2103 2096 2155; x_wconf 87' lang='lat' dir='ltr'>ludibrium</span> <span class='ocrx_word' id='word_1_411' title='bbox 2122 2093 2181 2154; x_wconf 69' lang='lat' dir='ltr'>et&#39;</span> <span class='ocrx_word' id='word_1_412' title='bbox 2200 2104 2565 2154; x_wconf 72' lang='lat' dir='ltr'>contumeliam</span> 
     </span>
     <span class='ocr_line' id='line_1_74' title="bbox 1500 2179 2566 2246; baseline 0.001 -17"><span class='ocrx_word' id='word_1_413' title='bbox 1500 2187 1753 2237; x_wconf 74' lang='lat' dir='ltr'>verteret,</span> <span class='ocrx_word' id='word_1_414' title='bbox 1776 2179 2075 2231; x_wconf 82' lang='lat' dir='ltr'>metuebat.’</span> <span class='ocrx_word' id='word_1_415' title='bbox 2140 2181 2228 2230; x_wconf 88' lang='lat' dir='ltr'>De</span> <span class='ocrx_word' id='word_1_416' title='bbox 2253 2196 2356 2246; x_wconf 81' lang='lat' dir='ltr'>qua</span> <span class='ocrx_word' id='word_1_417' title='bbox 2377 2180 2566 2230; x_wconf 82' lang='lat' dir='ltr'>dictio·</span> 
     </span>
     <span class='ocr_line' id='line_1_75' title="bbox 1489 2251 2569 2322; baseline 0.003 -16"><span class='ocrx_word' id='word_1_418' title='bbox 1489 2257 1565 2306; x_wconf 48' lang='lat' dir='ltr'>*ne</span> <span class='ocrx_word' id='word_1_419' title='bbox 1590 2259 1698 2322; x_wconf 76' lang='lat' dir='ltr'>agit</span> <span class='ocrx_word' id='word_1_420' title='bbox 1718 2259 2026 2319; x_wconf 66' lang='lat' dir='ltr'>Yechnerus</span> <span class='ocrx_word' id='word_1_421' title='bbox 2060 2257 2388 2307; x_wconf 80' lang='lat' dir='ltr'>Hellenolex.</span> <span class='ocrx_word' id='word_1_422' title='bbox 2404 2271 2467 2307; x_wconf 88' lang='grc' dir='ltr'>ιι.</span> <span class='ocrx_word' id='word_1_423' title='bbox 2486 2251 2569 2309; x_wconf 78' lang='lat'>12‘.</span> 
     </span>
     <span class='ocr_line' id='line_1_76' title="bbox 1499 2334 2571 2400; baseline -0.002 -16"><span class='ocrx_word' id='word_1_424' title='bbox 1499 2340 1557 2385; x_wconf 88' lang='lat' dir='ltr'>et</span> <span class='ocrx_word' id='word_1_425' title='bbox 1579 2336 1810 2400; x_wconf 77' lang='lat' dir='ltr'>Bangius</span> <span class='ocrx_word' id='word_1_426' title='bbox 1842 2334 2129 2385; x_wconf 74' lang='lat' dir='ltr'>observat.</span> <span class='ocrx_word' id='word_1_427' title='bbox 2153 2334 2416 2398; x_wconf 78' lang='lat' dir='ltr'>Philolog.</span> <span class='ocrx_word' id='word_1_428' title='bbox 2443 2335 2480 2386; x_wconf 94' lang='lat' dir='ltr'>l.</span> <span class='ocrx_word' id='word_1_429' title='bbox 2503 2348 2571 2384; x_wconf 87' lang='lat' dir='ltr'>n.</span> 
     </span>
     <span class='ocr_line' id='line_1_77' title="bbox 1501 2410 2565 2476; baseline 0.003 -16"><span class='ocrx_word' id='word_1_430' title='bbox 1501 2423 1554 2476; x_wconf 90' lang='lat' dir='ltr'>p.</span> <span class='ocrx_word' id='word_1_431' title='bbox 1579 2415 1730 2463; x_wconf 70' lang='lat'>1820.</span> <span class='ocrx_word' id='word_1_432' title='bbox 1795 2410 2008 2475; x_wconf 82' lang='lat' dir='ltr'>Anceps</span> <span class='ocrx_word' id='word_1_433' title='bbox 2037 2410 2200 2473; x_wconf 79' lang='lat' dir='ltr'>igitur</span> <span class='ocrx_word' id='word_1_434' title='bbox 2226 2410 2368 2469; x_wconf 71' lang='lat' dir='ltr'>haesi,</span> <span class='ocrx_word' id='word_1_435' title='bbox 2389 2418 2565 2462; x_wconf 82' lang='lat' dir='ltr'>utrum</span> 
     </span>
     <span class='ocr_line' id='line_1_78' title="bbox 1500 2486 2567 2552; baseline -0.001 -15"><span class='ocrx_word' id='word_1_436' title='bbox 1500 2487 1716 2537; x_wconf 82' lang='lat' dir='ltr'>verbum</span> <span class='ocrx_word' id='word_1_437' title='bbox 1761 2487 1893 2537; x_wconf 73' lang='lat' dir='ltr'>uenit</span> <span class='ocrx_word' id='word_1_438' title='bbox 1936 2486 2267 2552; x_wconf 70' lang='lat' dir='ltr'>adoptarem,</span> <span class='ocrx_word' id='word_1_439' title='bbox 2295 2501 2361 2536; x_wconf 82' lang='lat' dir='ltr'>sn</span> <span class='ocrx_word' id='word_1_440' title='bbox 2397 2487 2567 2538; x_wconf 75' lang='lat' dir='ltr'>vertit.</span> 
     </span>
     <span class='ocr_line' id='line_1_79' title="bbox 1498 2562 2566 2629; baseline -0.001 -14"><span class='ocrx_word' id='word_1_441' title='bbox 1498 2564 1787 2629; x_wconf 79' lang='lat' dir='ltr'>Amplexus</span> <span class='ocrx_word' id='word_1_442' title='bbox 1838 2563 2044 2614; x_wconf 88' lang='lat' dir='ltr'>demum</span> <span class='ocrx_word' id='word_1_443' title='bbox 2101 2577 2211 2613; x_wconf 89' lang='lat' dir='ltr'>sum</span> <span class='ocrx_word' id='word_1_444' title='bbox 2266 2562 2566 2627; x_wconf 85' lang='lat' dir='ltr'>posterius;</span> 
     </span>
     <span class='ocr_line' id='line_1_80' title="bbox 1498 2640 2572 2707; baseline 0.002 -17"><span class='ocrx_word' id='word_1_445' title='bbox 1498 2641 1641 2707; x_wconf 83' lang='lat' dir='ltr'>quod</span> <span class='ocrx_word' id='word_1_446' title='bbox 1683 2640 1769 2691; x_wconf 72' lang='lat' dir='ltr'>tot</span> <span class='ocrx_word' id='word_1_447' title='bbox 1799 2640 2034 2691; x_wconf 86' lang='lat' dir='ltr'>codicum</span> <span class='ocrx_word' id='word_1_448' title='bbox 2066 2640 2199 2690; x_wconf 86' lang='lat' dir='ltr'>Mss.</span> <span class='ocrx_word' id='word_1_449' title='bbox 2237 2656 2334 2692; x_wconf 88' lang='lat' dir='ltr'>nec</span> <span class='ocrx_word' id='word_1_450' title='bbox 2373 2655 2572 2706; x_wconf 76' lang='lat' dir='ltr'>pauco·</span> 
     </span>
     <span class='ocr_line' id='line_1_81' title="bbox 1498 2715 2566 2782; baseline 0.001 -15"><span class='ocrx_word' id='word_1_451' title='bbox 1498 2731 1614 2769; x_wconf 87' lang='lat' dir='ltr'>rum</span> <span class='ocrx_word' id='word_1_452' title='bbox 1656 2717 2022 2781; x_wconf 84' lang='lat' dir='ltr'>impressorum</span> <span class='ocrx_word' id='word_1_453' title='bbox 2057 2715 2303 2782; x_wconf 81' lang='lat' dir='ltr'>suffragio</span> <span class='ocrx_word' id='word_1_454' title='bbox 2342 2718 2566 2769; x_wconf 82' lang='lat' dir='ltr'>sustine-</span> 
     </span>
     <span class='ocr_line' id='line_1_82' title="bbox 1498 2791 2565 2863; baseline 0 -19"><span class='ocrx_word' id='word_1_455' title='bbox 1498 2802 1602 2844; x_wconf 85' lang='lat' dir='ltr'>tur.</span> <span class='ocrx_word' id='word_1_456' title='bbox 1669 2794 1789 2844; x_wconf 89' lang='lat' dir='ltr'>Huc</span> <span class='ocrx_word' id='word_1_457' title='bbox 1812 2791 2038 2858; x_wconf 77' lang='lat' dir='ltr'>accedit,</span> <span class='ocrx_word' id='word_1_458' title='bbox 2075 2794 2213 2863; x_wconf 83' lang='lat' dir='ltr'>quod</span> <span class='ocrx_word' id='word_1_459' title='bbox 2238 2795 2565 2844; x_wconf 82' lang='lat' dir='ltr'>verisimilius</span> 
     </span>
     <span class='ocr_line' id='line_1_83' title="bbox 1496 2869 2564 2936; baseline -0.002 -15"><span class='ocrx_word' id='word_1_460' title='bbox 1496 2869 1613 2921; x_wconf 82' lang='lat' dir='ltr'>fieri</span> <span class='ocrx_word' id='word_1_461' title='bbox 1636 2871 1887 2936; x_wconf 89' lang='lat' dir='ltr'>potuerit,</span> <span class='ocrx_word' id='word_1_462' title='bbox 1908 2876 1969 2920; x_wconf 90' lang='lat' dir='ltr'>ut</span> <span class='ocrx_word' id='word_1_463' title='bbox 1993 2870 2206 2920; x_wconf 77' lang='lat' dir='ltr'>verbum</span> <span class='ocrx_word' id='word_1_464' title='bbox 2236 2871 2401 2932; x_wconf 74' lang='lat' dir='ltr'>vertit,</span> <span class='ocrx_word' id='word_1_465' title='bbox 2426 2869 2564 2934; x_wconf 87' lang='lat' dir='ltr'>quod</span> 
     </span>
     <span class='ocr_line' id='line_1_84' title="bbox 1500 2945 2568 3013; baseline -0.001 -15"><span class='ocrx_word' id='word_1_466' title='bbox 1500 2948 1555 2998; x_wconf 89' lang='lat' dir='ltr'>in</span> <span class='ocrx_word' id='word_1_467' title='bbox 1578 2949 1675 2998; x_wconf 77' lang='lat' dir='ltr'>buc</span> <span class='ocrx_word' id='word_1_468' title='bbox 1697 2946 1943 3013; x_wconf 82' lang='lat' dir='ltr'>loquendi</span> <span class='ocrx_word' id='word_1_469' title='bbox 1966 2945 2185 2997; x_wconf 73' lang='lat' dir='ltr'>formula</span> <span class='ocrx_word' id='word_1_470' title='bbox 2203 2961 2307 2997; x_wconf 90' lang='lat' dir='ltr'>non</span> <span class='ocrx_word' id='word_1_471' title='bbox 2333 2954 2438 2997; x_wconf 83' lang='lat' dir='ltr'>tam</span> <span class='ocrx_word' id='word_1_472' title='bbox 2461 2945 2568 2997; x_wconf 86' lang='lat' dir='ltr'>fre·</span> 
     </span>
     <span class='ocr_line' id='line_1_85' title="bbox 1502 3022 2569 3089; baseline -0.003 -15"><span class='ocrx_word' id='word_1_473' title='bbox 1502 3032 1729 3089; x_wconf 86' lang='lat' dir='ltr'>quenter</span> <span class='ocrx_word' id='word_1_474' title='bbox 1762 3022 2005 3079; x_wconf 87' lang='lat' dir='ltr'>occurrit,</span> <span class='ocrx_word' id='word_1_475' title='bbox 2044 3023 2097 3072; x_wconf 83' lang='lat' dir='ltr'>in</span> <span class='ocrx_word' id='word_1_476' title='bbox 2131 3024 2344 3075; x_wconf 73' lang='lat' dir='ltr'>verbum</span> <span class='ocrx_word' id='word_1_477' title='bbox 2372 3023 2569 3087; x_wconf 83' lang='lat' dir='ltr'>notius,</span> 
     </span>
     <span class='ocr_line' id='line_1_86' title="bbox 1498 3100 2565 3166; baseline -0.002 -14"><span class='ocrx_word' id='word_1_478' title='bbox 1498 3102 1667 3161; x_wconf 58' lang='lat' dir='ltr'>osuiu</span> <span class='ocrx_word' id='word_1_479' title='bbox 1698 3115 1853 3166; x_wconf 84' lang='lat' dir='ltr'>quam</span> <span class='ocrx_word' id='word_1_480' title='bbox 1889 3115 2040 3151; x_wconf 77' lang='lat' dir='ltr'>versa</span> <span class='ocrx_word' id='word_1_481' title='bbox 2069 3100 2203 3166; x_wconf 78' lang='lat' dir='ltr'>viee,</span> <span class='ocrx_word' id='word_1_482' title='bbox 2235 3101 2438 3151; x_wconf 75' lang='lat' dir='ltr'>venitin</span> <span class='ocrx_word' id='word_1_483' title='bbox 2460 3115 2565 3150; x_wconf 79' lang='lat' dir='ltr'>osr-</span> 
     </span>
     <span class='ocr_line' id='line_1_87' title="bbox 1501 3178 2400 3237; baseline 0 -9"><span class='ocrx_word' id='word_1_484' title='bbox 1501 3178 1585 3236; x_wconf 77' lang='lat' dir='ltr'>tit,</span> <span class='ocrx_word' id='word_1_485' title='bbox 1612 3193 1642 3230; x_wconf 75' lang='lat' dir='ltr'>u</span> <span class='ocrx_word' id='word_1_486' title='bbox 1663 3178 1885 3228; x_wconf 72' lang='lat' dir='ltr'>librariis</span> <span class='ocrx_word' id='word_1_487' title='bbox 1907 3184 2214 3237; x_wconf 68' lang='lat' dir='ltr'>mutaretur.</span> <span class='ocrx_word' id='word_1_488' title='bbox 2246 3179 2400 3228; x_wconf 79' lang='lat' dir='ltr'>Idem.</span> 
     </span>
    </p>

    <p class='ocr_par' dir='ltr' id='par_1_15' title="bbox 1500 3253 2568 3537">
     <span class='ocr_line' id='line_1_88' title="bbox 1568 3253 2568 3318; baseline 0.002 -13"><span class='ocrx_word' id='word_1_489' title='bbox 1568 3256 1633 3305; x_wconf 77' lang='lat' dir='ltr'>In</span> <span class='ocrx_word' id='word_1_490' title='bbox 1666 3256 2050 3306; x_wconf 77' lang='lat' dir='ltr'>consuetudinem</span> <span class='ocrx_word' id='word_1_491' title='bbox 2085 3253 2259 3318; x_wconf 77' lang='lat' dir='ltr'>vertit]</span> <span class='ocrx_word' id='word_1_492' title='bbox 2294 3255 2357 3305; x_wconf 83' lang='lat' dir='ltr'>In</span> <span class='ocrx_word' id='word_1_493' title='bbox 2377 3268 2568 3307; x_wconf 70' lang='lat' dir='ltr'>consue·</span> 
     </span>
     <span class='ocr_line' id='line_1_89' title="bbox 1500 3331 2564 3394; baseline -0.003 -9"><span class='ocrx_word' id='word_1_494' title='bbox 1500 3335 1712 3385; x_wconf 76' lang='lat' dir='ltr'>tudinem</span> <span class='ocrx_word' id='word_1_495' title='bbox 1741 3333 1874 3384; x_wconf 75' lang='lat' dir='ltr'>venit</span> <span class='ocrx_word' id='word_1_496' title='bbox 1903 3332 2074 3382; x_wconf 85' lang='lat' dir='ltr'>Livin.</span> <span class='ocrx_word' id='word_1_497' title='bbox 2099 3333 2151 3381; x_wconf 91' lang='lat' dir='ltr'>in</span> <span class='ocrx_word' id='word_1_498' title='bbox 2177 3338 2359 3394; x_wconf 87' lang='lat' dir='ltr'>textu;</span> <span class='ocrx_word' id='word_1_499' title='bbox 2394 3331 2485 3382; x_wconf 82' lang='lat' dir='ltr'>sed</span> <span class='ocrx_word' id='word_1_500' title='bbox 2511 3332 2564 3382; x_wconf 89' lang='lat' dir='ltr'>in</span> 
     </span>
     <span class='ocr_line' id='line_1_90' title="bbox 1500 3408 2567 3475; baseline -0.002 -15"><span class='ocrx_word' id='word_1_501' title='bbox 1500 3414 1753 3475; x_wconf 83' lang='lat' dir='ltr'>margine,</span> <span class='ocrx_word' id='word_1_502' title='bbox 1793 3410 1847 3459; x_wconf 80' lang='lat' dir='ltr'>in</span> <span class='ocrx_word' id='word_1_503' title='bbox 1885 3409 2269 3462; x_wconf 76' lang='lat' dir='ltr'>consuetudinem</span> <span class='ocrx_word' id='word_1_504' title='bbox 2305 3410 2452 3460; x_wconf 74' lang='lat' dir='ltr'>uertit</span> <span class='ocrx_word' id='word_1_505' title='bbox 2490 3408 2567 3464; x_wconf 83' lang='lat' dir='ltr'>V.</span> 
     </span>
     <span class='ocr_line' id='line_1_91' title="bbox 1500 3487 1947 3537; baseline -0.007 0"><span class='ocrx_word' id='word_1_506' title='bbox 1500 3495 1668 3537; x_wconf 84' lang='lat' dir='ltr'>recte.</span> <span class='ocrx_word' id='word_1_507' title='bbox 1705 3487 1947 3537; x_wconf 69' lang='lat' dir='ltr'>Rittersh.</span> 
     </span>
    </p>

    <p class='ocr_par' dir='ltr' id='par_1_16' title="bbox 1493 3559 2570 4393">
     <span class='ocr_line' id='line_1_92' title="bbox 1569 3559 2567 3625; baseline -0.001 -13"><span class='ocrx_word' id='word_1_508' title='bbox 1569 3563 1854 3614; x_wconf 71' lang='lat' dir='ltr'>Gratiarum</span> <span class='ocrx_word' id='word_1_509' title='bbox 1885 3562 2071 3613; x_wconf 74' lang='lat' dir='ltr'>actione</span> <span class='ocrx_word' id='word_1_510' title='bbox 2101 3559 2307 3625; x_wconf 77' lang='lat' dir='ltr'>perlata]</span> <span class='ocrx_word' id='word_1_511' title='bbox 2338 3560 2456 3613; x_wconf 80' lang='lat' dir='ltr'>Jam</span> <span class='ocrx_word' id='word_1_512' title='bbox 2481 3575 2567 3611; x_wconf 89' lang='lat' dir='ltr'>su·</span> 
     </span>
     <span class='ocr_line' id='line_1_93' title="bbox 1499 3638 2566 3703; baseline -0.005 -15"><span class='ocrx_word' id='word_1_513' title='bbox 1499 3654 1611 3703; x_wconf 79' lang='lat' dir='ltr'>prs,</span> <span class='ocrx_word' id='word_1_514' title='bbox 1648 3653 1727 3690; x_wconf 69' lang='grc' dir='ltr'><strong>ιν.</strong></span> <span class='ocrx_word' id='word_1_515' title='bbox 1762 3644 1810 3690; x_wconf 90' lang='lat'>1.</span> <span class='ocrx_word' id='word_1_516' title='bbox 1849 3639 1985 3688; x_wconf 83' lang='lat' dir='ltr'>dixit</span> <span class='ocrx_word' id='word_1_517' title='bbox 2018 3638 2259 3690; x_wconf 84' lang='lat' dir='ltr'>Plinius:</span> <span class='ocrx_word' id='word_1_518' title='bbox 2298 3638 2435 3687; x_wconf 87' lang='lat' dir='ltr'>‘Sed</span> <span class='ocrx_word' id='word_1_519' title='bbox 2475 3652 2566 3702; x_wconf 72' lang='lat' dir='ltr'>pa-</span> 
     </span>
     <span class='ocr_line' id='line_1_94' title="bbox 1493 3713 2564 3779; baseline -0.001 -15"><span class='ocrx_word' id='word_1_520' title='bbox 1493 3715 1715 3765; x_wconf 82' lang='lat' dir='ltr'>rendum</span> <span class='ocrx_word' id='word_1_521' title='bbox 1753 3723 1837 3765; x_wconf 88' lang='lat' dir='ltr'>est</span> <span class='ocrx_word' id='word_1_522' title='bbox 1879 3721 2090 3765; x_wconf 76' lang='lat' dir='ltr'>senatus</span> <span class='ocrx_word' id='word_1_523' title='bbox 2133 3714 2389 3777; x_wconf 83' lang='lat' dir='ltr'>consulto,</span> <span class='ocrx_word' id='word_1_524' title='bbox 2424 3713 2564 3779; x_wconf 83' lang='lat' dir='ltr'>quod</span> 
     </span>
     <span class='ocr_line' id='line_1_95' title="bbox 1497 3789 2565 3863; baseline -0.002 -23"><span class='ocrx_word' id='word_1_525' title='bbox 1497 3804 1566 3840; x_wconf 85' lang='lat' dir='ltr'>ex</span> <span class='ocrx_word' id='word_1_526' title='bbox 1599 3792 1828 3842; x_wconf 83' lang='lat' dir='ltr'>utilitate</span> <span class='ocrx_word' id='word_1_527' title='bbox 1866 3791 2078 3863; x_wconf 58' lang='lat' dir='ltr'>gablica</span> <span class='ocrx_word' id='word_1_528' title='bbox 2114 3789 2327 3854; x_wconf 86' lang='lat' dir='ltr'>placuit,</span> <span class='ocrx_word' id='word_1_529' title='bbox 2351 3796 2411 3840; x_wconf 91' lang='lat' dir='ltr'>ut</span> <span class='ocrx_word' id='word_1_530' title='bbox 2444 3804 2565 3839; x_wconf 89' lang='lat' dir='ltr'>con-</span> 
     </span>
     <span class='ocr_line' id='line_1_96' title="bbox 1497 3867 2567 3930; baseline 0 -14"><span class='ocrx_word' id='word_1_531' title='bbox 1497 3867 1623 3917; x_wconf 90' lang='lat' dir='ltr'>sulis</span> <span class='ocrx_word' id='word_1_532' title='bbox 1642 3882 1787 3927; x_wconf 81' lang='lat' dir='ltr'>voce,</span> <span class='ocrx_word' id='word_1_533' title='bbox 1808 3867 1904 3917; x_wconf 91' lang='lat' dir='ltr'>sub</span> <span class='ocrx_word' id='word_1_534' title='bbox 1924 3868 2075 3917; x_wconf 87' lang='lat' dir='ltr'>titulo</span> <span class='ocrx_word' id='word_1_535' title='bbox 2099 3867 2385 3930; x_wconf 73' lang='lat' dir='ltr'>gratiarum</span> <span class='ocrx_word' id='word_1_536' title='bbox 2406 3880 2567 3929; x_wconf 79' lang='lat' dir='ltr'>agen·</span> 
     </span>
     <span class='ocr_line' id='line_1_97' title="bbox 1496 3937 2570 4008; baseline -0.001 -15"><span class='ocrx_word' id='word_1_537' title='bbox 1496 3937 1699 4000; x_wconf 75' lang='lat' dir='ltr'>durum,</span> <span class='ocrx_word' id='word_1_538' title='bbox 1723 3943 1843 3994; x_wconf 87' lang='lat' dir='ltr'>boni</span> <span class='ocrx_word' id='word_1_539' title='bbox 1868 3943 2152 4008; x_wconf 85' lang='lat' dir='ltr'>principes,</span> <span class='ocrx_word' id='word_1_540' title='bbox 2174 3958 2290 4007; x_wconf 80' lang='lat' dir='ltr'>quae</span> <span class='ocrx_word' id='word_1_541' title='bbox 2308 3941 2570 4008; x_wconf 81' lang='lat' dir='ltr'>facerent,</span> 
     </span>
     <span class='ocr_line' id='line_1_98' title="bbox 1497 4017 2563 4085; baseline 0 -16"><span class='ocrx_word' id='word_1_542' title='bbox 1497 4027 1955 4083; x_wconf 53' lang='lat' dir='ltr'>recognoscet-eun</span> <span class='ocrx_word' id='word_1_543' title='bbox 1986 4019 2126 4081; x_wconf 76' lang='lat' dir='ltr'>mali,</span> <span class='ocrx_word' id='word_1_544' title='bbox 2140 4034 2256 4085; x_wconf 82' lang='lat' dir='ltr'>quae</span> <span class='ocrx_word' id='word_1_545' title='bbox 2275 4017 2454 4068; x_wconf 82' lang='lat' dir='ltr'>facere</span> <span class='ocrx_word' id='word_1_546' title='bbox 2471 4019 2563 4069; x_wconf 86' lang='lat' dir='ltr'>de-</span> 
     </span>
     <span class='ocr_line' id='line_1_99' title="bbox 1496 4093 2563 4158; baseline 0 -12"><span class='ocrx_word' id='word_1_547' title='bbox 1496 4094 1730 4146; x_wconf 83' lang='lat' dir='ltr'>berent.’</span> <span class='ocrx_word' id='word_1_548' title='bbox 1807 4094 1880 4144; x_wconf 90' lang='lat' dir='ltr'>Et</span> <span class='ocrx_word' id='word_1_549' title='bbox 1924 4093 2095 4144; x_wconf 86' lang='lat' dir='ltr'>eidem</span> <span class='ocrx_word' id='word_1_550' title='bbox 2141 4095 2311 4158; x_wconf 89' lang='lat' dir='ltr'>Epist.</span> <span class='ocrx_word' id='word_1_551' title='bbox 2353 4108 2442 4144; x_wconf 85' lang='grc' dir='ltr'><strong>ιιι.</strong></span> <span class='ocrx_word' id='word_1_552' title='bbox 2480 4097 2563 4146; x_wconf 88' lang='grc'><strong>18.</strong></span> 
     </span>
     <span class='ocr_line' id='line_1_100' title="bbox 1495 4170 2562 4237; baseline -0.005 -12"><span class='ocrx_word' id='word_1_553' title='bbox 1495 4170 1776 4225; x_wconf 85' lang='lat' dir='ltr'>‘Officium</span> <span class='ocrx_word' id='word_1_554' title='bbox 1817 4172 2116 4222; x_wconf 81' lang='lat' dir='ltr'>consulatus</span> <span class='ocrx_word' id='word_1_555' title='bbox 2151 4171 2380 4237; x_wconf 84' lang='lat' dir='ltr'>injunxit</span> <span class='ocrx_word' id='word_1_556' title='bbox 2420 4171 2562 4234; x_wconf 78' lang='lat' dir='ltr'>mihi,</span> 
     </span>
     <span class='ocr_line' id='line_1_101' title="bbox 1496 4248 2562 4313; baseline -0.003 -12"><span class='ocrx_word' id='word_1_557' title='bbox 1496 4258 1557 4301; x_wconf 88' lang='lat' dir='ltr'>ut</span> <span class='ocrx_word' id='word_1_558' title='bbox 1591 4248 1896 4313; x_wconf 63' lang='lat' dir='ltr'>reipublice</span> <span class='ocrx_word' id='word_1_559' title='bbox 1934 4248 2142 4298; x_wconf 89' lang='lat' dir='ltr'>nomine</span> <span class='ocrx_word' id='word_1_560' title='bbox 2166 4248 2402 4312; x_wconf 73' lang='lat' dir='ltr'>principi</span> <span class='ocrx_word' id='word_1_561' title='bbox 2447 4262 2562 4313; x_wconf 76' lang='lat' dir='ltr'>gra·</span> 
     </span>
     <span class='ocr_line' id='line_1_102' title="bbox 1496 4322 2566 4393; baseline -0.002 -15"><span class='ocrx_word' id='word_1_562' title='bbox 1496 4328 1600 4379; x_wconf 77' lang='lat' dir='ltr'>tias</span> <span class='ocrx_word' id='word_1_563' title='bbox 1622 4323 1866 4393; x_wconf 63' lang='lat' dir='ltr'>egerem!</span> <span class='ocrx_word' id='word_1_564' title='bbox 1930 4322 2153 4378; x_wconf 72' lang='lat' dir='ltr'>Quando</span> <span class='ocrx_word' id='word_1_565' title='bbox 2180 4324 2309 4377; x_wconf 86' lang='lat' dir='ltr'>illud</span> <span class='ocrx_word' id='word_1_566' title='bbox 2332 4333 2566 4378; x_wconf 69' lang='lat' dir='ltr'>senatus·</span> 
     </span>
    </p>
   </div>
  </div>
 </body>
</html>
