<?xml version="1.0" encoding="UTF-8"?>
<!DOCTYPE html PUBLIC "-//W3C//DTD XHTML 1.0 Transitional//EN"
    "http://www.w3.org/TR/xhtml1/DTD/xhtml1-transitional.dtd">
<html xmlns="http://www.w3.org/1999/xhtml" xml:lang="en" lang="en">
 <head>
  <title>
</title>
<meta http-equiv="Content-Type" content="text/html;charset=utf-8" />
  <meta name='ocr-system' content='tesseract 3.04.00' />
  <meta name='ocr-capabilities' content='ocr_page ocr_carea ocr_par ocr_line ocrx_word'/>
</head>
<body>
  <div class='ocr_page' id='page_1' title='image "./panegyriciveter01unkngoog_0712.png"; bbox 0 0 3017 4942; ppageno 0'>
   <div class='ocr_carea' id='block_1_1' title="bbox 473 433 645 501">
    <p class='ocr_par' dir='ltr' id='par_1_1' title="bbox 473 433 645 501">
     <span class='ocr_line' id='line_1_1' title="bbox 473 433 645 501; baseline 0.012 -2"><span class='ocrx_word' id='word_1_1' title='bbox 473 433 645 501; x_wconf 75' lang='lat'><strong>1092</strong></span> 
     </span>
    </p>
   </div>
   <div class='ocr_carea' id='block_1_2' title="bbox 435 592 1542 4422">
    <p class='ocr_par' dir='ltr' id='par_1_2' title="bbox 533 592 1418 658">
     <span class='ocr_line' id='line_1_2' title="bbox 533 592 1418 658; baseline -0.002 -12"><span class='ocrx_word' id='word_1_2' title='bbox 533 592 814 658; x_wconf 73' lang='lat' dir='ltr'>Praedonis]</span> <span class='ocrx_word' id='word_1_3' title='bbox 846 592 1158 645; x_wconf 77' lang='lat' dir='ltr'>Domitiani.</span> <span class='ocrx_word' id='word_1_4' title='bbox 1196 592 1418 644; x_wconf 77' lang='lat' dir='ltr'>Potor-ol.</span> 
     </span>
    </p>

    <p class='ocr_par' dir='ltr' id='par_1_3' title="bbox 460 670 1542 1799">
     <span class='ocr_line' id='line_1_3' title="bbox 537 670 1540 737; baseline 0.003 -15"><span class='ocrx_word' id='word_1_5' title='bbox 537 673 660 722; x_wconf 72' lang='lat' dir='ltr'>Cum</span> <span class='ocrx_word' id='word_1_6' title='bbox 673 671 913 724; x_wconf 68' lang='grc' dir='ltr'>αἱιίυἰιιιιι</span> <span class='ocrx_word' id='word_1_7' title='bbox 932 670 1151 737; x_wconf 69' lang='lat' dir='ltr'>quaque]</span> <span class='ocrx_word' id='word_1_8' title='bbox 1175 670 1292 722; x_wconf 76' lang='lat' dir='ltr'>Hac</span> <span class='ocrx_word' id='word_1_9' title='bbox 1309 672 1540 737; x_wconf 69' lang='lat' dir='ltr'>eleganti</span> 
     </span>
     <span class='ocr_line' id='line_1_4' title="bbox 466 748 1540 814; baseline -0.001 -14"><span class='ocrx_word' id='word_1_10' title='bbox 466 748 796 814; x_wconf 76' lang='lat' dir='ltr'>metaphora,</span> <span class='ocrx_word' id='word_1_11' title='bbox 819 760 964 804; x_wconf 87' lang='lat' dir='ltr'>recte</span> <span class='ocrx_word' id='word_1_12' title='bbox 990 749 1375 814; x_wconf 75' lang='lat' dir='ltr'>interpretante</span> <span class='ocrx_word' id='word_1_13' title='bbox 1399 751 1540 801; x_wconf 78' lang='lat' dir='ltr'>Bau·</span> 
     </span>
     <span class='ocr_line' id='line_1_5' title="bbox 466 825 1539 893; baseline 0 -15"><span class='ocrx_word' id='word_1_14' title='bbox 466 827 573 890; x_wconf 84' lang='lat' dir='ltr'>dio,</span> <span class='ocrx_word' id='word_1_15' title='bbox 596 826 939 893; x_wconf 72' lang='lat' dir='ltr'>designantur</span> <span class='ocrx_word' id='word_1_16' title='bbox 960 826 1058 877; x_wconf 73' lang='lat' dir='ltr'>riri</span> <span class='ocrx_word' id='word_1_17' title='bbox 1080 825 1310 878; x_wconf 85' lang='lat' dir='ltr'>illustres</span> <span class='ocrx_word' id='word_1_18' title='bbox 1333 835 1391 878; x_wconf 83' lang='lat' dir='ltr'>et</span> <span class='ocrx_word' id='word_1_19' title='bbox 1413 829 1539 878; x_wconf 88' lang='lat' dir='ltr'>erni·</span> 
     </span>
     <span class='ocr_line' id='line_1_6' title="bbox 466 902 1540 969; baseline 0.002 -16"><span class='ocrx_word' id='word_1_20' title='bbox 466 902 775 968; x_wconf 82' lang='lat' dir='ltr'>nentissimi,</span> <span class='ocrx_word' id='word_1_21' title='bbox 813 905 901 968; x_wconf 82' lang='lat' dir='ltr'>qui</span> <span class='ocrx_word' id='word_1_22' title='bbox 935 916 969 952; x_wconf 82' lang='lat' dir='ltr'>a</span> <span class='ocrx_word' id='word_1_23' title='bbox 1008 908 1231 968; x_wconf 77' lang='lat' dir='ltr'>tyranno</span> <span class='ocrx_word' id='word_1_24' title='bbox 1275 905 1540 969; x_wconf 86' lang='lat' dir='ltr'>opprime-</span> 
     </span>
     <span class='ocr_line' id='line_1_7' title="bbox 466 979 1542 1047; baseline 0.004 -16"><span class='ocrx_word' id='word_1_25' title='bbox 466 979 659 1031; x_wconf 81' lang='lat' dir='ltr'>bantur</span> <span class='ocrx_word' id='word_1_26' title='bbox 711 980 1038 1042; x_wconf 85' lang='lat' dir='ltr'>innocentes,</span> <span class='ocrx_word' id='word_1_27' title='bbox 1081 987 1174 1032; x_wconf 86' lang='lat' dir='ltr'>aut</span> <span class='ocrx_word' id='word_1_28' title='bbox 1226 982 1409 1047; x_wconf 77' lang='lat' dir='ltr'>exilio,</span> <span class='ocrx_word' id='word_1_29' title='bbox 1448 990 1542 1035; x_wconf 83' lang='lat' dir='ltr'>aut</span> 
     </span>
     <span class='ocr_line' id='line_1_8' title="bbox 465 1053 1539 1113; baseline 0.004 -6"><span class='ocrx_word' id='word_1_30' title='bbox 465 1063 653 1113; x_wconf 84' lang='lat' dir='ltr'>morte,</span> <span class='ocrx_word' id='word_1_31' title='bbox 672 1053 864 1108; x_wconf 80' lang='lat' dir='ltr'>affecti.</span> <span class='ocrx_word' id='word_1_32' title='bbox 928 1057 1019 1107; x_wconf 85' lang='lat' dir='ltr'>Sic</span> <span class='ocrx_word' id='word_1_33' title='bbox 1048 1056 1116 1107; x_wconf 87' lang='lat' dir='ltr'>de</span> <span class='ocrx_word' id='word_1_34' title='bbox 1148 1057 1372 1111; x_wconf 88' lang='lat' dir='ltr'>Neronis</span> <span class='ocrx_word' id='word_1_35' title='bbox 1406 1066 1539 1110; x_wconf 89' lang='lat' dir='ltr'>tem·</span> 
     </span>
     <span class='ocr_line' id='line_1_9' title="bbox 465 1133 1538 1198; baseline 0.002 -14"><span class='ocrx_word' id='word_1_36' title='bbox 465 1133 679 1198; x_wconf 81' lang='lat' dir='ltr'>poribus</span> <span class='ocrx_word' id='word_1_37' title='bbox 713 1134 881 1184; x_wconf 73' lang='lat' dir='ltr'>Tacit.</span> <span class='ocrx_word' id='word_1_38' title='bbox 920 1133 1111 1185; x_wconf 81' lang='lat' dir='ltr'>Annsl.</span> <span class='ocrx_word' id='word_1_39' title='bbox 1145 1147 1265 1186; x_wconf 78' lang='lat' dir='ltr'>xtv.</span> <span class='ocrx_word' id='word_1_40' title='bbox 1294 1139 1376 1186; x_wconf 81' lang='grc'><strong>19.</strong></span> <span class='ocrx_word' id='word_1_41' title='bbox 1405 1134 1423 1164; x_wconf 87' lang='lat'>‘</span> <span class='ocrx_word' id='word_1_42' title='bbox 1442 1136 1538 1186; x_wconf 80' lang='lat' dir='ltr'>Se-</span> 
     </span>
     <span class='ocr_line' id='line_1_10' title="bbox 465 1209 1542 1274; baseline 0.003 -14"><span class='ocrx_word' id='word_1_43' title='bbox 465 1216 695 1274; x_wconf 81' lang='lat' dir='ltr'>quuntur</span> <span class='ocrx_word' id='word_1_44' title='bbox 742 1209 965 1261; x_wconf 75' lang='lat' dir='ltr'>virorum</span> <span class='ocrx_word' id='word_1_45' title='bbox 1013 1210 1288 1262; x_wconf 74' lang='lat' dir='ltr'>illustrium</span> <span class='ocrx_word' id='word_1_46' title='bbox 1326 1218 1542 1271; x_wconf 85' lang='lat' dir='ltr'>mortes,</span> 
     </span>
     <span class='ocr_line' id='line_1_11' title="bbox 462 1284 1538 1353; baseline 0.002 -17"><span class='ocrx_word' id='word_1_47' title='bbox 462 1285 688 1336; x_wconf 88' lang='lat' dir='ltr'>Domitii</span> <span class='ocrx_word' id='word_1_48' title='bbox 709 1284 847 1342; x_wconf 84' lang='lat' dir='ltr'>Afri,</span> <span class='ocrx_word' id='word_1_49' title='bbox 867 1292 925 1337; x_wconf 91' lang='lat' dir='ltr'>et</span> <span class='ocrx_word' id='word_1_50' title='bbox 944 1285 1024 1337; x_wconf 83' lang='lat' dir='ltr'>M.</span> <span class='ocrx_word' id='word_1_51' title='bbox 1038 1286 1270 1349; x_wconf 79' lang='lat' dir='ltr'>Servilii,</span> <span class='ocrx_word' id='word_1_52' title='bbox 1290 1290 1378 1353; x_wconf 85' lang='lat' dir='ltr'>qui</span> <span class='ocrx_word' id='word_1_53' title='bbox 1400 1302 1538 1338; x_wconf 84' lang='lat' dir='ltr'>snm·</span> 
     </span>
     <span class='ocr_line' id='line_1_12' title="bbox 463 1362 1539 1430; baseline 0.005 -18"><span class='ocrx_word' id='word_1_54' title='bbox 463 1362 564 1412; x_wconf 86' lang='lat' dir='ltr'>mis</span> <span class='ocrx_word' id='word_1_55' title='bbox 605 1362 886 1414; x_wconf 83' lang='lat' dir='ltr'>honoribus</span> <span class='ocrx_word' id='word_1_56' title='bbox 924 1369 983 1414; x_wconf 91' lang='lat' dir='ltr'>et</span> <span class='ocrx_word' id='word_1_57' title='bbox 1025 1363 1193 1415; x_wconf 82' lang='lat' dir='ltr'>multa</span> <span class='ocrx_word' id='word_1_58' title='bbox 1235 1365 1539 1430; x_wconf 76' lang='lat' dir='ltr'>eloquentia</span> 
     </span>
     <span class='ocr_line' id='line_1_13' title="bbox 461 1438 1537 1507; baseline 0.006 -19"><span class='ocrx_word' id='word_1_59' title='bbox 461 1438 777 1503; x_wconf 65' lang='lat' dir='ltr'>viguerant!</span> <span class='ocrx_word' id='word_1_60' title='bbox 841 1439 982 1491; x_wconf 84' lang='lat' dir='ltr'>Veli.</span> <span class='ocrx_word' id='word_1_61' title='bbox 1008 1454 1077 1492; x_wconf 85' lang='lat' dir='ltr'>n.</span> <span class='ocrx_word' id='word_1_62' title='bbox 1096 1444 1182 1493; x_wconf 73' lang='lat'>22.</span> <span class='ocrx_word' id='word_1_63' title='bbox 1215 1442 1443 1507; x_wconf 74' lang='lat' dir='ltr'>‘Neque</span> <span class='ocrx_word' id='word_1_64' title='bbox 1474 1443 1537 1494; x_wconf 87' lang='lat' dir='ltr'>li·</span> 
     </span>
     <span class='ocr_line' id='line_1_14' title="bbox 462 1516 1538 1580; baseline 0.005 -15"><span class='ocrx_word' id='word_1_65' title='bbox 462 1517 640 1567; x_wconf 86' lang='lat' dir='ltr'>centia</span> <span class='ocrx_word' id='word_1_66' title='bbox 657 1516 710 1566; x_wconf 86' lang='lat' dir='ltr'>in</span> <span class='ocrx_word' id='word_1_67' title='bbox 728 1516 1021 1569; x_wconf 83' lang='lat' dir='ltr'>mediocres</span> <span class='ocrx_word' id='word_1_68' title='bbox 1042 1519 1312 1580; x_wconf 70' lang='lat' dir='ltr'>servitum,</span> <span class='ocrx_word' id='word_1_69' title='bbox 1297 1533 1312 1547; x_wconf 89' lang='lat'><strong>·</strong></span> <span class='ocrx_word' id='word_1_70' title='bbox 1337 1518 1429 1569; x_wconf 83' lang='lat' dir='ltr'>sed</span> <span class='ocrx_word' id='word_1_71' title='bbox 1449 1534 1538 1570; x_wconf 80' lang='lat' dir='ltr'>ex·</span> 
     </span>
     <span class='ocr_line' id='line_1_15' title="bbox 461 1595 1537 1662; baseline 0.004 -17"><span class='ocrx_word' id='word_1_72' title='bbox 461 1595 734 1646; x_wconf 68' lang='lat' dir='ltr'>celsissimi</span> <span class='ocrx_word' id='word_1_73' title='bbox 752 1596 945 1661; x_wconf 87' lang='lat' dir='ltr'>quique</span> <span class='ocrx_word' id='word_1_74' title='bbox 960 1603 1122 1662; x_wconf 78' lang='lat' dir='ltr'>atque</span> <span class='ocrx_word' id='word_1_75' title='bbox 1137 1598 1537 1650; x_wconf 86' lang='lat' dir='ltr'>eminentissimi</span> 
     </span>
     <span class='ocr_line' id='line_1_16' title="bbox 460 1669 1536 1739; baseline 0.006 -21"><span class='ocrx_word' id='word_1_76' title='bbox 460 1669 562 1719; x_wconf 80' lang='lat' dir='ltr'>viri</span> <span class='ocrx_word' id='word_1_77' title='bbox 582 1670 741 1720; x_wconf 82' lang='lat' dir='ltr'>variis</span> <span class='ocrx_word' id='word_1_78' title='bbox 760 1671 1138 1736; x_wconf 69' lang='lat' dir='ltr'>suppliciorum</span> <span class='ocrx_word' id='word_1_79' title='bbox 1157 1672 1436 1739; x_wconf 68' lang='lat' dir='ltr'>generibus</span> <span class='ocrx_word' id='word_1_80' title='bbox 1456 1671 1536 1724; x_wconf 77' lang='lat' dir='ltr'>ef·</span> 
     </span>
     <span class='ocr_line' id='line_1_17' title="bbox 462 1744 908 1799; baseline 0.005 -2"><span class='ocrx_word' id='word_1_81' title='bbox 462 1744 628 1798; x_wconf 58' lang='lat' dir='ltr'>fecti?</span> <span class='ocrx_word' id='word_1_82' title='bbox 660 1747 908 1799; x_wconf 68' lang='lat' dir='ltr'>Schmun.</span> 
     </span>
    </p>

    <p class='ocr_par' dir='ltr' id='par_1_4' title="bbox 455 1824 1538 2352">
     <span class='ocr_line' id='line_1_18' title="bbox 528 1824 1537 1893; baseline 0.006 -20"><span class='ocrx_word' id='word_1_83' title='bbox 528 1824 630 1880; x_wconf 68' lang='lat' dir='ltr'>Qun·</span> <span class='ocrx_word' id='word_1_84' title='bbox 643 1825 859 1876; x_wconf 69' lang='lat' dir='ltr'>omnibus</span> <span class='ocrx_word' id='word_1_85' title='bbox 875 1827 1133 1893; x_wconf 72' lang='lat' dir='ltr'>excelsior]</span> <span class='ocrx_word' id='word_1_86' title='bbox 1168 1827 1371 1879; x_wconf 77' lang='lat' dir='ltr'>Inutile</span> <span class='ocrx_word' id='word_1_87' title='bbox 1387 1826 1537 1879; x_wconf 79' lang='lat' dir='ltr'>addi·</span> 
     </span>
     <span class='ocr_line' id='line_1_19' title="bbox 462 1901 1538 1970; baseline 0.005 -19"><span class='ocrx_word' id='word_1_88' title='bbox 462 1906 753 1952; x_wconf 67' lang='lat' dir='ltr'>tomentum</span> <span class='ocrx_word' id='word_1_89' title='bbox 777 1901 938 1954; x_wconf 79' lang='lat' dir='ltr'>habet</span> <span class='ocrx_word' id='word_1_90' title='bbox 967 1903 1137 1955; x_wconf 82' lang='lat' dir='ltr'>codex</span> <span class='ocrx_word' id='word_1_91' title='bbox 1173 1918 1339 1967; x_wconf 87' lang='lat' dir='ltr'>mens,</span> <span class='ocrx_word' id='word_1_92' title='bbox 1366 1905 1454 1970; x_wconf 76' lang='lat' dir='ltr'>qui</span> <span class='ocrx_word' id='word_1_93' title='bbox 1482 1906 1538 1956; x_wconf 80' lang='lat' dir='ltr'>iss</span> 
     </span>
     <span class='ocr_line' id='line_1_20' title="bbox 458 1977 1537 2033; baseline 0.006 -8"><span class='ocrx_word' id='word_1_94' title='bbox 458 1977 677 2028; x_wconf 65' lang='lat' dir='ltr'>omnibus</span> <span class='ocrx_word' id='word_1_95' title='bbox 714 1979 964 2029; x_wconf 66' lang='lat' dir='ltr'>earcelsior.</span> <span class='ocrx_word' id='word_1_96' title='bbox 1028 1980 1102 2030; x_wconf 85' lang='lat' dir='ltr'>Et</span> <span class='ocrx_word' id='word_1_97' title='bbox 1143 1980 1432 2031; x_wconf 81' lang='lat' dir='ltr'>Vaticanus</span> <span class='ocrx_word' id='word_1_98' title='bbox 1473 1995 1537 2033; x_wconf 85' lang='lat' dir='ltr'>ac</span> 
     </span>
     <span class='ocr_line' id='line_1_21' title="bbox 461 2053 1537 2123; baseline 0.005 -19"><span class='ocrx_word' id='word_1_99' title='bbox 461 2053 976 2123; x_wconf 76' lang='lat' dir='ltr'>Guelpberbytsnus,</span> <span class='ocrx_word' id='word_1_100' title='bbox 1006 2059 1092 2122; x_wconf 79' lang='lat' dir='ltr'>qui</span> <span class='ocrx_word' id='word_1_101' title='bbox 1108 2073 1198 2122; x_wconf 81' lang='lat' dir='ltr'>pro</span> <span class='ocrx_word' id='word_1_102' title='bbox 1217 2058 1430 2109; x_wconf 71' lang='lat' dir='ltr'>omnibus</span> <span class='ocrx_word' id='word_1_103' title='bbox 1450 2072 1537 2109; x_wconf 68' lang='lat' dir='ltr'>cx·</span> 
     </span>
     <span class='ocr_line' id='line_1_22' title="bbox 455 2131 1536 2200; baseline 0.004 -19"><span class='ocrx_word' id='word_1_104' title='bbox 455 2131 642 2182; x_wconf 76' lang='lat' dir='ltr'>celsior.</span> <span class='ocrx_word' id='word_1_105' title='bbox 709 2133 898 2198; x_wconf 87' lang='lat' dir='ltr'>Immo,</span> <span class='ocrx_word' id='word_1_106' title='bbox 936 2136 1171 2185; x_wconf 87' lang='lat' dir='ltr'>nonnulli</span> <span class='ocrx_word' id='word_1_107' title='bbox 1218 2135 1402 2200; x_wconf 85' lang='lat' dir='ltr'>scripti</span> <span class='ocrx_word' id='word_1_108' title='bbox 1440 2135 1536 2185; x_wconf 90' lang='lat' dir='ltr'>im·</span> 
     </span>
     <span class='ocr_line' id='line_1_23' title="bbox 460 2209 1537 2275; baseline 0.004 -17"><span class='ocrx_word' id='word_1_109' title='bbox 460 2210 732 2275; x_wconf 73' lang='lat' dir='ltr'>pressique</span> <span class='ocrx_word' id='word_1_110' title='bbox 755 2210 876 2260; x_wconf 90' lang='lat' dir='ltr'>libri</span> <span class='ocrx_word' id='word_1_111' title='bbox 914 2212 1073 2261; x_wconf 75' lang='lat' dir='ltr'>etiam</span> <span class='ocrx_word' id='word_1_112' title='bbox 1098 2209 1299 2261; x_wconf 81' lang='lat' dir='ltr'>addunt</span> <span class='ocrx_word' id='word_1_113' title='bbox 1321 2210 1537 2262; x_wconf 79' lang='lat' dir='ltr'>verbum</span> 
     </span>
     <span class='ocr_line' id='line_1_24' title="bbox 457 2285 1538 2352; baseline 0.004 -18"><span class='ocrx_word' id='word_1_114' title='bbox 457 2285 866 2350; x_wconf 79' lang='lat' dir='ltr'>substantivum,</span> <span class='ocrx_word' id='word_1_115' title='bbox 919 2289 1004 2352; x_wconf 77' lang='lat' dir='ltr'>qui</span> <span class='ocrx_word' id='word_1_116' title='bbox 1048 2288 1264 2339; x_wconf 63' lang='lat' dir='ltr'>omnibus</span> <span class='ocrx_word' id='word_1_117' title='bbox 1304 2289 1538 2338; x_wconf 70' lang='lat' dir='ltr'>excelsior</span> 
     </span>
    </p>

    <p class='ocr_par' dir='ltr' id='par_1_5' title="bbox 435 2362 1537 2506">
     <span class='ocr_line' id='line_1_25' title="bbox 435 2362 1537 2431; baseline 0.004 -19"><span class='ocrx_word' id='word_1_118' title='bbox 435 2367 597 2423; x_wconf 51' lang='lat' dir='ltr'>¹eram</span> <span class='ocrx_word' id='word_1_119' title='bbox 634 2362 773 2428; x_wconf 83' lang='lat' dir='ltr'>quod</span> <span class='ocrx_word' id='word_1_120' title='bbox 813 2378 936 2415; x_wconf 78' lang='lat' dir='ltr'>vero</span> <span class='ocrx_word' id='word_1_121' title='bbox 973 2364 1190 2416; x_wconf 83' lang='lat' dir='ltr'>verbum</span> <span class='ocrx_word' id='word_1_122' title='bbox 1227 2374 1537 2431; x_wconf 82' lang='lat' dir='ltr'>expressum</span> 
     </span>
     <span class='ocr_line' id='line_1_26' title="bbox 457 2439 1383 2506; baseline 0.003 -16"><span class='ocrx_word' id='word_1_123' title='bbox 457 2439 559 2490; x_wconf 80' lang='lat' dir='ltr'>boc</span> <span class='ocrx_word' id='word_1_124' title='bbox 581 2441 697 2491; x_wconf 89' lang='lat' dir='ltr'>loco</span> <span class='ocrx_word' id='word_1_125' title='bbox 722 2441 992 2506; x_wconf 74' lang='lat' dir='ltr'>requirere</span> <span class='ocrx_word' id='word_1_126' title='bbox 1013 2442 1190 2492; x_wconf 76' lang='lat' dir='ltr'>nolim.</span> <span class='ocrx_word' id='word_1_127' title='bbox 1227 2442 1383 2493; x_wconf 70' lang='lat' dir='ltr'>Iasus.</span> 
     </span>
    </p>

    <p class='ocr_par' dir='ltr' id='par_1_6' title="bbox 523 2517 1534 2581">
     <span class='ocr_line' id='line_1_27' title="bbox 523 2517 1534 2581; baseline 0.003 -14"><span class='ocrx_word' id='word_1_128' title='bbox 523 2517 801 2581; x_wconf 75' lang='lat' dir='ltr'>Excelsior]</span> <span class='ocrx_word' id='word_1_129' title='bbox 837 2519 1088 2569; x_wconf 74' lang='lat' dir='ltr'>Excelsior</span> <span class='ocrx_word' id='word_1_130' title='bbox 1107 2524 1213 2570; x_wconf 73' lang='lat' dir='ltr'>erse</span> <span class='ocrx_word' id='word_1_131' title='bbox 1236 2520 1305 2570; x_wconf 85' lang='lat' dir='ltr'>V.</span> <span class='ocrx_word' id='word_1_132' title='bbox 1324 2519 1386 2570; x_wconf 83' lang='lat' dir='ltr'>C·</span> <span class='ocrx_word' id='word_1_133' title='bbox 1418 2519 1534 2570; x_wconf 76' lang='lat' dir='ltr'>Lie-</span> 
     </span>
    </p>

    <p class='ocr_par' dir='ltr' id='par_1_7' title="bbox 451 2593 1535 4422">
     <span class='ocr_line' id='line_1_28' title="bbox 526 2593 1535 2661; baseline 0 -17"><span class='ocrx_word' id='word_1_134' title='bbox 526 2593 819 2645; x_wconf 65' lang='lat' dir='ltr'>Procerum</span> <span class='ocrx_word' id='word_1_135' title='bbox 835 2595 932 2661; x_wconf 79' lang='lat' dir='ltr'>est]</span> <span class='ocrx_word' id='word_1_136' title='bbox 951 2594 1153 2646; x_wconf 80' lang='lat' dir='ltr'>Omnes</span> <span class='ocrx_word' id='word_1_137' title='bbox 1176 2594 1385 2646; x_wconf 78' lang='lat' dir='ltr'>codices</span> <span class='ocrx_word' id='word_1_138' title='bbox 1403 2595 1535 2645; x_wconf 77' lang='lat' dir='ltr'>Mss-</span> 
     </span>
     <span class='ocr_line' id='line_1_29' title="bbox 456 2669 1532 2737; baseline 0.002 -19"><span class='ocrx_word' id='word_1_139' title='bbox 456 2669 647 2721; x_wconf 75' lang='lat' dir='ltr'>habent</span> <span class='ocrx_word' id='word_1_140' title='bbox 665 2671 958 2735; x_wconf 72' lang='lat' dir='ltr'>perterritus</span> <span class='ocrx_word' id='word_1_141' title='bbox 977 2678 1050 2723; x_wconf 78' lang='lat' dir='ltr'>est</span> <span class='ocrx_word' id='word_1_142' title='bbox 1062 2687 1084 2731; x_wconf 78' lang='lat'>,-</span> <span class='ocrx_word' id='word_1_143' title='bbox 1111 2679 1169 2722; x_wconf 87' lang='lat' dir='ltr'>et</span> <span class='ocrx_word' id='word_1_144' title='bbox 1191 2673 1244 2721; x_wconf 90' lang='lat' dir='ltr'>in</span> <span class='ocrx_word' id='word_1_145' title='bbox 1267 2671 1532 2737; x_wconf 88' lang='lat' dir='ltr'>sequenti·</span> 
     </span>
     <span class='ocr_line' id='line_1_30' title="bbox 456 2743 1531 2812; baseline 0.001 -17"><span class='ocrx_word' id='word_1_146' title='bbox 456 2743 557 2795; x_wconf 88' lang='lat' dir='ltr'>bus</span> <span class='ocrx_word' id='word_1_147' title='bbox 605 2747 887 2811; x_wconf 76' lang='lat' dir='ltr'>perterreri,</span> <span class='ocrx_word' id='word_1_148' title='bbox 931 2761 1031 2812; x_wconf 88' lang='lat' dir='ltr'>pro</span> <span class='ocrx_word' id='word_1_149' title='bbox 1070 2746 1351 2812; x_wconf 49' lang='lat' dir='ltr'>presterum</span> <span class='ocrx_word' id='word_1_150' title='bbox 1412 2745 1531 2804; x_wconf 83' lang='lat' dir='ltr'>nisi,</span> 
     </span>
     <span class='ocr_line' id='line_1_31' title="bbox 456 2821 1531 2886; baseline 0.001 -15"><span class='ocrx_word' id='word_1_151' title='bbox 456 2822 596 2886; x_wconf 83' lang='lat' dir='ltr'>quod</span> <span class='ocrx_word' id='word_1_152' title='bbox 639 2824 777 2874; x_wconf 85' lang='lat' dir='ltr'>solus</span> <span class='ocrx_word' id='word_1_153' title='bbox 815 2823 1107 2875; x_wconf 73' lang='lat' dir='ltr'>Patavinae</span> <span class='ocrx_word' id='word_1_154' title='bbox 1147 2821 1313 2874; x_wconf 81' lang='lat' dir='ltr'>refert</span> <span class='ocrx_word' id='word_1_155' title='bbox 1347 2822 1531 2873; x_wconf 83' lang='lat' dir='ltr'>lectio·</span> 
     </span>
     <span class='ocr_line' id='line_1_32' title="bbox 453 2900 1531 2965; baseline 0.003 -18"><span class='ocrx_word' id='word_1_156' title='bbox 453 2911 573 2948; x_wconf 90' lang='lat' dir='ltr'>nem</span> <span class='ocrx_word' id='word_1_157' title='bbox 598 2900 881 2964; x_wconf 74' lang='lat' dir='ltr'>vulgatam,</span> <span class='ocrx_word' id='word_1_158' title='bbox 902 2915 1056 2965; x_wconf 86' lang='lat' dir='ltr'>qusm</span> <span class='ocrx_word' id='word_1_159' title='bbox 1080 2901 1271 2950; x_wconf 87' lang='lat' dir='ltr'>merito</span> <span class='ocrx_word' id='word_1_160' title='bbox 1305 2907 1531 2950; x_wconf 78' lang='lat' dir='ltr'>tuemur.</span> 
     </span>
     <span class='ocr_line' id='line_1_33' title="bbox 455 2975 1531 3029; baseline 0.002 -3"><span class='ocrx_word' id='word_1_161' title='bbox 455 2975 578 3026; x_wconf 78' lang='lat' dir='ltr'>Hoc</span> <span class='ocrx_word' id='word_1_162' title='bbox 596 2990 720 3027; x_wconf 79' lang='lat' dir='ltr'>vero</span> <span class='ocrx_word' id='word_1_163' title='bbox 737 2976 901 3028; x_wconf 78' lang='lat' dir='ltr'>voluit</span> <span class='ocrx_word' id='word_1_164' title='bbox 919 2977 1097 3028; x_wconf 80' lang='lat' dir='ltr'>dicere</span> <span class='ocrx_word' id='word_1_165' title='bbox 1116 2978 1322 3029; x_wconf 83' lang='lat' dir='ltr'>Plinius</span> <span class='ocrx_word' id='word_1_166' title='bbox 1340 2994 1355 3028; x_wconf 72' lang='grc' dir='ltr'><strong><em>ε</em></strong></span> <span class='ocrx_word' id='word_1_167' title='bbox 1380 2978 1531 3028; x_wconf 67' lang='lat' dir='ltr'>Pre-</span> 
     </span>
     <span class='ocr_line' id='line_1_34' title="bbox 455 3050 1531 3118; baseline 0.001 -16"><span class='ocrx_word' id='word_1_168' title='bbox 455 3050 643 3102; x_wconf 87' lang='lat' dir='ltr'>teritus</span> <span class='ocrx_word' id='word_1_169' title='bbox 688 3053 788 3102; x_wconf 84' lang='lat' dir='ltr'>ista</span> <span class='ocrx_word' id='word_1_170' title='bbox 837 3053 1140 3104; x_wconf 78' lang='lat' dir='ltr'>calamitosa</span> <span class='ocrx_word' id='word_1_171' title='bbox 1197 3058 1531 3118; x_wconf 75' lang='lat' dir='ltr'>tempestate,</span> 
     </span>
     <span class='ocr_line' id='line_1_35' title="bbox 454 3127 1531 3194; baseline 0.004 -18"><span class='ocrx_word' id='word_1_172' title='bbox 454 3140 555 3177; x_wconf 86' lang='lat' dir='ltr'>nec</span> <span class='ocrx_word' id='word_1_173' title='bbox 592 3142 621 3176; x_wconf 88' lang='lat' dir='ltr'>s</span> <span class='ocrx_word' id='word_1_174' title='bbox 653 3127 970 3193; x_wconf 74' lang='lat' dir='ltr'>Domitiano,</span> <span class='ocrx_word' id='word_1_175' title='bbox 1009 3129 1248 3194; x_wconf 87' lang='lat' dir='ltr'>principe</span> <span class='ocrx_word' id='word_1_176' title='bbox 1285 3129 1531 3194; x_wconf 85' lang='lat' dir='ltr'>pessimo,</span> 
     </span>
     <span class='ocr_line' id='line_1_36' title="bbox 454 3203 1530 3270; baseline 0.004 -18"><span class='ocrx_word' id='word_1_177' title='bbox 454 3203 610 3253; x_wconf 65' lang='lat' dir='ltr'>lasus</span> <span class='ocrx_word' id='word_1_178' title='bbox 643 3209 727 3254; x_wconf 90' lang='lat' dir='ltr'>est</span> <span class='ocrx_word' id='word_1_179' title='bbox 745 3203 1018 3268; x_wconf 78' lang='lat' dir='ltr'>Trajanus,</span> <span class='ocrx_word' id='word_1_180' title='bbox 1050 3205 1140 3270; x_wconf 85' lang='lat' dir='ltr'>qui</span> <span class='ocrx_word' id='word_1_181' title='bbox 1176 3206 1438 3268; x_wconf 70' lang='lat' dir='ltr'>praeteriri</span> <span class='ocrx_word' id='word_1_182' title='bbox 1474 3205 1530 3256; x_wconf 91' lang='lat' dir='ltr'>in</span> 
     </span>
     <span class='ocr_line' id='line_1_37' title="bbox 455 3278 1530 3344; baseline 0.005 -17"><span class='ocrx_word' id='word_1_183' title='bbox 455 3279 784 3329; x_wconf 83' lang='lat' dir='ltr'>successione</span> <span class='ocrx_word' id='word_1_184' title='bbox 818 3278 1108 3330; x_wconf 82' lang='lat' dir='ltr'>deferenda</span> <span class='ocrx_word' id='word_1_185' title='bbox 1143 3295 1247 3331; x_wconf 89' lang='lat' dir='ltr'>non</span> <span class='ocrx_word' id='word_1_186' title='bbox 1288 3280 1463 3344; x_wconf 88' lang='lat' dir='ltr'>potuit</span> <span class='ocrx_word' id='word_1_187' title='bbox 1497 3295 1530 3332; x_wconf 77' lang='lat' dir='ltr'>a</span> 
     </span>
     <span class='ocr_line' id='line_1_38' title="bbox 455 3355 1529 3421; baseline 0.004 -15"><span class='ocrx_word' id='word_1_188' title='bbox 455 3355 658 3415; x_wconf 80' lang='lat' dir='ltr'>Nerva,</span> <span class='ocrx_word' id='word_1_189' title='bbox 680 3356 918 3421; x_wconf 82' lang='lat' dir='ltr'>principe</span> <span class='ocrx_word' id='word_1_190' title='bbox 937 3357 1155 3420; x_wconf 84' lang='lat' dir='ltr'>optlmo,</span> <span class='ocrx_word' id='word_1_191' title='bbox 1172 3372 1529 3410; x_wconf 79' lang='lat' dir='ltr'>successorem</span> 
     </span>
     <span class='ocr_line' id='line_1_39' title="bbox 455 3430 1530 3498; baseline 0.005 -17"><span class='ocrx_word' id='word_1_192' title='bbox 455 3430 555 3481; x_wconf 89' lang='lat' dir='ltr'>sibi</span> <span class='ocrx_word' id='word_1_193' title='bbox 576 3439 876 3498; x_wconf 73' lang='lat' dir='ltr'>quaerente3</span> <span class='ocrx_word' id='word_1_194' title='bbox 909 3447 1025 3484; x_wconf 90' lang='lat' dir='ltr'>cum</span> <span class='ocrx_word' id='word_1_195' title='bbox 1051 3434 1118 3484; x_wconf 88' lang='lat' dir='ltr'>sb</span> <span class='ocrx_word' id='word_1_196' title='bbox 1141 3434 1240 3484; x_wconf 86' lang='lat' dir='ltr'>hoc</span> <span class='ocrx_word' id='word_1_197' title='bbox 1265 3434 1330 3484; x_wconf 82' lang='lat' dir='ltr'>ad</span> <span class='ocrx_word' id='word_1_198' title='bbox 1358 3434 1450 3484; x_wconf 80' lang='lat' dir='ltr'>filii</span> <span class='ocrx_word' id='word_1_199' title='bbox 1472 3442 1530 3486; x_wconf 88' lang='lat' dir='ltr'>ct</span> 
     </span>
     <span class='ocr_line' id='line_1_40' title="bbox 455 3508 1530 3579; baseline 0.007 -22"><span class='ocrx_word' id='word_1_200' title='bbox 455 3508 788 3579; x_wconf 62' lang='lat' dir='ltr'>imperatoris</span> <span class='ocrx_word' id='word_1_201' title='bbox 844 3511 1092 3563; x_wconf 80' lang='lat' dir='ltr'>bonorem</span> <span class='ocrx_word' id='word_1_202' title='bbox 1144 3513 1431 3577; x_wconf 78' lang='lat' dir='ltr'>eligeretur</span> <span class='ocrx_word' id='word_1_203' title='bbox 1472 3519 1530 3564; x_wconf 91' lang='lat' dir='ltr'>et</span> 
     </span>
     <span class='ocr_line' id='line_1_41' title="bbox 451 3583 1529 3653; baseline 0.006 -20"><span class='ocrx_word' id='word_1_204' title='bbox 451 3583 813 3650; x_wconf 82' lang='lat' dir='ltr'>adoptaretur.</span> <span class='ocrx_word' id='word_1_205' title='bbox 847 3588 1088 3639; x_wconf 84' lang='lat' dir='ltr'>Acumen</span> <span class='ocrx_word' id='word_1_206' title='bbox 1108 3588 1384 3639; x_wconf 63' lang='lat' dir='ltr'>sententie</span> <span class='ocrx_word' id='word_1_207' title='bbox 1404 3602 1529 3653; x_wconf 84' lang='lat' dir='ltr'>cap·</span> 
     </span>
     <span class='ocr_line' id='line_1_42' title="bbox 455 3663 1528 3730; baseline 0.006 -20"><span class='ocrx_word' id='word_1_208' title='bbox 455 3663 592 3713; x_wconf 78' lang='lat' dir='ltr'>tavit</span> <span class='ocrx_word' id='word_1_209' title='bbox 629 3664 831 3715; x_wconf 80' lang='lat' dir='ltr'>Plinius</span> <span class='ocrx_word' id='word_1_210' title='bbox 868 3664 939 3715; x_wconf 84' lang='lat' dir='ltr'>ab</span> <span class='ocrx_word' id='word_1_211' title='bbox 982 3664 1221 3729; x_wconf 74' lang='lat' dir='ltr'>ambigua</span> <span class='ocrx_word' id='word_1_212' title='bbox 1261 3663 1528 3730; x_wconf 78' lang='lat' dir='ltr'>significa·</span> 
     </span>
     <span class='ocr_line' id='line_1_43' title="bbox 455 3734 1527 3805; baseline 0.004 -17"><span class='ocrx_word' id='word_1_213' title='bbox 455 3734 597 3789; x_wconf 76' lang='lat' dir='ltr'>tione</span> <span class='ocrx_word' id='word_1_214' title='bbox 618 3741 764 3791; x_wconf 79' lang='lat' dir='ltr'>verbi</span> <span class='ocrx_word' id='word_1_215' title='bbox 784 3743 801 3770; x_wconf 86' lang='lat'>‘</span> <span class='ocrx_word' id='word_1_216' title='bbox 822 3741 1138 3805; x_wconf 62' lang='lat' dir='ltr'>praeterire!</span> <span class='ocrx_word' id='word_1_217' title='bbox 1189 3741 1366 3793; x_wconf 87' lang='lat' dir='ltr'>Plinio</span> <span class='ocrx_word' id='word_1_218' title='bbox 1388 3742 1527 3792; x_wconf 85' lang='lat' dir='ltr'>enim</span> 
     </span>
     <span class='ocr_line' id='line_1_44' title="bbox 452 3816 1526 3882; baseline 0.003 -17"><span class='ocrx_word' id='word_1_219' title='bbox 452 3816 731 3878; x_wconf 64' lang='lat' dir='ltr'>praten-ms</span> <span class='ocrx_word' id='word_1_220' title='bbox 765 3817 817 3866; x_wconf 85' lang='lat' dir='ltr'>h.</span> <span class='ocrx_word' id='word_1_221' title='bbox 854 3818 892 3868; x_wconf 91' lang='lat' dir='ltr'>l.</span> <span class='ocrx_word' id='word_1_222' title='bbox 932 3819 1261 3882; x_wconf 65' lang='grc' dir='ltr'>μεταφορικῶς</span> <span class='ocrx_word' id='word_1_223' title='bbox 1306 3816 1526 3874; x_wconf 83' lang='lat' dir='ltr'>dicitur,</span> 
     </span>
     <span class='ocr_line' id='line_1_45' title="bbox 458 3893 1528 3958; baseline 0.001 -16"><span class='ocrx_word' id='word_1_224' title='bbox 458 3901 565 3942; x_wconf 82' lang='lat' dir='ltr'>tum</span> <span class='ocrx_word' id='word_1_225' title='bbox 602 3893 713 3956; x_wconf 89' lang='lat' dir='ltr'>ille,</span> <span class='ocrx_word' id='word_1_226' title='bbox 745 3894 834 3958; x_wconf 89' lang='lat' dir='ltr'>qui</span> <span class='ocrx_word' id='word_1_227' title='bbox 863 3907 967 3945; x_wconf 88' lang='lat' dir='ltr'>non</span> <span class='ocrx_word' id='word_1_228' title='bbox 990 3910 1092 3944; x_wconf 85' lang='lat' dir='ltr'>una</span> <span class='ocrx_word' id='word_1_229' title='bbox 1115 3909 1235 3944; x_wconf 87' lang='lat' dir='ltr'>cum</span> <span class='ocrx_word' id='word_1_230' title='bbox 1258 3894 1377 3945; x_wconf 86' lang='lat' dir='ltr'>aliis</span> <span class='ocrx_word' id='word_1_231' title='bbox 1402 3895 1528 3944; x_wconf 74' lang='lat' dir='ltr'>viris</span> 
     </span>
     <span class='ocr_line' id='line_1_46' title="bbox 454 3968 1527 4034; baseline 0.004 -15"><span class='ocrx_word' id='word_1_232' title='bbox 454 3968 604 4019; x_wconf 89' lang='lat' dir='ltr'>bouis</span> <span class='ocrx_word' id='word_1_233' title='bbox 634 3970 791 4020; x_wconf 85' lang='lat' dir='ltr'>exilio</span> <span class='ocrx_word' id='word_1_234' title='bbox 825 3977 917 4025; x_wconf 81' lang='lat' dir='ltr'>aut</span> <span class='ocrx_word' id='word_1_235' title='bbox 948 3978 1116 4022; x_wconf 88' lang='lat' dir='ltr'>morte</span> <span class='ocrx_word' id='word_1_236' title='bbox 1153 3970 1376 4022; x_wconf 79' lang='lat' dir='ltr'>affectus</span> <span class='ocrx_word' id='word_1_237' title='bbox 1410 3978 1527 4034; x_wconf 66' lang='grc' dir='ltr'>θείς</span> 
     </span>
     <span class='ocr_line' id='line_1_47' title="bbox 456 4045 1529 4113; baseline 0.007 -19"><span class='ocrx_word' id='word_1_238' title='bbox 456 4052 564 4094; x_wconf 86' lang='lat' dir='ltr'>tum</span> <span class='ocrx_word' id='word_1_239' title='bbox 588 4045 697 4107; x_wconf 81' lang='lat' dir='ltr'>ille,</span> <span class='ocrx_word' id='word_1_240' title='bbox 719 4047 809 4111; x_wconf 85' lang='lat' dir='ltr'>qni</span> <span class='ocrx_word' id='word_1_241' title='bbox 832 4061 934 4097; x_wconf 88' lang='lat' dir='ltr'>non</span> <span class='ocrx_word' id='word_1_242' title='bbox 966 4048 1160 4098; x_wconf 82' lang='lat' dir='ltr'>bonore</span> <span class='ocrx_word' id='word_1_243' title='bbox 1183 4057 1237 4098; x_wconf 88' lang='lat' dir='ltr'>et</span> <span class='ocrx_word' id='word_1_244' title='bbox 1270 4049 1529 4113; x_wconf 78' lang='lat' dir='ltr'>dignitate</span> 
     </span>
     <span class='ocr_line' id='line_1_48' title="bbox 455 4124 1529 4190; baseline 0.006 -19"><span class='ocrx_word' id='word_1_245' title='bbox 455 4131 670 4173; x_wconf 85' lang='lat' dir='ltr'>ornatus</span> <span class='ocrx_word' id='word_1_246' title='bbox 693 4132 791 4174; x_wconf 83' lang='lat' dir='ltr'>est.</span> <span class='ocrx_word' id='word_1_247' title='bbox 837 4124 1055 4177; x_wconf 84' lang='lat' dir='ltr'>Scilicet</span> <span class='ocrx_word' id='word_1_248' title='bbox 1077 4126 1340 4190; x_wconf 83' lang='lat' dir='ltr'>Trajauns</span> <span class='ocrx_word' id='word_1_249' title='bbox 1363 4141 1397 4177; x_wconf 85' lang='lat' dir='ltr'>a</span> <span class='ocrx_word' id='word_1_250' title='bbox 1419 4128 1529 4177; x_wconf 79' lang='lat' dir='ltr'>Do·</span> 
     </span>
     <span class='ocr_line' id='line_1_49' title="bbox 455 4199 1527 4269; baseline 0.003 -20"><span class='ocrx_word' id='word_1_251' title='bbox 455 4199 674 4250; x_wconf 88' lang='lat' dir='ltr'>mitiano</span> <span class='ocrx_word' id='word_1_252' title='bbox 706 4216 807 4253; x_wconf 89' lang='lat' dir='ltr'>nou</span> <span class='ocrx_word' id='word_1_253' title='bbox 840 4201 1049 4269; x_wconf 82' lang='lat' dir='ltr'>quidem</span> <span class='ocrx_word' id='word_1_254' title='bbox 1081 4217 1291 4266; x_wconf 89' lang='lat' dir='ltr'>prorsus</span> <span class='ocrx_word' id='word_1_255' title='bbox 1326 4209 1527 4266; x_wconf 73' lang='lat' dir='ltr'>prater-</span> 
     </span>
     <span class='ocr_line' id='line_1_50' title="bbox 453 4274 1528 4338; baseline 0.003 -11"><span class='ocrx_word' id='word_1_256' title='bbox 453 4274 554 4327; x_wconf 71' lang='lat' dir='ltr'>itus</span> <span class='ocrx_word' id='word_1_257' title='bbox 574 4284 666 4338; x_wconf 72' lang='lat' dir='ltr'>est,</span> <span class='ocrx_word' id='word_1_258' title='bbox 689 4278 744 4326; x_wconf 87' lang='lat' dir='ltr'>in</span> <span class='ocrx_word' id='word_1_259' title='bbox 767 4279 1047 4330; x_wconf 73' lang='lat' dir='ltr'>lionoribus</span> <span class='ocrx_word' id='word_1_260' title='bbox 1078 4280 1385 4337; x_wconf 79' lang='lat' dir='ltr'>tribuendis.</span> <span class='ocrx_word' id='word_1_261' title='bbox 1407 4293 1528 4330; x_wconf 88' lang='lat' dir='ltr'>cum</span> 
     </span>
     <span class='ocr_line' id='line_1_51' title="bbox 455 4353 1530 4422; baseline 0.006 -22"><span class='ocrx_word' id='word_1_262' title='bbox 455 4353 551 4403; x_wconf 84' lang='lat' dir='ltr'>sub</span> <span class='ocrx_word' id='word_1_263' title='bbox 573 4354 873 4405; x_wconf 83' lang='lat' dir='ltr'>Domitiano</span> <span class='ocrx_word' id='word_1_264' title='bbox 903 4362 962 4406; x_wconf 83' lang='lat' dir='ltr'>et</span> <span class='ocrx_word' id='word_1_265' title='bbox 996 4365 1302 4422; x_wconf 75' lang='lat' dir='ltr'>praeturam,</span> <span class='ocrx_word' id='word_1_266' title='bbox 1326 4364 1383 4408; x_wconf 89' lang='lat' dir='ltr'>et</span> <span class='ocrx_word' id='word_1_267' title='bbox 1403 4371 1530 4407; x_wconf 87' lang='lat' dir='ltr'>con·</span> 
     </span>
    </p>
   </div>
   <div class='ocr_carea' id='block_1_3' title="bbox 414 4572 476 4624">
    <p class='ocr_par' dir='ltr' id='par_1_8' title="bbox 414 4572 476 4624">
     <span class='ocr_line' id='line_1_52' title="bbox 414 4572 476 4624; baseline 0 0"><span class='ocrx_word' id='word_1_268' title='bbox 414 4572 476 4624; x_wconf 67' lang='grc' dir='ltr'><strong>Ι..</strong></span> 
     </span>
    </p>
   </div>
   <div class='ocr_carea' id='block_1_4' title="bbox 1169 448 1987 500">
    <p class='ocr_par' dir='ltr' id='par_1_9' title="bbox 1169 448 1987 500">
     <span class='ocr_line' id='line_1_53' title="bbox 1169 448 1987 500; baseline -0.001 0"><span class='ocrx_word' id='word_1_269' title='bbox 1169 449 1390 500; x_wconf 74' lang='lat' dir='ltr'>No&#39;rAE</span> <span class='ocrx_word' id='word_1_270' title='bbox 1438 448 1853 500; x_wconf 73' lang='lat' dir='ltr'>VARIORUM</span> <span class='ocrx_word' id='word_1_271' title='bbox 1905 449 1987 499; x_wconf 75' lang='lat' dir='ltr'>m</span> 
     </span>
    </p>
   </div>
   <div class='ocr_carea' id='block_1_5' title="bbox 1602 592 2696 4331">
    <p class='ocr_par' dir='ltr' id='par_1_10' title="bbox 1603 592 2696 4331">
     <span class='ocr_line' id='line_1_54' title="bbox 1614 592 2696 661; baseline 0.004 -18"><span class='ocrx_word' id='word_1_272' title='bbox 1614 592 1839 644; x_wconf 78' lang='lat' dir='ltr'>sulatum</span> <span class='ocrx_word' id='word_1_273' title='bbox 1878 593 2120 660; x_wconf 78' lang='lat' dir='ltr'>primum,</span> <span class='ocrx_word' id='word_1_274' title='bbox 2157 595 2395 660; x_wconf 72' lang='lat' dir='ltr'>gesserit,</span> <span class='ocrx_word' id='word_1_275' title='bbox 2431 600 2591 661; x_wconf 73' lang='lat' dir='ltr'>atque</span> <span class='ocrx_word' id='word_1_276' title='bbox 2625 596 2696 647; x_wconf 78' lang='lat' dir='ltr'>ab</span> 
     </span>
     <span class='ocr_line' id='line_1_55' title="bbox 1614 670 2695 724; baseline 0.003 -4"><span class='ocrx_word' id='word_1_277' title='bbox 1614 670 1801 721; x_wconf 86' lang='lat' dir='ltr'>eodem</span> <span class='ocrx_word' id='word_1_278' title='bbox 1846 671 1917 722; x_wconf 77' lang='lat' dir='ltr'>ad</span> <span class='ocrx_word' id='word_1_279' title='bbox 1959 673 2328 724; x_wconf 80' lang='lat' dir='ltr'>Germanicum</span> <span class='ocrx_word' id='word_1_280' title='bbox 2385 672 2580 723; x_wconf 83' lang='lat' dir='ltr'>bellurn</span> <span class='ocrx_word' id='word_1_281' title='bbox 2626 689 2695 724; x_wconf 86' lang='lat' dir='ltr'>ex</span> 
     </span>
     <span class='ocr_line' id='line_1_56' title="bbox 1614 747 2695 815; baseline 0.005 -18"><span class='ocrx_word' id='word_1_282' title='bbox 1614 747 1874 812; x_wconf 76' lang='lat' dir='ltr'>Hispania</span> <span class='ocrx_word' id='word_1_283' title='bbox 1905 763 2023 800; x_wconf 89' lang='lat' dir='ltr'>cum</span> <span class='ocrx_word' id='word_1_284' title='bbox 2062 750 2354 815; x_wconf 76' lang='lat' dir='ltr'>legionibus</span> <span class='ocrx_word' id='word_1_285' title='bbox 2389 752 2461 801; x_wconf 84' lang='lat' dir='ltr'>sit</span> <span class='ocrx_word' id='word_1_286' title='bbox 2501 765 2695 802; x_wconf 70' lang='lat' dir='ltr'>evoca-</span> 
     </span>
     <span class='ocr_line' id='line_1_57' title="bbox 1612 827 2692 893; baseline 0.004 -19"><span class='ocrx_word' id='word_1_287' title='bbox 1612 831 1733 888; x_wconf 87' lang='lat' dir='ltr'>tus;</span> <span class='ocrx_word' id='word_1_288' title='bbox 1767 832 1823 876; x_wconf 89' lang='lat' dir='ltr'>at</span> <span class='ocrx_word' id='word_1_289' title='bbox 1853 827 2119 878; x_wconf 86' lang='lat' dir='ltr'>enimvero</span> <span class='ocrx_word' id='word_1_290' title='bbox 2147 829 2426 892; x_wconf 70' lang='lat' dir='ltr'>prateritus</span> <span class='ocrx_word' id='word_1_291' title='bbox 2452 828 2692 893; x_wconf 74' lang='lat' dir='ltr'>estinju-</span> 
     </span>
     <span class='ocr_line' id='line_1_58' title="bbox 1611 902 2692 971; baseline 0.005 -19"><span class='ocrx_word' id='word_1_292' title='bbox 1611 903 1703 953; x_wconf 89' lang='lat' dir='ltr'>riis</span> <span class='ocrx_word' id='word_1_293' title='bbox 1740 902 2064 967; x_wconf 70' lang='lat' dir='ltr'>inferendis3</span> <span class='ocrx_word' id='word_1_294' title='bbox 2098 921 2149 954; x_wconf 80' lang='lat' dir='ltr'>v.</span> <span class='ocrx_word' id='word_1_295' title='bbox 2171 919 2224 971; x_wconf 68' lang='lat' dir='ltr'>g.</span> <span class='ocrx_word' id='word_1_296' title='bbox 2258 919 2396 969; x_wconf 89' lang='lat' dir='ltr'>cum,</span> <span class='ocrx_word' id='word_1_297' title='bbox 2430 906 2573 955; x_wconf 81' lang='lat' dir='ltr'>inter</span> <span class='ocrx_word' id='word_1_298' title='bbox 2608 912 2692 958; x_wconf 87' lang='lat' dir='ltr'>tot</span> 
     </span>
     <span class='ocr_line' id='line_1_59' title="bbox 1613 979 2690 1047; baseline 0.005 -18"><span class='ocrx_word' id='word_1_299' title='bbox 1613 979 1831 1030; x_wconf 82' lang='lat' dir='ltr'>aliorum</span> <span class='ocrx_word' id='word_1_300' title='bbox 1853 981 2203 1032; x_wconf 83' lang='lat' dir='ltr'>consularium</span> <span class='ocrx_word' id='word_1_301' title='bbox 2223 988 2467 1047; x_wconf 66' lang='lat' dir='ltr'>stragem,</span> <span class='ocrx_word' id='word_1_302' title='bbox 2486 981 2690 1034; x_wconf 82' lang='lat' dir='ltr'>Acilius</span> 
     </span>
     <span class='ocr_line' id='line_1_60' title="bbox 1611 1055 2690 1123; baseline 0.001 -16"><span class='ocrx_word' id='word_1_303' title='bbox 1611 1055 1853 1123; x_wconf 83' lang='lat' dir='ltr'>Glabrio,</span> <span class='ocrx_word' id='word_1_304' title='bbox 1882 1059 1974 1123; x_wconf 88' lang='lat' dir='ltr'>qui</span> <span class='ocrx_word' id='word_1_305' title='bbox 2008 1058 2187 1111; x_wconf 79' lang='lat' dir='ltr'>fuerat</span> <span class='ocrx_word' id='word_1_306' title='bbox 2221 1059 2442 1123; x_wconf 83' lang='lat' dir='ltr'>Trajani</span> <span class='ocrx_word' id='word_1_307' title='bbox 2480 1059 2690 1123; x_wconf 76' lang='lat' dir='ltr'>collega</span> 
     </span>
     <span class='ocr_line' id='line_1_61' title="bbox 1611 1133 2689 1202; baseline 0.003 -18"><span class='ocrx_word' id='word_1_308' title='bbox 1611 1133 1666 1184; x_wconf 91' lang='lat' dir='ltr'>iu</span> <span class='ocrx_word' id='word_1_309' title='bbox 1702 1137 1995 1202; x_wconf 78' lang='lat' dir='ltr'>consulatu,</span> <span class='ocrx_word' id='word_1_310' title='bbox 2019 1135 2088 1187; x_wconf 78' lang='lat' dir='ltr'>A.</span> <span class='ocrx_word' id='word_1_311' title='bbox 2108 1137 2171 1188; x_wconf 83' lang='lat' dir='ltr'>C.</span> <span class='ocrx_word' id='word_1_312' title='bbox 2190 1141 2275 1188; x_wconf 78' lang='grc'><strong>91.</strong></span> <span class='ocrx_word' id='word_1_313' title='bbox 2310 1141 2476 1202; x_wconf 79' lang='lat' dir='ltr'>gesto,</span> <span class='ocrx_word' id='word_1_314' title='bbox 2500 1142 2689 1201; x_wconf 66' lang='lat' dir='ltr'>postea</span> 
     </span>
     <span class='ocr_line' id='line_1_62' title="bbox 1612 1211 2693 1280; baseline 0.005 -20"><span class='ocrx_word' id='word_1_315' title='bbox 1612 1211 1852 1263; x_wconf 88' lang='lat' dir='ltr'>leonibus</span> <span class='ocrx_word' id='word_1_316' title='bbox 1888 1211 1942 1263; x_wconf 90' lang='lat' dir='ltr'>in</span> <span class='ocrx_word' id='word_1_317' title='bbox 1978 1213 2185 1264; x_wconf 82' lang='lat' dir='ltr'>theatro</span> <span class='ocrx_word' id='word_1_318' title='bbox 2210 1217 2591 1280; x_wconf 82' lang='lat' dir='ltr'>exponeretur,</span> <span class='ocrx_word' id='word_1_319' title='bbox 2612 1219 2693 1275; x_wconf 81' lang='lat' dir='ltr'>et,</span> 
     </span>
     <span class='ocr_line' id='line_1_63' title="bbox 1611 1288 2688 1353; baseline 0 -15"><span class='ocrx_word' id='word_1_320' title='bbox 1611 1301 1731 1338; x_wconf 90' lang='lat' dir='ltr'>cum</span> <span class='ocrx_word' id='word_1_321' title='bbox 1766 1288 1836 1340; x_wconf 85' lang='lat' dir='ltr'>ab</span> <span class='ocrx_word' id='word_1_322' title='bbox 1871 1288 1954 1339; x_wconf 87' lang='lat' dir='ltr'>his</span> <span class='ocrx_word' id='word_1_323' title='bbox 1998 1303 2102 1340; x_wconf 89' lang='lat' dir='ltr'>non</span> <span class='ocrx_word' id='word_1_324' title='bbox 2143 1290 2301 1341; x_wconf 59' lang='lat' dir='ltr'>lesus</span> <span class='ocrx_word' id='word_1_325' title='bbox 2343 1296 2501 1345; x_wconf 77' lang='lat' dir='ltr'>esset,</span> <span class='ocrx_word' id='word_1_326' title='bbox 2531 1289 2688 1353; x_wconf 81' lang='lat' dir='ltr'>jussu</span> 
     </span>
     <span class='ocr_line' id='line_1_64' title="bbox 1612 1363 2689 1431; baseline 0.001 -17"><span class='ocrx_word' id='word_1_327' title='bbox 1612 1364 1926 1422; x_wconf 82' lang='lat' dir='ltr'>Domitiani,</span> <span class='ocrx_word' id='word_1_328' title='bbox 1949 1365 2316 1429; x_wconf 78' lang='lat' dir='ltr'>occideretur3</span> <span class='ocrx_word' id='word_1_329' title='bbox 2347 1365 2402 1415; x_wconf 83' lang='lat' dir='ltr'>id</span> <span class='ocrx_word' id='word_1_330' title='bbox 2426 1363 2566 1431; x_wconf 86' lang='lat' dir='ltr'>quod</span> <span class='ocrx_word' id='word_1_331' title='bbox 2588 1364 2689 1415; x_wconf 82' lang='lat' dir='ltr'>xi·</span> 
     </span>
     <span class='ocr_line' id='line_1_65' title="bbox 1612 1440 2687 1504; baseline 0.002 -15"><span class='ocrx_word' id='word_1_332' title='bbox 1612 1440 1837 1504; x_wconf 81' lang='lat' dir='ltr'>philinus</span> <span class='ocrx_word' id='word_1_333' title='bbox 1877 1447 2060 1492; x_wconf 76' lang='lat' dir='ltr'>narrat</span> <span class='ocrx_word' id='word_1_334' title='bbox 2100 1441 2152 1492; x_wconf 90' lang='lat' dir='ltr'>in</span> <span class='ocrx_word' id='word_1_335' title='bbox 2193 1443 2322 1493; x_wconf 77' lang='lat' dir='ltr'>Vita</span> <span class='ocrx_word' id='word_1_336' title='bbox 2361 1440 2687 1504; x_wconf 66' lang='lat' dir='ltr'>Domitianig</span> 
     </span>
     <span class='ocr_line' id='line_1_66' title="bbox 1610 1517 2688 1583; baseline 0.003 -18"><span class='ocrx_word' id='word_1_337' title='bbox 1610 1521 1734 1566; x_wconf 89' lang='lat' dir='ltr'>tunc</span> <span class='ocrx_word' id='word_1_338' title='bbox 1755 1523 1933 1567; x_wconf 81' lang='lat' dir='ltr'>tamen</span> <span class='ocrx_word' id='word_1_339' title='bbox 1952 1517 2208 1582; x_wconf 76' lang='lat' dir='ltr'>Trajanus</span> <span class='ocrx_word' id='word_1_340' title='bbox 2231 1518 2402 1568; x_wconf 79' lang='lat' dir='ltr'>evasit</span> <span class='ocrx_word' id='word_1_341' title='bbox 2419 1517 2688 1583; x_wconf 82' lang='lat' dir='ltr'>hujusmo-</span> 
     </span>
     <span class='ocr_line' id='line_1_67' title="bbox 1610 1589 2691 1657; baseline 0.003 -16"><span class='ocrx_word' id='word_1_342' title='bbox 1610 1589 1665 1641; x_wconf 85' lang='lat' dir='ltr'>di</span> <span class='ocrx_word' id='word_1_343' title='bbox 1690 1590 1912 1643; x_wconf 80' lang='lat' dir='ltr'>eisdem.</span> <span class='ocrx_word' id='word_1_344' title='bbox 1980 1592 2122 1643; x_wconf 86' lang='lat' dir='ltr'>Hinc</span> <span class='ocrx_word' id='word_1_345' title='bbox 2150 1595 2433 1657; x_wconf 76' lang='lat' dir='ltr'>praeteritus</span> <span class='ocrx_word' id='word_1_346' title='bbox 2464 1607 2584 1645; x_wconf 88' lang='lat' dir='ltr'>esse</span> <span class='ocrx_word' id='word_1_347' title='bbox 2607 1592 2691 1644; x_wconf 82' lang='lat' dir='ltr'>di·</span> 
     </span>
     <span class='ocr_line' id='line_1_68' title="bbox 1610 1668 2690 1736; baseline 0.003 -16"><span class='ocrx_word' id='word_1_348' title='bbox 1610 1669 1751 1720; x_wconf 88' lang='lat' dir='ltr'>citur</span> <span class='ocrx_word' id='word_1_349' title='bbox 1773 1684 1805 1721; x_wconf 79' lang='lat' dir='ltr'>a</span> <span class='ocrx_word' id='word_1_350' title='bbox 1830 1668 2138 1721; x_wconf 85' lang='lat' dir='ltr'>Domitiano</span> <span class='ocrx_word' id='word_1_351' title='bbox 2172 1676 2427 1736; x_wconf 75' lang='lat' dir='ltr'>tyrann03</span> <span class='ocrx_word' id='word_1_352' title='bbox 2462 1671 2557 1722; x_wconf 87' lang='lat' dir='ltr'>sed</span> <span class='ocrx_word' id='word_1_353' title='bbox 2582 1685 2690 1723; x_wconf 87' lang='lat' dir='ltr'>non</span> 
     </span>
     <span class='ocr_line' id='line_1_69' title="bbox 1606 1746 2690 1812; baseline 0.003 -17"><span class='ocrx_word' id='word_1_354' title='bbox 1606 1746 1887 1810; x_wconf 64' lang='lat' dir='ltr'>preteritas</span> <span class='ocrx_word' id='word_1_355' title='bbox 1903 1753 1976 1797; x_wconf 80' lang='lat' dir='ltr'>est</span> <span class='ocrx_word' id='word_1_356' title='bbox 1998 1762 2031 1798; x_wconf 78' lang='lat' dir='ltr'>a</span> <span class='ocrx_word' id='word_1_357' title='bbox 2049 1747 2253 1811; x_wconf 77' lang='lat' dir='ltr'>Nerva,</span> <span class='ocrx_word' id='word_1_358' title='bbox 2273 1746 2565 1812; x_wconf 80' lang='lat' dir='ltr'>adoptante</span> <span class='ocrx_word' id='word_1_359' title='bbox 2586 1748 2690 1798; x_wconf 82' lang='lat' dir='ltr'>sibi</span> 
     </span>
     <span class='ocr_line' id='line_1_70' title="bbox 1608 1821 2689 1889; baseline 0.002 -16"><span class='ocrx_word' id='word_1_360' title='bbox 1608 1821 1792 1886; x_wconf 85' lang='lat' dir='ltr'>filium,</span> <span class='ocrx_word' id='word_1_361' title='bbox 1835 1831 1891 1874; x_wconf 89' lang='lat' dir='ltr'>et</span> <span class='ocrx_word' id='word_1_362' title='bbox 1933 1824 1989 1875; x_wconf 89' lang='lat' dir='ltr'>in</span> <span class='ocrx_word' id='word_1_363' title='bbox 2043 1824 2264 1889; x_wconf 89' lang='lat' dir='ltr'>imperio</span> <span class='ocrx_word' id='word_1_364' title='bbox 2307 1839 2689 1876; x_wconf 82' lang='lat' dir='ltr'>successorem.</span> 
     </span>
     <span class='ocr_line' id='line_1_71' title="bbox 1610 1901 2692 1991; baseline 0 -39"><span class='ocrx_word' id='word_1_365' title='bbox 1610 1901 1777 1966; x_wconf 80' lang='lat' dir='ltr'>Alias,</span> <span class='ocrx_word' id='word_1_366' title='bbox 1807 1902 2091 1966; x_wconf 69' lang='lat' dir='ltr'>praeteritus</span> <span class='ocrx_word' id='word_1_367' title='bbox 2115 1907 2209 1968; x_wconf 77' lang='lat' dir='ltr'>est,</span> <span class='ocrx_word' id='word_1_368' title='bbox 2233 1903 2447 1991; x_wconf 88' lang='lat' dir='ltr'>proprie</span> <span class='ocrx_word' id='word_1_369' title='bbox 2469 1901 2692 1953; x_wconf 86' lang='lat' dir='ltr'>diceba-</span> 
     </span>
     <span class='ocr_line' id='line_1_72' title="bbox 1611 1964 2691 2044; baseline -0.001 -15"><span class='ocrx_word' id='word_1_370' title='bbox 1611 1985 1696 2029; x_wconf 88' lang='lat' dir='ltr'>tur</span> <span class='ocrx_word' id='word_1_371' title='bbox 1730 1978 1792 2036; x_wconf 87' lang='lat' dir='ltr'>is,</span> <span class='ocrx_word' id='word_1_372' title='bbox 1826 1977 1915 2044; x_wconf 88' lang='lat' dir='ltr'>qui</span> <span class='ocrx_word' id='word_1_373' title='bbox 1957 1978 2009 2028; x_wconf 91' lang='lat' dir='ltr'>in</span> <span class='ocrx_word' id='word_1_374' title='bbox 2049 1979 2308 2044; x_wconf 88' lang='lat' dir='ltr'>petitione</span> <span class='ocrx_word' id='word_1_375' title='bbox 2347 1964 2691 2042; x_wconf 81' lang='lat' dir='ltr'>m&#39;sgistratus</span> 
     </span>
     <span class='ocr_line' id='line_1_73' title="bbox 1611 2055 2692 2120; baseline 0 -14"><span class='ocrx_word' id='word_1_376' title='bbox 1611 2055 1808 2107; x_wconf 85' lang='lat' dir='ltr'>tulerat</span> <span class='ocrx_word' id='word_1_377' title='bbox 1844 2056 2127 2120; x_wconf 79' lang='lat' dir='ltr'>repulsam,</span> <span class='ocrx_word' id='word_1_378' title='bbox 2157 2061 2219 2106; x_wconf 88' lang='lat' dir='ltr'>ut</span> <span class='ocrx_word' id='word_1_379' title='bbox 2246 2055 2388 2120; x_wconf 81' lang='lat' dir='ltr'>apud</span> <span class='ocrx_word' id='word_1_380' title='bbox 2411 2055 2692 2115; x_wconf 80' lang='lat' dir='ltr'>Plautum,</span> 
     </span>
     <span class='ocr_line' id='line_1_74' title="bbox 1610 2131 2694 2198; baseline -0.002 -15"><span class='ocrx_word' id='word_1_381' title='bbox 1610 2146 1673 2182; x_wconf 78' lang='lat' dir='ltr'>ec</span> <span class='ocrx_word' id='word_1_382' title='bbox 1712 2132 1909 2198; x_wconf 75' lang='lat' dir='ltr'>saepius</span> <span class='ocrx_word' id='word_1_383' title='bbox 1949 2132 2090 2198; x_wconf 77' lang='lat' dir='ltr'>apud</span> <span class='ocrx_word' id='word_1_384' title='bbox 2127 2132 2460 2196; x_wconf 83' lang='lat' dir='ltr'>Ciceronem,</span> <span class='ocrx_word' id='word_1_385' title='bbox 2497 2137 2558 2182; x_wconf 86' lang='lat' dir='ltr'>et</span> <span class='ocrx_word' id='word_1_386' title='bbox 2598 2131 2694 2181; x_wconf 78' lang='lat' dir='ltr'>Li-</span> 
     </span>
     <span class='ocr_line' id='line_1_75' title="bbox 1607 2209 2688 2261; baseline 0 -3"><span class='ocrx_word' id='word_1_387' title='bbox 1607 2209 1768 2261; x_wconf 76' lang='lat' dir='ltr'>vium.</span> <span class='ocrx_word' id='word_1_388' title='bbox 1857 2209 2036 2260; x_wconf 80' lang='lat' dir='ltr'>Plaut.</span> <span class='ocrx_word' id='word_1_389' title='bbox 2086 2209 2318 2259; x_wconf 81' lang='lat' dir='ltr'>Trinum.</span> <span class='ocrx_word' id='word_1_390' title='bbox 2373 2218 2456 2259; x_wconf 81' lang='lat' dir='ltr'>tv.</span> <span class='ocrx_word' id='word_1_391' title='bbox 2501 2212 2556 2259; x_wconf 75' lang='lat'>8.</span> <span class='ocrx_word' id='word_1_392' title='bbox 2598 2209 2688 2258; x_wconf 73' lang='lat'>29.</span> 
     </span>
     <span class='ocr_line' id='line_1_76' title="bbox 1609 2283 2690 2351; baseline -0.003 -14"><span class='ocrx_word' id='word_1_393' title='bbox 1609 2291 1625 2314; x_wconf 85' lang='grc'>·</span> <span class='ocrx_word' id='word_1_394' title='bbox 1641 2286 1898 2337; x_wconf 78' lang='lat' dir='ltr'>strenuos</span> <span class='ocrx_word' id='word_1_395' title='bbox 1916 2285 2217 2351; x_wconf 75' lang='lat' dir='ltr'>praeterire,</span> <span class='ocrx_word' id='word_1_396' title='bbox 2233 2285 2392 2335; x_wconf 77' lang='lat' dir='ltr'>moris</span> <span class='ocrx_word' id='word_1_397' title='bbox 2416 2283 2538 2335; x_wconf 85' lang='lat' dir='ltr'>est.’</span> <span class='ocrx_word' id='word_1_398' title='bbox 2573 2284 2690 2336; x_wconf 79' lang='lat' dir='ltr'>Cic·</span> 
     </span>
     <span class='ocr_line' id='line_1_77' title="bbox 1611 2360 2687 2427; baseline 0 -16"><span class='ocrx_word' id='word_1_399' title='bbox 1611 2376 1706 2427; x_wconf 89' lang='lat' dir='ltr'>pro</span> <span class='ocrx_word' id='word_1_400' title='bbox 1731 2362 1917 2414; x_wconf 82' lang='lat' dir='ltr'>Plane.</span> <span class='ocrx_word' id='word_1_401' title='bbox 1940 2377 1989 2414; x_wconf 90' lang='lat' dir='ltr'>c.</span> <span class='ocrx_word' id='word_1_402' title='bbox 2014 2360 2066 2411; x_wconf 74' lang='grc'><strong>3.</strong></span> <span class='ocrx_word' id='word_1_403' title='bbox 2093 2365 2111 2393; x_wconf 77' lang='lat'>⁸</span> <span class='ocrx_word' id='word_1_404' title='bbox 2135 2362 2389 2427; x_wconf 87' lang='lat' dir='ltr'>Populus,</span> <span class='ocrx_word' id='word_1_405' title='bbox 2406 2368 2462 2411; x_wconf 87' lang='lat' dir='ltr'>et</span> <span class='ocrx_word' id='word_1_406' title='bbox 2484 2367 2687 2426; x_wconf 70' lang='lat' dir='ltr'>potest..</span> 
     </span>
     <span class='ocr_line' id='line_1_78' title="bbox 1607 2437 2690 2504; baseline 0.001 -17"><span class='ocrx_word' id='word_1_407' title='bbox 1607 2445 1664 2488; x_wconf 89' lang='lat' dir='ltr'>et</span> <span class='ocrx_word' id='word_1_408' title='bbox 1688 2438 1843 2501; x_wconf 88' lang='lat' dir='ltr'>solet,</span> <span class='ocrx_word' id='word_1_409' title='bbox 1864 2451 2235 2504; x_wconf 83' lang='lat' dir='ltr'>nonnunquam</span> <span class='ocrx_word' id='word_1_410' title='bbox 2257 2437 2440 2502; x_wconf 78' lang='lat' dir='ltr'>dignos</span> <span class='ocrx_word' id='word_1_411' title='bbox 2461 2443 2690 2501; x_wconf 62' lang='lat' dir='ltr'>prater·</span> 
     </span>
     <span class='ocr_line' id='line_1_79' title="bbox 1608 2513 2686 2580; baseline 0.002 -17"><span class='ocrx_word' id='word_1_412' title='bbox 1608 2513 1716 2575; x_wconf 88' lang='lat' dir='ltr'>ire;</span> <span class='ocrx_word' id='word_1_413' title='bbox 1751 2528 1867 2578; x_wconf 88' lang='lat' dir='ltr'>nec,</span> <span class='ocrx_word' id='word_1_414' title='bbox 1891 2515 1930 2564; x_wconf 87' lang='lat' dir='ltr'>si</span> <span class='ocrx_word' id='word_1_415' title='bbox 1954 2529 1987 2565; x_wconf 85' lang='lat' dir='ltr'>a</span> <span class='ocrx_word' id='word_1_416' title='bbox 2018 2515 2216 2579; x_wconf 85' lang='lat' dir='ltr'>populo</span> <span class='ocrx_word' id='word_1_417' title='bbox 2249 2515 2549 2580; x_wconf 77' lang='lat' dir='ltr'>proeteritus</span> <span class='ocrx_word' id='word_1_418' title='bbox 2584 2520 2686 2570; x_wconf 66' lang='lat' dir='ltr'>est,</span> 
     </span>
     <span class='ocr_line' id='line_1_80' title="bbox 1606 2589 2685 2656; baseline 0 -16"><span class='ocrx_word' id='word_1_419' title='bbox 1606 2605 1762 2656; x_wconf 85' lang='lat' dir='ltr'>quem</span> <span class='ocrx_word' id='word_1_420' title='bbox 1785 2604 1888 2643; x_wconf 87' lang='lat' dir='ltr'>non</span> <span class='ocrx_word' id='word_1_421' title='bbox 1912 2591 2166 2656; x_wconf 87' lang='lat' dir='ltr'>oportuit,</span> <span class='ocrx_word' id='word_1_422' title='bbox 2198 2606 2230 2641; x_wconf 86' lang='lat' dir='ltr'>a</span> <span class='ocrx_word' id='word_1_423' title='bbox 2253 2589 2527 2656; x_wconf 83' lang='lat' dir='ltr'>judicibus</span> <span class='ocrx_word' id='word_1_424' title='bbox 2558 2603 2685 2640; x_wconf 83' lang='lat' dir='ltr'>con·</span> 
     </span>
     <span class='ocr_line' id='line_1_81' title="bbox 1608 2668 2684 2734; baseline -0.004 -14"><span class='ocrx_word' id='word_1_425' title='bbox 1608 2668 1932 2720; x_wconf 79' lang='lat' dir='ltr'>demnandus</span> <span class='ocrx_word' id='word_1_426' title='bbox 1971 2677 2070 2726; x_wconf 87' lang='lat' dir='ltr'>est,</span> <span class='ocrx_word' id='word_1_427' title='bbox 2109 2669 2198 2734; x_wconf 89' lang='lat' dir='ltr'>qui</span> <span class='ocrx_word' id='word_1_428' title='bbox 2237 2668 2543 2733; x_wconf 73' lang='lat' dir='ltr'>praeteritus</span> <span class='ocrx_word' id='word_1_429' title='bbox 2578 2679 2684 2717; x_wconf 82' lang='lat' dir='ltr'>nen</span> 
     </span>
     <span class='ocr_line' id='line_1_82' title="bbox 1608 2743 2685 2797; baseline -0.002 -1"><span class='ocrx_word' id='word_1_430' title='bbox 1608 2744 1728 2796; x_wconf 74' lang='lat' dir='ltr'>est-⁹</span> <span class='ocrx_word' id='word_1_431' title='bbox 1793 2746 1933 2797; x_wconf 83' lang='lat' dir='ltr'>Ibid.</span> <span class='ocrx_word' id='word_1_432' title='bbox 1959 2760 2008 2797; x_wconf 81' lang='lat' dir='ltr'>c.</span> <span class='ocrx_word' id='word_1_433' title='bbox 2029 2749 2115 2797; x_wconf 76' lang='lat'>21.</span> <span class='ocrx_word' id='word_1_434' title='bbox 2144 2748 2161 2776; x_wconf 79' lang='lat'><em>⁶</em></span> <span class='ocrx_word' id='word_1_435' title='bbox 2186 2745 2333 2797; x_wconf 81' lang='lat' dir='ltr'>Quos</span> <span class='ocrx_word' id='word_1_436' title='bbox 2366 2759 2549 2796; x_wconf 84' lang='lat' dir='ltr'>omnes</span> <span class='ocrx_word' id='word_1_437' title='bbox 2582 2743 2685 2795; x_wconf 80' lang='lat' dir='ltr'>sci·</span> 
     </span>
     <span class='ocr_line' id='line_1_83' title="bbox 1607 2821 2686 2888; baseline -0.002 -15"><span class='ocrx_word' id='word_1_438' title='bbox 1607 2836 1721 2874; x_wconf 70' lang='lat' dir='ltr'>muts</span> <span class='ocrx_word' id='word_1_439' title='bbox 1775 2823 2031 2875; x_wconf 75' lang='lat' dir='ltr'>aedilitste</span> <span class='ocrx_word' id='word_1_440' title='bbox 2075 2821 2396 2888; x_wconf 71' lang='lat' dir='ltr'>proeteritos,</span> <span class='ocrx_word' id='word_1_441' title='bbox 2442 2821 2686 2873; x_wconf 80' lang='lat' dir='ltr'>consules</span> 
     </span>
     <span class='ocr_line' id='line_1_84' title="bbox 1607 2897 2684 2966; baseline -0.005 -14"><span class='ocrx_word' id='word_1_442' title='bbox 1607 2914 1726 2952; x_wconf 83' lang='lat' dir='ltr'>esse</span> <span class='ocrx_word' id='word_1_443' title='bbox 1762 2900 1950 2953; x_wconf 84' lang='lat' dir='ltr'>fsctos.</span> <span class='ocrx_word' id='word_1_444' title='bbox 2011 2900 2118 2952; x_wconf 73' lang='lat' dir='ltr'>Sed</span> <span class='ocrx_word' id='word_1_445' title='bbox 2148 2899 2271 2966; x_wconf 73' lang='lat' dir='ltr'>quid</span> <span class='ocrx_word' id='word_1_446' title='bbox 2304 2912 2405 2963; x_wconf 78' lang='lat' dir='ltr'>ego</span> <span class='ocrx_word' id='word_1_447' title='bbox 2439 2897 2684 2948; x_wconf 73' lang='lat' dir='ltr'>aedilitiss</span> 
     </span>
     <span class='ocr_line' id='line_1_85' title="bbox 1609 2972 2686 3042; baseline -0.006 -13"><span class='ocrx_word' id='word_1_448' title='bbox 1609 2979 1844 3042; x_wconf 83' lang='lat' dir='ltr'>repulsas</span> <span class='ocrx_word' id='word_1_449' title='bbox 1868 2977 2090 3042; x_wconf 70' lang='lat' dir='ltr'>colligo?</span> <span class='ocrx_word' id='word_1_450' title='bbox 2124 2991 2240 3042; x_wconf 66' lang='lat' dir='ltr'>que</span> <span class='ocrx_word' id='word_1_451' title='bbox 2256 2989 2399 3041; x_wconf 67' lang='lat' dir='ltr'>sepe</span> <span class='ocrx_word' id='word_1_452' title='bbox 2421 2972 2686 3039; x_wconf 76' lang='lat' dir='ltr'>ejusmodi</span> 
     </span>
     <span class='ocr_line' id='line_1_86' title="bbox 1606 3050 2684 3118; baseline -0.005 -14"><span class='ocrx_word' id='word_1_453' title='bbox 1606 3054 1795 3106; x_wconf 66' lang='lat' dir='ltr'>habitu</span> <span class='ocrx_word' id='word_1_454' title='bbox 1820 3060 1963 3118; x_wconf 83' lang='lat' dir='ltr'>sunt,</span> <span class='ocrx_word' id='word_1_455' title='bbox 1987 3060 2050 3104; x_wconf 85' lang='lat' dir='ltr'>ut</span> <span class='ocrx_word' id='word_1_456' title='bbox 2071 3052 2155 3116; x_wconf 86' lang='lat' dir='ltr'>iis,</span> <span class='ocrx_word' id='word_1_457' title='bbox 2186 3052 2275 3117; x_wconf 84' lang='lat' dir='ltr'>qui</span> <span class='ocrx_word' id='word_1_458' title='bbox 2310 3050 2575 3115; x_wconf 60' lang='lat' dir='ltr'>preteriti</span> <span class='ocrx_word' id='word_1_459' title='bbox 2602 3064 2684 3099; x_wconf 82' lang='lat' dir='ltr'>es·</span> 
     </span>
     <span class='ocr_line' id='line_1_87' title="bbox 1607 3121 2686 3196; baseline -0.009 -12"><span class='ocrx_word' id='word_1_460' title='bbox 1607 3138 1748 3196; x_wconf 89' lang='lat' dir='ltr'>sent,</span> <span class='ocrx_word' id='word_1_461' title='bbox 1771 3132 1998 3196; x_wconf 75' lang='lat' dir='ltr'>benigue</span> <span class='ocrx_word' id='word_1_462' title='bbox 2029 3144 2061 3181; x_wconf 78' lang='lat' dir='ltr'>a</span> <span class='ocrx_word' id='word_1_463' title='bbox 2097 3129 2292 3194; x_wconf 79' lang='lat' dir='ltr'>populo</span> <span class='ocrx_word' id='word_1_464' title='bbox 2315 3127 2514 3177; x_wconf 79' lang='lat' dir='ltr'>fectum</span> <span class='ocrx_word' id='word_1_465' title='bbox 2539 3121 2686 3175; x_wconf 77' lang='lat' dir='ltr'>vide-</span> 
     </span>
     <span class='ocr_line' id='line_1_88' title="bbox 1606 3201 2688 3266; baseline -0.007 -8"><span class='ocrx_word' id='word_1_466' title='bbox 1606 3207 1798 3260; x_wconf 83' lang='lat' dir='ltr'>retur.&#39;</span> <span class='ocrx_word' id='word_1_467' title='bbox 1845 3207 1962 3260; x_wconf 69' lang='lat' dir='ltr'>niv.</span> <span class='ocrx_word' id='word_1_468' title='bbox 1984 3220 2067 3257; x_wconf 77' lang='lat' dir='ltr'>tv.</span> <span class='ocrx_word' id='word_1_469' title='bbox 2089 3207 2142 3255; x_wconf 81' lang='grc'><strong>7.</strong></span> <span class='ocrx_word' id='word_1_470' title='bbox 2174 3204 2193 3232; x_wconf 86' lang='lat'>‘</span> <span class='ocrx_word' id='word_1_471' title='bbox 2210 3203 2488 3266; x_wconf 88' lang='lat' dir='ltr'>Principes</span> <span class='ocrx_word' id='word_1_472' title='bbox 2511 3201 2688 3265; x_wconf 70' lang='lat' dir='ltr'>plebis</span> 
     </span>
     <span class='ocr_line' id='line_1_89' title="bbox 1607 3277 2686 3347; baseline -0.009 -9"><span class='ocrx_word' id='word_1_473' title='bbox 1607 3300 1671 3338; x_wconf 79' lang='lat' dir='ltr'>ea</span> <span class='ocrx_word' id='word_1_474' title='bbox 1691 3285 1905 3337; x_wconf 79' lang='lat' dir='ltr'>comitia</span> <span class='ocrx_word' id='word_1_475' title='bbox 1937 3282 2225 3344; x_wconf 78' lang='lat' dir='ltr'>malebant,</span> <span class='ocrx_word' id='word_1_476' title='bbox 2250 3279 2441 3347; x_wconf 83' lang='lat' dir='ltr'>quibus</span> <span class='ocrx_word' id='word_1_477' title='bbox 2464 3292 2570 3329; x_wconf 87' lang='lat' dir='ltr'>non</span> <span class='ocrx_word' id='word_1_478' title='bbox 2595 3277 2686 3329; x_wconf 51' lang='lat' dir='ltr'>ha*</span> 
     </span>
     <span class='ocr_line' id='line_1_90' title="bbox 1606 3352 2683 3421; baseline -0.011 -8"><span class='ocrx_word' id='word_1_479' title='bbox 1606 3361 1823 3412; x_wconf 85' lang='lat' dir='ltr'>beretur</span> <span class='ocrx_word' id='word_1_480' title='bbox 1861 3358 1999 3411; x_wconf 83' lang='lat' dir='ltr'>ratio</span> <span class='ocrx_word' id='word_1_481' title='bbox 2037 3357 2139 3413; x_wconf 83' lang='lat' dir='ltr'>sui,</span> <span class='ocrx_word' id='word_1_482' title='bbox 2175 3367 2329 3421; x_wconf 87' lang='lat' dir='ltr'>quam</span> <span class='ocrx_word' id='word_1_483' title='bbox 2374 3361 2435 3403; x_wconf 91' lang='lat' dir='ltr'>ut</span> <span class='ocrx_word' id='word_1_484' title='bbox 2480 3352 2683 3416; x_wconf 61' lang='lat' dir='ltr'>indigni</span> 
     </span>
     <span class='ocr_line' id='line_1_91' title="bbox 1607 3429 2686 3503; baseline -0.009 -14"><span class='ocrx_word' id='word_1_485' title='bbox 1607 3432 2042 3503; x_wconf 74' lang='lat' dir='ltr'>praeterirentur.&#39;</span> <span class='ocrx_word' id='word_1_486' title='bbox 2062 3432 2241 3484; x_wconf 66' lang='lat' dir='ltr'>Vides</span> <span class='ocrx_word' id='word_1_487' title='bbox 2257 3444 2407 3496; x_wconf 66' lang='lat' dir='ltr'>ergo,</span> <span class='ocrx_word' id='word_1_488' title='bbox 2422 3437 2438 3461; x_wconf 79' lang='lat'>‘</span> <span class='ocrx_word' id='word_1_489' title='bbox 2454 3429 2686 3494; x_wconf 74' lang='lat' dir='ltr'>aliquem</span> 
     </span>
     <span class='ocr_line' id='line_1_92' title="bbox 1604 3506 2683 3580; baseline -0.009 -15"><span class='ocrx_word' id='word_1_490' title='bbox 1604 3511 1908 3580; x_wconf 65' lang='lat' dir='ltr'>preteriri:</span> <span class='ocrx_word' id='word_1_491' title='bbox 1937 3512 2025 3562; x_wconf 76' lang='lat' dir='ltr'>hic</span> <span class='ocrx_word' id='word_1_492' title='bbox 2044 3510 2185 3561; x_wconf 80' lang='lat' dir='ltr'>idem</span> <span class='ocrx_word' id='word_1_493' title='bbox 2206 3523 2341 3573; x_wconf 85' lang='lat' dir='ltr'>esse,</span> <span class='ocrx_word' id='word_1_494' title='bbox 2366 3520 2432 3558; x_wconf 85' lang='lat' dir='ltr'>sc</span> <span class='ocrx_word' id='word_1_495' title='bbox 2457 3506 2683 3571; x_wconf 77' lang='lat' dir='ltr'>alicujus</span> 
     </span>
     <span class='ocr_line' id='line_1_93' title="bbox 1604 3581 2681 3642; baseline -0.01 1"><span class='ocrx_word' id='word_1_496' title='bbox 1604 3591 1866 3642; x_wconf 78' lang='lat' dir='ltr'>rationem</span> <span class='ocrx_word' id='word_1_497' title='bbox 1898 3602 2000 3640; x_wconf 81' lang='lat' dir='ltr'>non</span> <span class='ocrx_word' id='word_1_498' title='bbox 2034 3586 2218 3638; x_wconf 84' lang='lat' dir='ltr'>haberi</span> <span class='ocrx_word' id='word_1_499' title='bbox 2253 3585 2310 3636; x_wconf 86' lang='lat' dir='ltr'>in</span> <span class='ocrx_word' id='word_1_500' title='bbox 2345 3581 2681 3637; x_wconf 80' lang='lat' dir='ltr'>conferendis</span> 
     </span>
     <span class='ocr_line' id='line_1_94' title="bbox 1603 3658 2683 3724; baseline -0.011 -6"><span class='ocrx_word' id='word_1_501' title='bbox 1603 3668 1902 3719; x_wconf 80' lang='lat' dir='ltr'>honoribus.</span> <span class='ocrx_word' id='word_1_502' title='bbox 1950 3665 2199 3715; x_wconf 85' lang='lat' dir='ltr'>Erasmus</span> <span class='ocrx_word' id='word_1_503' title='bbox 2221 3661 2277 3712; x_wconf 89' lang='lat' dir='ltr'>in</span> <span class='ocrx_word' id='word_1_504' title='bbox 2301 3658 2543 3724; x_wconf 68' lang='lat' dir='ltr'>Adagiis,</span> <span class='ocrx_word' id='word_1_505' title='bbox 2561 3672 2683 3723; x_wconf 69' lang='lat' dir='ltr'>pag.</span> 
     </span>
     <span class='ocr_line' id='line_1_95' title="bbox 1607 3736 2682 3804; baseline -0.011 -9"><span class='ocrx_word' id='word_1_506' title='bbox 1607 3748 1754 3795; x_wconf 71' lang='grc'><strong>1583.</strong></span> <span class='ocrx_word' id='word_1_507' title='bbox 1785 3743 1802 3772; x_wconf 90' lang='lat'>‘</span> <span class='ocrx_word' id='word_1_508' title='bbox 1820 3738 2066 3798; x_wconf 84' lang='lat' dir='ltr'>Dicitur,&#39;</span> <span class='ocrx_word' id='word_1_509' title='bbox 2081 3739 2271 3804; x_wconf 79' lang='lat' dir='ltr'>inquit,</span> <span class='ocrx_word' id='word_1_510' title='bbox 2294 3743 2312 3769; x_wconf 80' lang='lat'><em>‘</em></span> <span class='ocrx_word' id='word_1_511' title='bbox 2328 3736 2571 3801; x_wconf 84' lang='lat' dir='ltr'>populus,</span> <span class='ocrx_word' id='word_1_512' title='bbox 2589 3747 2682 3785; x_wconf 89' lang='lat' dir='ltr'>eos</span> 
     </span>
     <span class='ocr_line' id='line_1_96' title="bbox 1604 3813 2682 3883; baseline -0.009 -13"><span class='ocrx_word' id='word_1_513' title='bbox 1604 3835 1671 3870; x_wconf 84' lang='lat' dir='ltr'>ex</span> <span class='ocrx_word' id='word_1_514' title='bbox 1692 3817 2125 3883; x_wconf 83' lang='lat' dir='ltr'>competitoribus</span> <span class='ocrx_word' id='word_1_515' title='bbox 2143 3816 2198 3866; x_wconf 90' lang='lat' dir='ltr'>in</span> <span class='ocrx_word' id='word_1_516' title='bbox 2212 3813 2439 3865; x_wconf 84' lang='lat' dir='ltr'>comitiis</span> <span class='ocrx_word' id='word_1_517' title='bbox 2459 3818 2682 3877; x_wconf 65' lang='lat' dir='ltr'>proter·</span> 
     </span>
     <span class='ocr_line' id='line_1_97' title="bbox 1604 3888 2677 3963; baseline -0.008 -13"><span class='ocrx_word' id='word_1_518' title='bbox 1604 3899 1704 3962; x_wconf 87' lang='lat' dir='ltr'>ire,</span> <span class='ocrx_word' id='word_1_519' title='bbox 1725 3911 1855 3963; x_wconf 87' lang='lat' dir='ltr'>quos</span> <span class='ocrx_word' id='word_1_520' title='bbox 1878 3895 1984 3947; x_wconf 86' lang='lat' dir='ltr'>suis</span> <span class='ocrx_word' id='word_1_521' title='bbox 2009 3891 2275 3957; x_wconf 74' lang='lat' dir='ltr'>suffragiis</span> <span class='ocrx_word' id='word_1_522' title='bbox 2297 3904 2403 3941; x_wconf 89' lang='lat' dir='ltr'>non</span> <span class='ocrx_word' id='word_1_523' title='bbox 2427 3888 2677 3954; x_wconf 63' lang='lat' dir='ltr'>adJuvsu’</span> 
     </span>
     <span class='ocr_line' id='line_1_98' title="bbox 1605 3967 2678 4036; baseline -0.013 -11"><span class='ocrx_word' id='word_1_524' title='bbox 1605 3975 1776 4025; x_wconf 78' lang='lat' dir='ltr'>Etiam</span> <span class='ocrx_word' id='word_1_525' title='bbox 1802 3973 1855 4022; x_wconf 88' lang='lat' dir='ltr'>in</span> <span class='ocrx_word' id='word_1_526' title='bbox 1870 3971 1994 4036; x_wconf 81' lang='lat' dir='ltr'>jure</span> <span class='ocrx_word' id='word_1_527' title='bbox 2017 3968 2170 4019; x_wconf 87' lang='lat' dir='ltr'>liberi</span> <span class='ocrx_word' id='word_1_528' title='bbox 2204 3967 2450 4017; x_wconf 87' lang='lat' dir='ltr'>dicuntur</span> <span class='ocrx_word' id='word_1_529' title='bbox 2469 3979 2503 4012; x_wconf 74' lang='lat' dir='ltr'>a</span> <span class='ocrx_word' id='word_1_530' title='bbox 2524 3970 2678 4027; x_wconf 78' lang='lat' dir='ltr'>parte</span> 
     </span>
     <span class='ocr_line' id='line_1_99' title="bbox 1602 4038 2677 4115; baseline -0.009 -14.706"><span class='ocrx_word' id='word_1_531' title='bbox 1602 4045 1931 4115; x_wconf 62' lang='lat' dir='ltr'>‘preteririss</span> <span class='ocrx_word' id='word_1_532' title='bbox 1954 4059 2046 4096; x_wconf 87' lang='lat' dir='ltr'>seu</span> <span class='ocrx_word' id='word_1_533' title='bbox 2071 4041 2480 4108; x_wconf 79' lang='lat' dir='ltr'>‘proetermitti,’</span> <span class='ocrx_word' id='word_1_534' title='bbox 2501 4040 2590 4105; x_wconf 86' lang='lat' dir='ltr'>qui</span> <span class='ocrx_word' id='word_1_535' title='bbox 2610 4038 2677 4091; x_wconf 73' lang='lat' dir='ltr'>sb</span> 
     </span>
     <span class='ocr_line' id='line_1_100' title="bbox 1605 4116 2681 4186; baseline -0.011 -9"><span class='ocrx_word' id='word_1_536' title='bbox 1605 4141 1669 4177; x_wconf 88' lang='lat' dir='ltr'>eo</span> <span class='ocrx_word' id='word_1_537' title='bbox 1685 4127 1738 4176; x_wconf 92' lang='lat' dir='ltr'>in</span> <span class='ocrx_word' id='word_1_538' title='bbox 1759 4131 2078 4175; x_wconf 79' lang='lat' dir='ltr'>testamento</span> <span class='ocrx_word' id='word_1_539' title='bbox 2101 4133 2272 4186; x_wconf 79' lang='lat' dir='ltr'>neque</span> <span class='ocrx_word' id='word_1_540' title='bbox 2294 4116 2515 4169; x_wconf 83' lang='lat' dir='ltr'>heredes</span> <span class='ocrx_word' id='word_1_541' title='bbox 2532 4116 2681 4167; x_wconf 85' lang='lat' dir='ltr'>insti·</span> 
     </span>
     <span class='ocr_line' id='line_1_101' title="bbox 1605 4190 2675 4266; baseline -0.014 -12"><span class='ocrx_word' id='word_1_542' title='bbox 1605 4204 1726 4261; x_wconf 85' lang='lat' dir='ltr'>tuti,</span> <span class='ocrx_word' id='word_1_543' title='bbox 1763 4213 1953 4266; x_wconf 85' lang='lat' dir='ltr'>neque,</span> <span class='ocrx_word' id='word_1_544' title='bbox 1995 4206 2056 4249; x_wconf 86' lang='lat' dir='ltr'>ut</span> <span class='ocrx_word' id='word_1_545' title='bbox 2100 4201 2332 4260; x_wconf 84' lang='lat' dir='ltr'>oportet,</span> <span class='ocrx_word' id='word_1_546' title='bbox 2365 4190 2675 4244; x_wconf 75' lang='lat' dir='ltr'>exheredati</span> 
     </span>
     <span class='ocr_line' id='line_1_102' title="bbox 1604 4267 2675 4331; baseline -0.011 -1"><span class='ocrx_word' id='word_1_547' title='bbox 1604 4287 1744 4331; x_wconf 84' lang='lat' dir='ltr'>suut.</span> <span class='ocrx_word' id='word_1_548' title='bbox 1811 4276 1973 4328; x_wconf 82' lang='lat' dir='ltr'>Caius</span> <span class='ocrx_word' id='word_1_549' title='bbox 1995 4274 2233 4325; x_wconf 74' lang='lat' dir='ltr'>Institut.</span> <span class='ocrx_word' id='word_1_550' title='bbox 2267 4271 2336 4321; x_wconf 88' lang='lat' dir='ltr'>de</span> <span class='ocrx_word' id='word_1_551' title='bbox 2370 4267 2675 4322; x_wconf 66' lang='lat' dir='ltr'>Exhereda-</span> 
     </span>
    </p>
   </div>
   <div class='ocr_carea' id='block_1_6' title="bbox 1604 4344 2671 4460">
    <p class='ocr_par' dir='ltr' id='par_1_11' title="bbox 1604 4344 2671 4460">
     <span class='ocr_line' id='line_1_103' title="bbox 1604 4344 2671 4460; baseline -0.017 -50"><span class='ocrx_word' id='word_1_552' title='bbox 1604 4357 1751 4410; x_wconf 80' lang='lat' dir='ltr'>tione</span> <span class='ocrx_word' id='word_1_553' title='bbox 1783 4353 2114 4415; x_wconf 83' lang='lat' dir='ltr'>Liberorum,</span> <span class='ocrx_word' id='word_1_554' title='bbox 2146 4351 2162 4380; x_wconf 91' lang='lat'>‘</span> <span class='ocrx_word' id='word_1_555' title='bbox 2190 4350 2264 4407; x_wconf 85' lang='lat' dir='ltr'>Is,</span> <span class='ocrx_word' id='word_1_556' title='bbox 2300 4346 2389 4413; x_wconf 82' lang='lat' dir='ltr'>qui</span> <span class='ocrx_word' id='word_1_557' title='bbox 2422 4345 2585 4460; x_wconf 49' lang='lat' dir='ltr'>filigm</span> <span class='ocrx_word' id='word_1_558' title='bbox 2618 4344 2671 4394; x_wconf 90' lang='lat' dir='ltr'>in</span> 
     </span>
    </p>
   </div>
  </div>
 </body>
</html>
