3017 4942
422 461 431 469 l

498 558 703 603 maure
734 547 866 611 fata,
894 553 974 613 et,
1004 553 1064 599 ut
1098 553 1285 609 mutet,
1311 543 1554 610 precibus

500 627 707 681 exarari
726 625 972 691 flseuqae
993 638 1161 690 posse.
1222 623 1425 674 Seriem
1444 622 1556 685 qui-

500 708 621 757 dem
639 704 866 756 fatorum
883 703 1034 767 hujus
1050 701 1298 756 universi,
1314 710 1558 765 tauquam

500 774 798 833 caussarum
811 778 1041 831 ordinem
1055 785 1111 829 et
1120 790 1400 839 nexamac
1412 775 1560 841 qnasi

499 860 816 911 harmoniam
847 856 1262 923 prestabilitam,
1280 866 1384 904 nou
1406 866 1561 918 posse

502 937 715 997 mutari,
737 933 1045 994 tradebant3
1080 944 1230 996 posse
1260 935 1433 981 autem
1455 928 1562 979 sin·

506 1011 702 1077 gularia
742 1008 876 1067 fata.
915 1022 1034 1076 qun
1074 1023 1107 1059 a
1149 1007 1318 1072 prima
1357 1005 1562 1069 origine

504 1085 682 1138 mundi
714 1101 818 1137 nou
846 1088 954 1137 siut
980 1083 1217 1147 definita,
1235 1091 1292 1134 et
1313 1097 1431 1148 qno
1459 1082 1563 1133 sal-

503 1172 610 1216 tem
651 1178 880 1216 seorsum
920 1177 1036 1213 suas
1072 1175 1281 1212 caussas
1316 1158 1562 1223 habeant,

458 1244 463 1251 “
504 1243 619 1293 sine
653 1239 970 1303 confusione,
999 1244 1091 1289 ant
1129 1237 1284 1288 turba
1320 1235 1565 1293 universi,

503 1320 717 1370 moveri.
777 1318 866 1368 Sic
899 1323 956 1367 et
983 1314 1122 1381 apud
1152 1314 1342 1380 Virgil-
1363 1313 1482 1364 AEn.
1504 1325 1567 1364 x·

504 1400 586 1448 85.
604 1395 872 1447 metuebat
898 1395 1093 1449 Venus,
1114 1406 1181 1442 ne
1209 1405 1342 1442 nova
1370 1390 1564 1441 conde-

503 1481 684 1529 rentur
702 1458 833 1523 fata.
866 1473 884 1502 ‘
902 1471 1010 1521 Cur
1030 1467 1205 1530 nunc,’
1226 1467 1416 1534 inquit,
1439 1466 1455 1493 ⁶
1472 1474 1565 1516 tua

504 1553 772 1618 quisquam
806 1550 1035 1600 Vertere
1063 1547 1187 1612 jura
1221 1550 1428 1610 potest;
1471 1549 1566 1594 aut

504 1644 599 1681 cur
630 1643 764 1680 nova
796 1627 1020 1680 condere
1047 1624 1156 1676 fata
1167 1625 1205 1676 i'
1283 1625 1565 1686 Quantam,

503 1719 700 1769 quaec,
717 1704 1005 1771 potentiam
1024 1702 1237 1767 regendi
1254 1708 1312 1752 et
1327 1697 1564 1752 mutandi

502 1781 614 1834 fata
632 1783 915 1844 hominum,
932 1779 1331 1846 imperatoribus
1348 1780 1455 1830 suis
1472 1778 1565 1828 tri·

503 1858 732 1909 buerunt
761 1865 966 1908 veteres
991 1865 1239 1913 oratores,
1263 1864 1420 1922 atque
1441 1853 1566 1920 poe-

504 1935 601 1985 toe!
667 1933 759 1984 Sic
787 1934 1019 1985 incertus
1048 1940 1229 1985 auctor
1250 1932 1566 1998 Panegyrici

504 2012 877 2062 Maximiniano
900 2019 954 2062 et
975 2012 1319 2063 Constantino
1340 2024 1458 2075 esp.
1481 2014 1565 2062 14.

504 2087 929 2140 Maximinianum
946 2089 1234 2152 Angustum
1252 2089 1535 2154 alloquitur
1546 2103 1564 2138 ε

503 2172 520 2196 ⁸
542 2165 618 2215 Te
643 2179 710 2216 ex
727 2165 843 2230 ipso
862 2165 1064 2229 imperii
1085 2165 1284 2216 vertice
1306 2164 1461 2215 decet
1484 2178 1564 2215 or·
1597 2172 1608 2187 ⁹

504 2242 624 2292 bem
654 2242 954 2307 prospicere
979 2256 1319 2300 communem,
1344 2241 1565 2294 eoelesti·

508 2333 609 2385 que
643 2326 775 2370 nutu
804 2318 957 2369 rebus
984 2319 1219 2369 humanis
1246 2316 1360 2370 fata
1380 2317 1565 2369 decer-

507 2394 671 2452 nere:
696 2398 798 2445 &c-
873 2394 1089 2445 Latinus
1124 2395 1280 2446 etiam
1316 2395 1565 2458 Pacatus,

508 2472 771 2537 Panegyr.
805 2486 923 2537 cap.
958 2475 1009 2521 8.
1040 2471 1188 2531 dixit,
1222 2471 1566 2523 Theodosium

507 2547 823 2614 Augustum,
864 2548 881 2577 ‘
903 2548 1137 2600 nutantia
1186 2548 1435 2600 Romanae
1486 2550 1568 2600 rei

505 2622 621 2675 fata
653 2625 939 2690 suscepisse
955 2623 992 2687 ς’
1029 2633 1088 2676 et
1119 2640 1169 2676 c.
1197 2629 1279 2676 27.
1313 2625 1331 2654 ⁴
1356 2625 1568 2676 Nullam

505 2702 749 2767 majorem
778 2717 894 2755 esse
927 2702 1220 2768 principum
1239 2701 1568 2762 felicitatem,

506 2793 659 2843 quam
681 2777 871 2831 fecisse
891 2778 1116 2836 felicem,
1137 2786 1195 2829 ct
1214 2778 1572 2830 intercessisse

507 2856 716 2921 inopie,
747 2865 805 2908 et
842 2856 1028 2907 vicisse
1068 2853 1356 2919 fortunam,
1388 2864 1445 2907 et
1476 2854 1570 2905 de·

507 2932 644 2987 disse
661 2935 852 2986 homiui
875 2949 1063 2985 novum
1083 2933 1287 2986 fatum!
1354 2932 1496 2986 Quid
1512 2935 1568 2986 ni

507 3013 634 3063 talia
645 3012 802 3064 etiam
819 3013 885 3063 de
899 3013 1032 3065 Jove
1049 3013 1244 3063 sentire
1259 3012 1572 3077 potuerunt?

506 3091 562 3141 Si
587 3091 701 3157 quis
721 3090 945 3157 denique
965 3090 1178 3153 dixerit,
1197 3088 1362 3139 videri
1392 3095 1570 3139 tamen

507 3168 850 3231 potiussada,
866 3167 1161 3233 quamscta,
1180 3165 1319 3231 apud
1339 3164 1567 3215 Plinium

508 3245 614 3309 legi
640 3244 850 3307 debere,
871 3244 992 3309 quia
1012 3251 1190 3294 orator
1211 3243 1363 3304 dixit,
1381 3241 1570 3294 Jovem

507 3319 776 3385 dignatum
810 3331 925 3370 esse
946 3318 1091 3370 facta
1111 3319 1405 3371 mortalium
1434 3319 1574 3369 iuter

508 3397 684 3447 divina
700 3410 858 3461 opera
873 3408 1175 3458 numerare3
1204 3395 1421 3446 indicari
1438 3395 1573 3446 adeo

505 3472 586 3522 his
619 3473 790 3526 verbis
822 3474 924 3524 nou
945 3474 1079 3535 sata,
1102 3486 1219 3538 quoe
1254 3486 1350 3537 per
1378 3485 1436 3523 se
1467 3474 1574 3524 sint

509 3564 669 3615 opera
704 3550 899 3609 diviua,
940 3548 1034 3601 sed
1079 3550 1274 3616 aliquid
1314 3549 1568 3613 inferiusg

507 3626 629 3677 huic
656 3627 962 3692 respondeo,
985 3627 1214 3677 Plinium
1243 3625 1318 3676 ita
1339 3626 1571 3676 locutum

508 3717 626 3754 esse
670 3713 916 3769 respectu
957 3718 1128 3754 rerum
1171 3716 1474 3767 superarum
1513 3708 1574 3753 et

506 3781 831 3842 coelestium3
867 3794 1081 3847 quarum
1104 3794 1279 3830 curam
1308 3772 1574 3843 praecipue

507 3854 717 3919 dignam
750 3856 1069 3907 existimavit
1098 3848 1375 3920 majestate
1404 3855 1576 3912 Jovis,

506 3933 583 3983 ita
618 3941 792 3983 tamen
830 3942 891 3983 ut
925 3933 1047 3983 huic
1080 3933 1239 3985 etiam
1274 3947 1446 3983 rerum
1477 3932 1576 3982 hu·

508 4025 770 4062 manarum
785 4026 962 4062 curam
976 4012 1345 4077 aliquantisper
1358 4011 1571 4076 adjunx-

508 4086 628 4137 erit.
680 4087 736 4137 Si
759 4088 839 4138 lise
863 4088 1089 4138 rationes
1107 4102 1209 4138 non
1227 4086 1486 4138 sufficiunt
1503 4086 1573 4138 ad

509 4161 888 4213 defendendam
913 4179 1096 4215 novam
1120 4166 1430 4228 lectionem3
1466 4163 1573 4216 suf·

509 4238 696 4289 ficiunt
714 4238 782 4290 ad
804 4239 1200 4299 ostendendum,
1220 4257 1306 4292 me
1330 4256 1442 4293 eam
1462 4257 1572 4293 nou

510 4315 622 4365 sine
637 4315 776 4383 omni
792 4315 993 4367 ratione
1009 4314 1291 4372 induxisse.
1343 4320 1394 4371 N
1398 4333 1428 4372 e
1442 4319 1572 4386 quid

1195 403 1415 452 No'rAE
1464 398 1869 449 vammum
1917 397 1999 447 m

1630 558 1755 595 vero
1785 540 2178 608 preter-isiae
2201 537 2401 600 videar,
2422 537 2500 586 vel
2526 535 2698 587 verbe

1632 622 1801 673 adhuc
1835 635 2041 684 moneo,
2071 621 2208 685 apud
2247 616 2562 681 Gryphium,
2597 628 2698 680 pro

1629 714 1895 762 merare,
1916 700 2019 762 legi
2038 697 2295 749 umas
2325 696 2585 747 Schwart-
2610 696 2619 707 ‘

1703 774 2349 842 Quantas-oporam]
2378 773 2554 836 Vulgo
2567 772 2699 821 hac·

1633 869 1794 921 nsque
1828 855 2025 906 editum
2068 852 2304 917 legimus,
2342 849 2525 907 Quibus
2567 861 2703 896 nm

1628 942 1719 998 per
1752 937 1802 984 le
1832 932 1951 983 liber
1978 932 2262 994 umque.
2325 927 2390 977 In
2420 925 2699 977 codicibus

1634 1007 1924 1069 Vaticanis,
1957 1004 2259 1069 Parisieusi,
2297 1003 2503 1053 Veneto
2550 1009 2704 1050 utro-

1633 1098 1755 1150 que,
1783 1081 2185 1147 salisburgensi,
2209 1077 2704 1143 Guelpherbytano‚

1636 1176 1775 1227 meo,
1824 1161 2100 1220 Patavino,
2138 1164 2194 1208 et
2239 1157 2373 1206 libro
2413 1154 2703 1216 vossiano,

1636 1242 2017 1304 scriptumest,
2062 1239 2174 1295 Qua
2218 1249 2348 1285 nane
2390 1238 2532 1298 parte
2561 1231 2702 1282 liba

1636 1317 1942 1381 ”lacuquef
1991 1328 2144 1381 quam
2198 1311 2471 1364 lectionem
2531 1309 2702 1359 etiam

1638 1395 1904 1446 Livineius
1941 1395 1995 1445 in
2033 1402 2208 1444 vetere
2256 1391 2437 1445 codiee
2478 1389 2704 1440 invene-

1639 1478 1757 1535 rat3
1788 1478 1846 1522 et
1869 1485 2005 1522 nunc
2042 1469 2355 1519 Arntzenins
2377 1479 2582 1539 qupqne
2602 1464 2704 1516 ad·

1638 1550 1811 1600 scivit.
1888 1548 2229 1609 Puteolanus,
2278 1542 2586 1600 Beroaldus,
2641 1547 2701 1593 et

1639 1625 1927 1677 Rhenanus
1962 1625 2173 1676 edidere
2199 1624 2311 1681 Qua
2341 1636 2466 1672 nanc
2494 1633 2584 1684 per
2611 1624 2702 1679 tc,-

1637 1703 1727 1754 ubi
1746 1703 1955 1769 quidem
1973 1715 2254 1766 pronomen
2270 1713 2365 1764 qna
2379 1706 2522 1748 recte
2534 1711 2593 1746 se
2609 1696 2704 1746 ha-

1638 1781 1731 1834 bet
1755 1798 1771 1845 ς
1807 1792 1865 1834 at
1885 1796 2070 1833 nomen
2088 1787 2244 1847 parte,
2273 1779 2410 1845 quod
2434 1791 2531 1842 per
2561 1790 2703 1828 com·

1638 1861 1884 1926 pendium
1914 1861 2167 1924 scriptum
2198 1857 2392 1920 fuerat,
2424 1856 2560 1905 male
2589 1868 2705 1904 mu-

1640 1945 1806 1989 tatum
1850 1944 1932 1988 est
1976 1938 2031 1987 in
2070 1950 2159 2001 per
2190 1941 2256 1986 te.
2320 1934 2604 1983 Rhenanus
2646 1930 2700 1980 in

1638 2016 1872 2080 margine
1905 2021 2132 2076 notarat,
2152 2011 2425 2077 legendum
2452 2025 2550 2074 qua
2570 2023 2703 2059 cara.

1639 2090 1814 2157 Atque
1837 2093 1890 2143 in
1914 2093 2049 2143 libro
2068 2089 2317 2142 Gudiano
2355 2088 2542 2152 primo,
2563 2100 2702 2136 mar·

1638 2167 1746 2233 gini
1769 2169 1968 2219 allitum
2006 2176 2106 2228 est,
2140 2181 2247 2231 qma
2275 2179 2402 2215 nanc
2418 2166 2572 2228 perte
2590 2177 2708 2213 cm

1638 2247 1777 2297 liber.
1809 2247 1977 2300 Quam
1997 2246 2306 2309 scripturam
2322 2241 2564 2304 Scaliger
2579 2253 2708 2305 quon

1638 2337 1756 2388 que,
1796 2330 1935 2374 teste
1970 2322 2067 2372 Th.
2102 2321 2335 2376 Hearne,
2374 2319 2426 2367 in
2451 2318 2589 2367 libro
2612 2329 2705 2367 suo

1637 2400 1924 2450 annotavit.
2001 2398 2347 2463 crispinianus
2390 2392 2581 2456 edidit,
2622 2392 2705 2456 qai

1636 2493 1764 2529 nunc
1801 2492 1890 2543 per
1926 2481 1975 2528 ee
2006 2488 2228 2527 cer-aram
2263 2473 2383 2524 liber
2414 2471 2706 2532 solumque.

1639 2553 1952 2620 Hujusmodi
1985 2553 2257 2604 varietatis
2290 2556 2347 2600 et
2363 2548 2559 2615 partim
2591 2560 2705 2597 cor·

1637 2635 1858 2697 ruptelae
1878 2642 2060 2684 caussa
2077 2629 2244 2681 omnis
2258 2634 2380 2678 nata
2394 2632 2480 2676 est
2495 2639 2563 2675 ex
2576 2636 2704 2673 voce

1637 2715 1794 2773 parte,
1826 2723 1924 2773 per
1942 2705 2303 2770 compendium
2324 2702 2548 2767 scripta,
2567 2696 2704 2750 unde

1638 2786 1730 2836 alii
1750 2784 1997 2835 effinxere
2013 2797 2102 2847 per
2123 2787 2188 2832 te.
2252 2779 2358 2830 Sed
2373 2778 2498 2829 inde
2518 2779 2702 2842 inepta

1640 2862 1880 2928 quaedam
1900 2857 2198 2922 ταυτολογία
2221 2856 2419 2913 extitit,
2442 2869 2562 2904 eum
2587 2864 2706 2905 mox

1641 2946 1890 3004 sequatur
1915 2938 1933 2967 ⁴
1957 2943 2230 3002 postquam
2268 2941 2322 2983 te
2363 2930 2556 2981 dedit?
2620 2929 2707 2981 In-

1644 3014 1793 3064 terim
1834 3015 2104 3079 perplacet
2148 3009 2274 3060 niihi
2322 3022 2424 3058 vox
2465 3020 2705 3062 cuv-arm,

1641 3105 1798 3157 quam
1821 3091 2167 3155 cuspinianus
2197 3086 2312 3137 sine
2342 3084 2505 3134 dnbio
2527 3097 2595 3133 ex
2623 3095 2710 3132 ve·

1643 3168 1820 3226 tustis.
1837 3167 2003 3231 iisque
2024 3165 2243 3221 eximiis,
2264 3163 2451 3228 quibus
2468 3176 2592 3211 usus
2610 3166 2708 3223 est,

1642 3245 1959 3298 membranis
2016 3243 2264 3309 prodidit.
2352 3241 2477 3291 Nou
2528 3237 2707 3289 induci

1642 3337 1851 3388 possum
1892 3328 1949 3371 ut
1980 3321 2115 3370 hanc
2150 3332 2268 3369 cum
2306 3316 2593 3366 Arntsenio
2614 3328 2708 3381 pro

1642 3400 1832 3457 inutili,
1869 3405 1926 3449 et
1963 3397 2129 3448 invito
2160 3394 2336 3446 Pli'uio
2366 3395 2601 3450 obtrusa,
2622 3393 2708 3443 ha-

1644 3476 1834 3539 beam3
1866 3488 1984 3526 cum
2019 3476 2185 3524 multo
2219 3473 2472 3537 majorem
2508 3467 2708 3534 perspi·

1642 3553 1894 3603 cultatem
1916 3552 2189 3601 sententioe
2223 3550 2481 3599 Plinianae
2506 3543 2710 3596 afferat·

1641 3628 1764 3680 Sine
1781 3630 1880 3679 hac
1901 3629 2036 3679 enim
2056 3640 2184 3678 voce
2206 3640 2309 3676 nou
2330 3624 2509 3675 statim
2531 3623 2711 3683 scires,

1644 3705 1797 3770 eujus
1820 3705 1895 3755 rei
1928 3710 2069 3769 perte
2100 3704 2316 3768 Jupiter
2342 3702 2544 3751 solutus
2570 3700 2708 3749 dica·

1643 3790 1730 3833 tur
1750 3799 1768 3845 ς
1800 3780 1941 3833 haud
1964 3797 2112 3832 secus
2136 3796 2198 3831 ac
2230 3780 2547 3845 perobscure
2570 3779 2708 3847 locu·v

1646 3866 1791 3909 turus
1831 3858 2018 3909 fuisset
2057 3857 2169 3908 Cic.
2207 3856 2438 3918 Philipp.
2477 3859 2630 3911 1109.
2665 3850 2709 3901 si

1645 3936 1919 3999 vocabula,
1933 3938 1950 3963 ‘
1971 3949 2112 3985 curae
2137 3941 2193 3984 et
2213 3932 2547 3997 cogitationis
2573 3927 2712 3985 tute,⁹

1645 4013 1698 4063 in
1723 4013 1802 4063 his
1827 4011 2000 4063 verbis
2033 4010 2291 4060 omisisset
2313 4024 2326 4056 ε
2362 4016 2381 4041 ‘
2403 4009 2599 4058 Rerum
2623 4017 2709 4055 na·

1645 4096 1763 4139 tura
1784 4090 1923 4150 cogit
1947 4095 2001 4138 te
2025 4094 2226 4151 partem
2261 4085 2487 4149 aliquam
2508 4083 2564 4133 in
2596 4079 2710 4130 Asi·

1646 4180 1728 4216 am
1756 4174 1812 4216 et
1841 4165 2044 4229 Syrium
2069 4162 2306 4213 derivare
2328 4173 2472 4211 curae
2496 4167 2554 4209 et
2573 4156 2710 4221 cogi-

1644 4242 1860 4293 tationis
1901 4240 2045 4292 ωε)
2115 4237 2373 4304 Equidem
2417 4235 2464 4286 si
2503 4235 2708 4286 Plinius

1643 4318 1699 4372 in
1718 4333 1934 4372 numero
1956 4315 2303 4371 multitudinis
2317 4309 2710 4380 posuissetfflsi·
