3017 4942
698 441 760 489 o.
810 440 1048 489 ινιικιι
1101 439 1435 489 suom-tm
1490 438 1766 489 muse.
1844 439 1893 489 1.
1938 423 2046 489 32.

290 590 338 635 et
357 589 595 648 potestas,
618 590 674 634 et
696 585 992 650 imperium,
1024 586 1077 635 in
1113 585 1210 635 ltoe
1242 598 1325 634 ιι·-

290 669 515 724 ςωιιθιιιο
553 661 688 712 idem
732 660 1048 725 significant,
1088 660 1325 724 adeoque

287 751 374 791 nec
421 752 534 790 raro
578 738 984 802 conjunguntur.
1052 738 1156 790 Qui
1203 737 1325 786 fidei

287 822 469 865 tautum
511 817 691 880 populi
725 817 940 866 Romani
976 831 1033 865 se
1055 816 1326 865 commise-

283 898 405 947 rant,
427 893 653 956 quemvis
673 892 915 958 inaequali
944 891 1145 942 foedere
1173 891 1330 956 jupe-

286 967 338 1025 ti,
381 967 649 1033 imperium
682 970 1113 1035 majestatemque
1149 969 1327 1033 populi

283 1043 489 1096 Romani
525 1047 745 1097 comiter
774 1061 1082 1099 conservare
1114 1061 1330 1096 necesse

281 1121 552 1184 haberent3
577 1138 681 1174 non
702 1131 875 1174 tamen
900 1138 1102 1174 omnem
1125 1124 1328 1173 amitte-

281 1199 398 1250 bant
424 1200 744 1264 libertatem,
776 1209 831 1251 et
865 1202 1080 1252 meliore
1114 1202 1329 1252 uteban-

282 1282 363 1326 tur
395 1277 714 1341 conditione,
761 1278 1136 1342 benigniusque
1172 1279 1331 1328 habe-

280 1351 657 1419 bantur-„quam
674 1355 725 1405 in
746 1354 1014 1411 ditionem,
1034 1355 1331 1406 formulam·

278 1448 371 1498 que
410 1435 719 1498 provincioe‚
759 1436 991 1499 redacti3
1044 1452 1162 1502 quae
1210 1447 1330 1487 vera

277 1511 536 1564 servitutis
574 1521 701 1564 nota
735 1522 883 1564 erat..
937 1515 1233 1565 Discrimen
1263 1515 1331 1564 is-

279 1586 363 1638 tud
393 1589 775 1653 quedammodo
811 1591 1010 1641 indicat
1043 1590 1164 1640 Val.
1188 1591 1332 1641 Max.

277 1675 348 1713 νι.
371 1670 421 1715 6.
456 1668 704 1733 exemplo
737 1669 1096 1720 Faliscorumz
1131 1674 1147 1697 ⁶
1173 1669 1334 1719 Falis-

277 1740 360 1802 ci,’
392 1742 582 1807 inquit,
617 1745 635 1773 ‘
658 1744 913 1796 beneficio
951 1744 1133 1809 magis,
1178 1759 1334 1810 qnam

277 1817 441 1881 armis,
475 1820 623 1883 victi,
648 1829 826 1885 portas
850 1823 1093 1872 Romanis
1117 1837 1334 1887 aperne-

279 1902 410 1948 runt.
449 1929 463 1943 .
487 1930 503 1947 .
536 1930 550 1946 .
576 1930 591 1945 .
617 1932 629 1948 .
655 1930 671 1946 .
694 1897 957 1948 Adversus
1001 1915 1151 1965 quam
1207 1901 1335 1950 civi·

277 1979 431 2024 tatem
465 1975 660 2026 saevire
706 1977 921 2039 cupiens
975 1977 1197 2042 populus
1234 1979 1334 2027 Ro·

276 2063 467 2115 manns,
530 2060 804 2119 postquam
852 2070 885 2104 n
944 2055 1159 2118 Papirio
1212 2054 1335 2104 doc·

276 2136 353 2177 tus
384 2138 486 2194 est,
518 2131 756 2182 Faliscos
785 2140 898 2182 'non
938 2131 1204 2196 potestati,
1241 2130 1335 2181 sed

279 2201 414 2268 fidei,
478 2221 537 2258 se
599 2208 945 2260 Romanorum
1003 2207 1340 2268 commisisse,

276 2295 469 2338 omnem
489 2284 620 2333 iram
642 2282 851 2349 placida
868 2293 1046 2334 mente
1062 2283 1337 2348 deposuit.²

278 2356 511 2425 Interim,
533 2361 553 2388 ⁶
579 2359 710 2410 tides
730 2359 746 2384 '
767 2368 824 2412 et
845 2361 860 2388 ‘
881 2360 1050 2419 ditio,’
1076 2362 1186 2411 sive
1208 2361 1226 2388 ‘
1246 2376 1338 2425 po-

278 2436 471 2499 testss‚’
521 2446 615 2487 aut
657 2443 672 2466 ‘
709 2438 1027 2502 imperium,’
1073 2453 1174 2488 non
1221 2453 1338 2489 raro

274 2514 680 2579 conjunguntur.
747 2516 928 2568 Coessr
950 2516 1015 2566 Β.
1037 2515 1178 2567 Gan.
1204 2530 1268 2566 11.
1291 2521 1340 2566 8.

271 2598 285 2619 ⁴
313 2593 457 2646 Remi
489 2607 548 2644 se
578 2607 777 2660 susque
804 2594 977 2644 omnia
1008 2594 1062 2644 in
1082 2593 1238 2645 fidem
1262 2601 1339 2644 at·

273 2684 367 2734 que
395 2676 717 2733 potestatem
742 2671 916 2735 populi
954 2672 1101 2722 Rom.
1127 2673 1340 2735 permit·

274 2746 417 2796 tere.'
473 2747 632 2797 Idem
657 2747 720 2797 B.
743 2747 810 2798 G.
835 2761 897 2799 ιι.
924 2752 1006 2818 18.
1033 2756 1049 2780 ‘
1072 2749 1339 2802 Bellovaci

270 2836 447 2882 manus
473 2825 540 2874 sd
577 2824 840 2876 Caessrem
866 2825 1098 2884 tendere,
1123 2836 1176 2877 et
1213 2841 1340 2877 voce

265 2904 560 2967 siguificare
616 2912 907 2968 coeperunt,
952 2919 1068 2954 sese
1121 2906 1173 2955 in
1230 2906 1342 2969 ejus

271 2979 422 3034 fidem
460 2996 526 3032 sc
562 2987 879 3045 potestatem
909 2982 1124 3032 venire!
1191 2983 1341 3033 Idem

269 3058 329 3108 B.
355 3060 421 3109 G.
462 3075 503 3110 1.
527 3064 614 3109 31.
649 3060 665 3089 ‘
691 3059 876 3125 Neque
899 3075 955 3108 se
992 3069 1343 3124 recusaturos,

271 3150 367 3199 quo
403 3137 576 3187 minus
601 3137 694 3187 sub‘
714 3137 922 3187 illorum
955 3136 1153 3188 ditione
1186 3145 1342 3204 atque

269 3212 488 3278 imperio
513 3213 728 3264 essent!
793 3216 906 3265 Cic.
930 3229 1025 3280 pro
1046 3217 1198 3265 Font.
1223 3230 1271 3265 c.
1298 3220 1345 3265 l.

268 3289 283 3315 ‘
308 3289 591 3346 Civitates,
623 3305 742 3356 quae
778 3291 873 3340 sub
908 3293 1087 3356 populi
1127 3291 1343 3342 Romani

271 3367 549 3431 imperium
599 3367 953 3433 ditionemque
1000 3368 1345 3421 ceciderunt!

273 3444 498 3496 Aliunde
526 3451 701 3495 autem
718 3446 830 3509 jem
854 3453 1079 3508 constat,
1103 3461 1197 3496 eos
1226 3449 1344 3508 βαρ·

269 3519 496 3587 θαμίζειν,
514 3522 610 3587 qui
629 3522 937 3572 vocabulum
951 3522 967 3551 ‘
985 3522 1194 3573 ditionis
1214 3523 1228 3566 '-
1250 3536 1344 3587 pro

269 3598 506 3662 regione,
534 3604 626 3648 aut
646 3605 796 3662 parte
821 3605 1095 3664 terrarum,
1128 3606 1344 3664 ponunt.

269 3672 417 3723 Idem.

332 3750 437 3808 Qui
468 3748 738 3813 terrarum]
781 3750 845 3799 In
883 3750 1058 3800 multis
1093 3750 1248 3801 editis
1284 3752 1343 3801 li·

265 3826 371 3882 bris
394 3830 512 3879 haec
540 3828 699 3878 verba
722 3828 875 3878 aliter
906 3827 1081 3877 locata
1104 3835 1165 3878 et
1183 3830 1343 3877 inter·

269 3910 466 3965 puncta
521 3905 789 3967 leguntur,
828 3910 1080 3968 postquam
1137 3906 1345 3967 contigit

263 3981 486 4045 princeps
545 3986 802 4037 terrorum,
845 3982 930 4045 qai
969 3980 1342 4045 fecunditatem,

268 4058 348 4119 &c-
396 4057 665 4107 Cellarius
690 4057 945 4121 duntaxat
968 4059 1172 4123 signum
1198 4059 1344 4109 incisi

270 4133 342 4182 sic
381 4131 837 4197 transponendum
880 4134 1220 4192 existimavit,
1245 4167 1260 4183 .
1284 4170 1300 4186 .
1329 4169 1345 4186 .

271 4210 527 4274 Princeps,
578 4215 814 4260 terrorum
853 4212 936 4276 qui
978 4212 1348 4276 fecunditatem,

269 4286 349 4346 ξε.
412 4288 523 4336 Sed
543 4286 655 4350 jam
677 4288 1043 4353 cuspinianus,
1061 4289 1347 4354 Gryphius,

271 4373 323 4418 et
351 4366 611 4430 Baunius,
634 4367 760 4418 istas
794 4366 922 4418 duas
959 4382 1111 4419 voees
1144 4369 1237 4426 ita,
1269 4368 1347 4418 nti

2334 423 2453 491 611

1402 582 1681 646 edidimus,
1700 584 2102 634 translocarunt.
2147 583 2279 636 Quae
2304 590 2469 636 trans·

1401 661 1595 711 locatio
1621 662 1848 711 omnium
1883 661 2118 711 codicum
2142 662 2271 714 Mss.
2293 675 2468 713 sucto-

1402 740 1560 789 ritate
1575 739 1929 803 confirmatur,
1945 744 2000 789 et
2017 755 2048 789 a
2062 739 2297 790 Gesnero
2309 742 2471 792 etism

1403 825 1561 881 atque
1584 816 1869 867 Arntsenio
1894 824 2111 880 receptu
2133 822 2232 868 est.
2266 817 2418 867 Idem.

1468 895 1725 959 Princeps,
1740 895 1824 960 qui
1837 893 2098 958 terrarum]
2127 894 2359 961 Princeps
2375 902 2471 948 ter-

1401 988 1567 1023 mrum
1603 973 1721 1038 qui,-
1760 972 1852 1021 sed
1895 969 2149 1036 ffineeps,
2190 970 2275 1036 qui
2317 977 2470 1024 terra·

1402 1066 1513 1114 ram
1536 1051 1597 1100 C.
1623 1050 1694 1100 G.
1726 1049 1894 1099 Livia.

1491 1128 1594 1186 Qui
1646 1124 1926 1189 diremtum]
1992 1126 2123 1178 Cod.
2186 1126 2474 1178 Vaticanus

1405 1208 1555 1255 8461.
1579 1204 1913 1259 Parisiensis,
1935 1204 2189 1261 Venetus,
2220 1211 2277 1255 et
2310 1218 2473 1269 meus,

1409 1280 1605 1332 babent
1659 1281 1743 1345 qui
1783 1281 2048 1343 'dir-eptam.
2131 1281 2475 1336 Occasionem

1406 1357 1528 1407 huic
1566 1356 1757 1408 mendo
1781 1355 1940 1406 dedit
1965 1357 2176 1407 omissio
2202 1357 2478 1421 scripturus

1407 1434 1815 1495 compendiosae,
1848 1432 2102 1497 direfflum,
2125 1434 2161 1483 i.
2191 1448 2239 1484 e.
2270 1436 2478 1499 diremp-

1407 1518 1524 1563 tum.
1560 1514 1820 1564 Schwsrz.
2464 1521 2472 1525 ·

1474 1591 1612 1640 Muri
1642 1590 1858 1655 gentem]
1904 1589 1940 1639 i.
1964 1602 2014 1643 e.
2051 1589 2326 1654 AEgyptios
2367 1583 2479 1640 toto

1410 1675 1563 1733 paene
1607 1669 1735 1718 mari
1778 1666 2164 1717 mediterraneo
2208 1668 2275 1718 sb
2319 1666 2480 1717 Italia

1410 1744 1702 1808 sejunctos.
1738 1745 1958 1793 Potor-ol.

1476 1822 1658 1885 Populi
1694 1817 1932 1884 plebisque
1970 1819 2224 1884 Romame]
2262 1819 2362 1869 De
2378 1819 2479 1870 diss

1411 1901 1625 1949 crimine
1669 1900 1847 1949 horum
1892 1899 2153 1948 nominum
2198 1912 2301 1948 non
2354 1898 2482 1948 nihil

1413 1976 1631 2040 exposui
1655 1976 1718 2025 ad
1749 1989 1887 2025 xxv.
1907 1979 1955 2023 6.
1989 1974 2232 2026 Schmun.

1481 2053 1556 2103 Et
1568 2052 1705 2115 coelo]
1744 2052 1871 2103 Cod.
1889 2052 2116 2117 Guelpb.
2134 2066 2231 2116 pro
2253 2057 2303 2102 et
2323 2051 2483 2102 hebet

1411 2145 1456 2181 e.
1520 2131 1658 2180 Vide
1702 2145 1845 2195 vero,
1891 2145 1956 2180 eo
2014 2143 2178 2195 usque
2235 2127 2484 2194 progredi

1413 2208 1704 2258 orationem
1730 2208 1906 2266 Plinii,
1930 2217 1989 2258 ut
2009 2207 2290 2272 Trajanum
2324 2206 2483 2256 etiam'

1416 2293 1687 2350 comparet
1712 2299 1845 2354 cum*
1861 2286 2013 2349 coelo,
2035 2293 2196 2350 atque
2219 2299 2337 2335 eum
2361 2285 2484 2336 huic

1417 2360 1690 2426 proeferat.
1736 2363 2045 2427 Quanquam
2073 2353 2399 2427 vero'postea
2418 2361 2485 2410 ad

1415 2440 1723 2490 modestiam
1747 2440 1917 2490 redire
1938 2439 2195 2497 videatur,
2214 2440 2305 2490 ubi
2329 2441 2484 2490 ter'rae

1415 2513 1747 2582 fluminisque
1797 2517 1976 2581 genios
2023 2523 2309 2581 precntum
2366 2525 2487 2565 mox

1418 2599 1594 2644 tamen
1617 2594 1717 2643 illis
1741 2592 1978 2643 fallacem
2003 2594 2152 2643 unius
2175 2594 2296 2643 anui
2327 2592 2485 2642 fidem

1416 2670 1563 2736 qussi
1585 2671 1890 2734 exprobrat,
1909 2672 2267 2735 postulatque,
2288 2677 2348 2719 ut
2372 2675 2486 2719 eam

1416 2746 1655 2797 omnibus
1713 2752 1895 2810 postea
1951 2747 2157 2796 saeculis
2213 2753 2484 2796 excusent.

1417 2824 1573 2874 Idem.

1487 2902 1660 2949 Terras
1674 2898 1863 2964 aberet]
1890 2899 2123 2948 Verbum
2141 2906 2157 2929 ⁴
2172 2897 2332 2949 ubero
2347 2898 2361 2921 '
2377 2898 2487 2948 fere

1418 2978 1647 3028 insolens
1660 2984 1759 3040 est,
1769 2977 2000 3041 quamvis
2014 2976 2383 3039 composituri?
2395 2991 2486 3025 ex-

1419 3052 1608 3105 uberd’
1650 3052 1977 3119 frequentius
2020 3059 2275 3103 occurrat.
2351 3052 2486 3102 Cum

1418 3130 1474 3181 in
1530 3131 1754 3196 antiquis
1813 3129 2131 3180 editionibus
2187 3130 2488 3194 symmachi

1419 3209 1589 3273 Epist.
1622 3221 1664 3258 1.
1703 3210 1786 3257 37.
1827 3207 1938 3257 sive
1972 3205 2260 3256 secundum
2306 3219 2490 3257 recen-

1423 3285 1603 3343 tiores,
1639 3288 1724 3333 ⁴3.
1774 3285 2042 3349 legeretur
2088 3291 2104 3315 ‘
2131 3284 2343 3342 Hunc,'
2392 3285 2490 3337 Ju-

1420 3362 1636 3425 lisnnm‚
1668 3362 1801 3412 ‘tibi
1843 3363 1895 3410 in
1937 3359 2164 3419 manum,
2205 3362 2287 3412 vel
2324 3362 2491 3426 magis

1420 3440 1474 3489 in
1504 3440 1751 3503 animum,
1772 3440 1940 3490 libens
1965 3440 2133 3490 trudo.
2203 3440 2341 3489 Nam
2365 3440 2493 3488 mihi

1420 3533 1616 3568 summa
1653 3519 1854 3568 curatio
1893 3524 1993 3582 est,
2028 3523 2087 3566 ut
2131 3517 2361 3566 amicitia
2400 3524 2491 3566 tua

1420 3597 1542 3647 boni
1586 3593 1925 3657 inuberent3’
1962 3595 2175 3659 Sciopp.
2207 3595 2491 3644 Verisimil.

1421 3688 1485 3724 ιι.
1508 3680 1559 3724 6.
1585 3673 1649 3723 ud
1688 3674 1841 3724 istum
1877 3674 2048 3722 locum
2082 3671 2197 3719 haec
2233 3685 2490 3721 commen·
2590 3730 2592 3733 Α

1423 3758 1605 3801 taturz
1654 3756 1668 3779 ‘
1698 3750 1939 3813 Cot-rige,
1979 3747 2189 3798 volente
2229 3748 2334 3797 Ms.
2420 3748 2491 3796 Ue

1418 3829 1683 3878 micitium
1717 3834 1849 3878 tuum
1884 3826 1993 3875 boni
2031 3826 2241 3875 uberent.
2309 3826 2324 3851 ‘
2348 3824 2489 3873 Ube-

1420 3903 1571 3956 rare''
1610 3921 1736 3969 ergo
1778 3920 1893 3969 pro,
1930 3917 2143 3967 augere,
2184 3903 2399 3951 uberem
2436 3908 2491 3951 et

1418 3984 1703 4033 strictiorem
1736 3982 1976 4038 reddere,
2002 3980 2211 4044 posuit:
2252 3980 2389 4044 quod
2414 3987 2489 4028 ta·

1420 4074 1538 4109 men
1566 4074 1814 4125 nusquam
1852 4058 1972 4121 legi,
1996 4058 2093 4106 nisi
2120 4051 2259 4121 apud
2285 4056 2496 4106 Panum·

1421 4139 1488 4188 de
1530 4138 1608 4186 Re
1648 4138 1805 4186 Rust.
1846 4147 1927 4183 xi.
1966 4137 2017 4183 8.
2051 4138 2102 4184 3.
2143 4134 2160 4160 ‘
2189 4133 2307 4183 Hoc
2350 4134 2498 4182 velut·

1400 4215 1563 4264 ·eoitu
1617 4211 1820 4261 steriles
1863 4207 2076 4258 arbores
2131 4206 2496 4258 uberantnr.”

1423 4291 1535 4353 Ego
1556 4302 1681 4338 vero
1705 4285 1874 4336 malim
1895 4285 2031 4334 tueri
2056 4284 2326 4347 pristin'am
2344 4286 2491 4348 Sym-

1421 4365 1591 4418 machi
1628 4364 1921 4416 lectionem.
1986 4360 2089 4411 Sed
2126 4351 2489 4412 cum‘Piccar·
