3017 4942
722 436 791 489 c.
834 435 1079 487 raum
1127 433 1460 486 saeuum
1511 433 1793 485 ranno.
1861 435 1915 487 1.
1958 417 2069 486 28.

287 582 370 645 lis,
390 578 580 645 soepius
601 578 875 646 quadrata,
891 577 1168 646 aliquando
1190 578 1357 630 hemi·

289 658 420 724 cycli
458 655 651 716 forma,
695 663 922 720 erectus,
963 663 1022 707 et
1062 657 1119 708 in
1154 669 1356 707 summo

289 734 492 800 planus,
526 739 590 783 ut
622 733 676 784 in
699 746 766 783 eo
797 747 898 785 nou
926 734 1092 783 solum
1115 732 1244 783 sella
1264 747 1365 783 cu·-

289 811 414 859 sulis
434 809 792 873 imperatoris,
815 815 906 860 aut
926 810 1357 873 magistratuumg

290 886 378 942 sed
402 894 458 937 et
480 887 593 946 alii,
628 886 854 936 maxime
890 886 979 953 qni
1004 899 1035 936 a
1068 885 1361 937 ministerio

288 969 457 1025 erant,
478 970 623 1013 stare
646 968 872 1028 possent·
929 961 1241 1028 Hujusmodi
1264 962 1358 1013 tri-

287 1039 493 1090 bunalis
529 1051 652 1090 usus
687 1051 794 1090 non
826 1040 990 1090 solum
1014 1039 1119 1091 fuit
1139 1039 1194 1090 in
1223 1038 1359 1104 foro,

287 1124 343 1168 et
387 1117 441 1167 in
487 1107 707 1167 basilica
747 1116 908 1181 Julia,
942 1117 1031 1167 ubi
1070 1116 1361 1180 agebantur

194 1189 199 1194 ’
282 1192 489 1259 judicia
512 1209 531 1255 ς
552 1192 647 1242 sed
667 1193 826 1243 etiam
849 1193 900 1242 in
916 1192 1120 1255 castris,
1135 1193 1178 1242 si
1196 1203 1359 1258 qnan-

288 1274 354 1321 do
372 1272 687 1333 imperator,
703 1278 795 1319 aut
802 1268 894 1333 jus
918 1268 1147 1326 dicebat,
1168 1276 1261 1319 ant
1285 1269 1359 1318 al·

285 1344 609 1406 loquebatur
641 1343 868 1405 milites;
897 1346 1023 1409 quin
1058 1350 1115 1394 et
1158 1344 1211 1393 in
1248 1343 1389 1393 aliis*

287 1420 716 1471 solennitatibus.
781 1421 980 1471 Plinius
998 1419 1249 1485 hocloco,
1272 1420 1365 1471 ubi

284 1500 396 1564 agit
418 1498 492 1549 de
524 1499 736 1563 Trajani
770 1498 1048 1564 congiariis
1072 1504 1127 1548 et
1151 1498 1363 1548 alimena

282 1576 370 1640 tis,
385 1576 752 1641 significanter
764 1575 1025 1627 meminit‘
1043 1574 1316 1627 tribunalis
1332 1570 1366 1625 :’

285 1656 405 1722 quia
429 1657 744 1721 imperator,
763 1654 1103 1718 promissurus
1124 1659 1180 1704 et
1203 1653 1366 1717 assig-

284 1738 512 1783 naturus
544 1731 804 1796 ejusmodi
836 1730 1280 1782 extraordinarias
1304 1731 1367 1780 li·

287 1806 624 1872 beralitates,
638 1807 859 1859 sedebat
872 1822 1027 1873 super
1047 1805 1174 1858 sella
1195 1803 1367 1858 curuli

285 1884 341 1935 in
368 1884 673 1936 istiusmodi
704 1890 956 1950 suggestu
990 1884 1182 1950 posita·
1245 1883 1367 1934 Hoc

287 1968 402 2010 erat
424 1959 683 2022 tribunal,
703 1958 841 2025 quod
875 1965 1255 2024 representem
1275 1971 1369 2009 ve·-

285 2044 431 2089 tnsta
467 2037 805 2094 numismata.
825 2037 880 2087 in
908 2033 1206 2088 memoriam
1245 2049 1365 2085 con-

286 2116 578 2182 giariorum
600 2122 659 2166 et
682 2115 1042 2166 alimentorum
1066 2125 1213 2165 ensa.
1256 2114 1375 2164 Une

287 2194 355 2245 de
376 2195 511 2244 satis
530 2197 759 2250 constat,
782 2187 1035 2244 annonam
1058 2197 1116 2244 et
1146 2192 1369 2241 alimen-

288 2277 345 2321 ta
383 2283 501 2321 non
532 2270 601 2319 de
644 2269 798 2334 plano
832 2269 886 2318 in
925 2268 1058 2333 foro,
1100 2282 1272 2333 neque
1311 2268 1369 2318 iu

288 2349 548 2414 gradibus
573 2345 963 2411 amphitheatri,
995 2345 1158 2396 divisa
1183 2352 1239 2396 et
1263 2345 1371 2395 dis-

291 2425 504 2475 tributa
547 2438 660 2473 esse
706 2423 918 2487 populo.
984 2422 1270 2474 Salmasius
1314 2423 1371 2473 in

286 2501 433 2552 notis
474 2500 543 2549 ad
579 2500 861 2565 Vopiscum
894 2499 948 2548 in
984 2499 1288 2556 Aureliano,
1322 2509 1371 2551 c.

287 2582 373 2632 ⁸5.
415 2577 663 2640 tradidit,
692 2590 874 2628 omnes
917 2577 1035 2627 illas
1070 2577 1276 2642 argenti
1315 2582 1373 2628 et

288 2664 615 2707 tesserarum
649 2649 1106 2707 frumentariamm
1138 2654 1375 2719 largitio-

288 2747 406 2791 nes,
444 2746 513 2783 ae
544 2731 756 2793 deinde,
794 2731 986 2784 secutis
1031 2730 1373 2795 temporibus,

291 2821 493 2875 panum
537 2808 838 2864 divisiones,
890 2808 943 2857 in
985 2807 1374 2873 amphitheatri,

291 2888 380 2938 vei
449 2885 665 2942 theatri.
723 2885 968 2949 gradibus
1023 2900 1140 2936 esse
1182 2884 1373 2937 factas.

292 2965 345 3018 A
381 2977 493 3030 qua
536 2962 805 3014 sententia
848 2962 1203 3014 discesserunt
1244 2964 1373 3027 Lip-

293 3040 426 3104 sius,
495 3039 877 3104 Gothofredns,
947 3048 1004 3091 et
1070 3041 1377 3106 cumprimis

295 3117 683 3182 Spauhemius3
716 3117 807 3184 qni
841 3126 1130 3182 postremus
1162 3119 1395 3179 demonc,

296 3200 457 3256 strat,
482 3195 535 3243 in
557 3196 780 3254 nummis
814 3196 1095 3261 veteribus,
1115 3195 1183 3246 ob
1205 3197 1374 3246 solen·

298 3272 524 3322 nitatem
564 3270 821 3336 ejusmodi
862 3273 1197 3337 largitionum
1255 3285 1375 3338 per-

299 3347 493 3403 cussis,
548 3349 785 3413 conspici
841 3357 1076 3401 erectum
1126 3350 1377 3409 tribunal,

298 3439 389 3475 seu
415 3432 738 3490 suggestum,
757 3440 873 3476 cum
897 3428 1168 3491 gradibus,
1187 3428 1375 3493 quibus

300 3504 369 3553 ad
392 3505 521 3556 illud
547 3503 1002 3568 adscendebatur;
1035 3507 1162 3557 item
1191 3506 1376 3557 seden-

304 3586 410 3630 tem
446 3580 502 3631 iu
522 3581 689 3632 curuli
711 3582 1119 3645 imperatorem;
1155 3591 1377 3646 praeter«

303 3670 369 3705 ea
390 3663 594 3708 stantes
619 3671 783 3722 prope
816 3658 872 3708 in
906 3658 1088 3709 eodem
1125 3668 1379 3723 suggesto

303 3745 480 3796 unam,
515 3734 601 3784 rel
640 3734 833 3797 plures,
875 3750 992 3785 cum
1039 3736 1245 3798 congio,
1284 3742 1377 3794 aut

307 3802 522 3867 seuera,
567 3808 793 3874 figuras3
835 3823 953 3875 quae
1005 3808 1377 3861 frumentarias

311 3899 523 3951 nempe,
548 3893 641 3937 aut
673 3888 988 3937 nummarias
1024 3895 1255 3939 tesseras
1276 3888 1385 3938 dis<

315 3962 628 4028 tribuerent,
648 3963 868 4027 singulis
900 3979 993 4027 per
1026 3963 1237 4013 eosdem
1260 3979 1401 4034 gra-¹

315 4037 407 4088 dus
443 4040 560 4089 illas
597 4040 988 4105 recipientibus.
1056 4041 1199 4092 Cave
1235 4055 1383 4106 vero,

317 4121 487 4177 putes,
511 4129 738 4181 semper,
757 4116 1034 4168 ordinariis
1069 4119 1229 4168 etiam
1252 4119 1383 4169 libe-

318 4192 620 4250 talitatibus,
644 4200 699 4243 et
723 4190 969 4244 frumenti
994 4194 1385 4246 alimentorum·

321 4268 799 4331 quedivisionibns,
818 4270 1162 4333 imperatores
1186 4285 1383 4336 praese-

322 4340 448 4394 disse
482 4344 535 4392 in
578 4343 855 4400 tribunalis
892 4345 943 4394 id
975 4345 1136 4399 fiebat
1177 4354 1381 4402 tantum

442 4424 620 4490 Delph.
640 4429 692 4476 et
720 4424 837 4478 Ver.
867 4426 998 4479 Clos-

1277 4428 1467 4490 Paneg.
1498 4426 1610 4479 Vct.

2358 408 2538 488 577‘

1429 577 1484 629 in
1500 578 1933 630 extraordinariis
1950 577 2064 629 istis
2077 578 2493 648 solennitatibus,

1428 662 1486 706 et
1530 655 1849 720 cumprimis,
1890 641 1979 706 u'bi
2023 656 2244 721 primum
2288 657 2496 711 civibus

1427 730 1874 797 promittebantur
1889 738 1946 783 et
1962 732 2365 798 assignabantur
2378 736 2495 800 ejus

1429 807 1636 873 generis
1671 823 1887 859 munera
1919 814 1976 860 et
2020 809 2290 861 beneficia.
2356 812 2494 865 Foro

1431 893 1606 937 antem
1639 885 1888 943 Romano,
1932 885 2070 936 inter
2105 887 2225 944 alis,
2268 887 2495 939 vicinum

1432 960 1595 1012 fuisse
1616 960 1870 1027 ejusmodi
1906 970 2232 1027 suggestum,
2264 965 2499 1016 ostendit

1430 1041 1769 1105 spanhemius
1810 1053 1877 1091 ex
1918 1044 2037 1093 loco
2073 1045 2218 1094 Flav.
2255 1044 2499 1109 Josepbi,

1435 1117 1525 1168 nbi
1566 1117 1762 1168 dicitur
1795 1116 1978 1182 ὑψηλόν
2005 1137 2065 1170 τε
2097 1119 2204 1170 ἐστὶ
2233 1120 2295 1170 τὸ
2322 1119 2500 1184 u-rbyos

1435 1192 1502 1245 ets
1522 1193 1615 1254 τὴν
1639 1193 1820 1261 ἀγορὰν
1851 1195 2016 1262 φέρον,
2038 1197 2267 1250 Sublimis
2286 1213 2398 1250 uero
2424 1205 2502 1251 est

1432 1273 1518 1323 ills
1536 1278 1810 1336 suggestu,
1828 1276 2003 1325 ducens
2015 1276 2069 1325 in
2078 1274 2271 1336 forant..
2316 1276 2500 1327 Facile

1437 1355 1611 1398 tamen
1647 1348 1827 1411 credo,
1860 1349 1945 1401 dei
2084 1353 2261 1416 plures
2294 1366 2393 1417 per
2414 1367 2503 1404 ur·

1437 1424 1518 1475 bis
1549 1425 1791 1489 regiones
1822 1426 2064 1477 extitisse
2090 1428 2347 1491 ejusmodi
2378 1443 2499 1491 sng-

1439 1509 1636 1567 gestus,
1658 1513 1750 1553 seu
1777 1503 2012 1555 tabulata
2040 1505 2271 1570 publica,
2302 1506 2356 1556 in
2385 1506 2503 1572 qui-

1438 1579 1537 1630 bus
1558 1586 1822 1630 steterunt
1838 1580 1931 1642 illi,
1950 1582 2037 1646 qui
2054 1596 2308 1632 annonam
2333 1589 2389 1634 et
2410 1585 2502 1634 ali·

1438 1664 1619 1707 menta
1645 1656 2021 1710 distribuerent
2043 1659 2256 1723 siugulis
2282 1675 2312 1710 e
2336 1675 2502 1725 popu·

1437 1734 1512 1799 lo,
1535 1734 1719 1799 quibus
1742 1733 1997 1799 ejusmodi
2013 1734 2321 1787 beneficium
2341 1736 2502 1801 assig-

1439 1817 1622 1861 natum
1665 1815 1803 1875 erat,
1845 1810 2040 1861 viritim
2084 1818 2140 1861 et
2190 1813 2359 1875 palam
2405 1827 2504 1876 per

1440 1885 1632 1951 gradus
1654 1885 2105 1953 adscendentibus,
2127 1894 2283 1953 atque
2297 1890 2504 1940 insum*

1440 1976 1530 2013 mo
1583 1963 1746 2026 gradu
1798 1978 2055 2014 annonam
2105 1966 2504 2029 accipientibus.

1441 2037 1530 2088 Ad
1568 2038 1821 2105 ejusmodi
1853 2046 2172 2105 suggestum,
2205 2049 2261 2091 et
2294 2043 2507 2094 modum

1442 2116 1782 2182 dispensandi
1809 2115 2098 2183 “congiaria
2141 2126 2198 2170 et
2240 2121 2508 2185 alimenta,

1443 2195 1676 2259 respexit
1710 2194 1968 2246 Prudent.
2003 2195 2123 2246 adv·
2149 2197 2444 2260 symmach.
2467 2207 2510 2246 1.

1444 2273 1561 2321 689.
1597 2276 1612 2300 ⁴
1637 2270 1709 2320 Et
1742 2285 1896 2336 quem
1934 2272 2083 2336 panis
2117 2272 2213 2324 alit
2259 2272 2506 2336 gradibus

1443 2346 1718 2410 dispensus
1743 2347 1808 2397 ab
1831 2346 1992 2398 altis!
2060 2348 2179 2400 Quo
2212 2349 2369 2399 etiam
2392 2363 2508 2414 per·

1445 2423 1619 2474 tinent
1636 2424 1928 2475 locutiones
1952 2424 2072 2482 illae,
2088 2425 2138 2474 in
2156 2425 2510 2491 inscriptioni-

1445 2500 1539 2550 bus
1564 2499 1813 2565 antiquis,
1845 2501 1898 2551 in
1924 2500 2107 2552 codice
2134 2501 2514 2568 Theodosiano,

1445 2582 1501 2627 et
1526 2577 1668 2634 alibi,
1694 2577 1884 2642 obviae,
1916 2590 2029 2628 nnn
2047 2590 2265 2629 onanvs
2302 2577 2510 2641 mv'rsA,

1446 2666 1511 2705 nt
1534 2667 1840 2719 omniun,
1872 2665 1963 2705 aut
1998 2667 2178 2706 Panna
2214 2668 2516 2720 citamus,

1445 2730 1537 2795 qui
1562 2731 1768 2781 demum
1792 2731 1857 2781 ab
1879 2731 2153 2782 Aureliani
2191 2732 2514 2796 temporibus

1447 2807 1693 2860 distribui
1723 2814 2015 2872 coeperunt.
2080 2807 2183 2858 Has
2222 2816 2397 2859 autem
2435 2810 2515 2859 lo-

1447 2884 1641 2951 quendi
1664 2884 1902 2935 formulas
1924 2885 2210 2949 respiciunt
2232 2885 2349 2936 illos
2371 2885 2514 2950 ipsos

1449 2960 1663 3025 gradus,
1704 2968 1829 3011 ante
1885 2961 2155 3012 sublimem
2209 2969 2516 3026 suggestum

1448 3045 1673 3096 erectos,
1695 3053 1728 3089 e
1759 3036 1947 3104 quibus
1984 3044 2196 3088 tesserae
2231 3036 2517 3089 frumenta·

1448 3114 1560 3171 πίω,
1593 3122 1686 3165 aut
1719 3114 2046 3176 nummariae‚
2069 3127 2131 3165 ac
2165 3114 2358 3166 deiude
2382 3121 2398 3144 ‘
2422 3127 2515 3180 pa·

1447 3206 1542 3242 nes
1586 3190 1849 3256 gradiles,’
1891 3191 2281 3243 dividebantur.
2349 3193 2516 3244 Plura

1449 3268 1517 3319 de
1551 3269 1651 3320 boc
1685 3277 1995 3335 argumento
2028 3275 2333 3334 suggerunt.
2356 3281 2518 3336 quan·

1451 3359 1605 3409 quam
1625 3359 1730 3402 nou
1762 3345 1943 3396 eadem
1978 3346 2514 3408 seutentia,'1'urneb.

1449 3419 1679 3471 Advers.
1710 3435 1873 3473 xxvi.
1908 3424 1991 3472 34.
2027 3422 2172 3486 Lips.
2213 3424 2443 3474 Elector.
2476 3436 2521 3473 r.

1449 3501 1501 3548 8.
1530 3503 1588 3547 et
1614 3496 1684 3547 de
1706 3497 2005 3562 Magnitud.
2031 3498 2183 3549 Rom.
2207 3511 2273 3549 11.
2298 3503 2380 3549 10.
2412 3498 2518 3552 Cu-

1441 3575 1557 3640 jae.
1584 3574 1734 3628 ‚Obs.
1768 3586 1938 3627 xxvr.
1976 3578 2057 3625 17.
2089 3575 2278 3627 Jacob.
2316 3575 2519 3627 Gotho-

1449 3651 1589 3702 fred.
1632 3651 1701 3701 ad
1744 3652 1874 3701 Cod.
1905 3651 2160 3702 Theodos.
2197 3650 2263 3700 de
2300 3652 2522 3704 annonis

1451 3729 1652 3791 civicis,
1674 3735 1730 3779 et
1745 3741 1883 3793 pane
1907 3727 2130 3792 gradili3
2166 3727 2402 3791 inprimis
2425 3742 2518 3778 au·

1453 3813 1560 3858 tem
1583 3806 1865 3872 Spanbem.
1885 3804 1953 3857 de
1978 3807 2172 3856 Praest.
2195 3813 2247 3856 et
2269 3806 2383 3855 Usu
2408 3806 2522 3858 Nu·

1452 3882 1622 3940 mism.
1648 3889 1772 3934 tom.
1791 3897 1858 3934 ιι.
1880 3898 1934 3947 p.
1955 3887 2073 3933 ⁶³1.
2094 3897 2244 3947 seqq.
2279 3883 2432 3935 Idem.

1521 3960 1854 4012 Gaudentibas
1883 3961 2122 4027 guadeas]
2155 3960 2287 4012 Ha’c
2318 3961 2522 4014 addidit

1455 4038 1684 4100 Plinius,
1724 4045 1783 4088 ut
1838 4037 2156 4093 ostenderet,
2200 4039 2522 4102 congiarium

1455 4113 1677 4180 Trajani
1704 4114 1915 4165 omnino
1937 4112 2182 4165 habuisse
2207 4114 2308 4165 vim
2341 4121 2394 4165 et
2428 4130 2523 4166 na·

1457 4196 1627 4244 turam
1664 4190 1775 4240 veri
1814 4188 2080 4239 beneficii:
2116 4196 2302 4254 utpote
2337 4191 2429 4255 qui
2466 4189 2524 4240 id
2599 4246 2606 4252 ,

1457 4283 1562 4318 non
1585 4276 1677 4319 aut
1689 4265 1913 4331 superbe
1936 4264 2180 4329 injecerit
2197 4268 2408 4330 populo.
2430 4276 2523 4319 aut

1458 4346 1627 4397 iratus
1673 4343 1970 4412 impegerit,
2001 4348 2093 4396 aut
2132 4342 2432 4408 difficulter,
2464 4352 2522 4398 et

2273 4427 2306 4475 2
2341 4423 2388 4474 Ο
