3017 4942
450 334 627 403 1016

449 495 686 548 omnibus
711 497 897 550 ceteris
920 497 1185 562 impressis
1203 499 1516 564 exemplari·

450 576 550 625 bus
587 575 775 625 omissa
808 580 948 637 sunt,
983 589 1146 639 usque
1181 575 1247 624 ad
1283 582 1520 640 tempora

452 650 616 714 Lipsii
663 658 719 700 et
763 650 999 708 Gruteri,
1045 653 1134 716 qui
1179 652 1350 714 primi,
1396 659 1519 715 post

451 724 843 789 Cuspinianum‚
863 741 923 774 ea
945 733 1277 791 receperunt.
1300 728 1516 792 Nequeo

450 799 731 865 dispicere,
777 801 901 865 quid
941 803 1261 852 occasionem
1305 802 1517 853 dederit

449 875 526 924 bis
549 876 873 941 omittendis,
897 893 1014 942 quae
1053 879 1258 928 omnino
1280 893 1515 930 necessa-

447 953 525 1003 ria
548 963 669 1004 sunt
703 955 768 1004 ad
789 955 1101 1019 'explendam
1127 957 1285 1006 Plinii
1310 964 1513 1007 senten-

446 1032 589 1083 tiam.
657 1034 779 1085 Non
816 1040 1011 1097 praeter
1042 1049 1275 1084 caussam
1315 1033 1515 1097 profes-

446 1124 532 1159 sus
566 1118 650 1162 est
688 1111 914 1175 Lipsius,
950 1126 1007 1160 se
1045 1113 1277 1175 pluscula
1302 1112 1386 1160 hic
1419 1112 1513 1162 ob-

447 1202 656 1237 servare
684 1189 871 1248 hiulca,
906 1195 994 1236 aut
1017 1186 1229 1236 foedata.
1299 1187 1397 1236 Hae
1421 1202 1512 1238 an-

448 1269 553 1314 tem
595 1278 768 1325 voces,
800 1278 905 1326 qaoe
943 1269 1221 1328 quanteque
1252 1264 1369 1326 sint,
1391 1279 1509 1314 con-

444 1342 583 1391 necti
607 1341 801 1391 debent
824 1356 940 1390 cum
966 1341 1144 1391 ultima
1170 1341 1319 1405 hujus
1340 1343 1512 1405 perio-

444 1418 498 1468 di
545 1434 689 1477 voce,
729 1422 1010 1481 voluptates.
1081 1420 1213 1470 Cum
1259 1421 1400 1467 vero‘
1427 1420 1508 1469 hae

442 1497 704 1559 voluptates
732 1511 763 1546 a
795 1495 969 1544 Plinio
1007 1493 1246 1543 dicantur
1276 1495 1433 1556 serioe,
1453 1501 1511 1545 et

442 1570 659 1634 intentoe,
678 1577 779 1622 εἴη
795 1571 963 1636 quibus
983 1587 1034 1621 se
1048 1570 1304 1635 Trajauus
1325 1585 1507 1634 recepe-

439 1649 512 1698 rit
549 1652 602 1697 in
644 1649 866 1699 venandi
906 1648 1288 1712 navigandique
1322 1648 1509 1708 otium,-

443 1727 547 1787 atii,
580 1741 672 1790 pro
701 1742 824 1777 voce
855 1728 1139 1789 voluptates,
1163 1726 1334 1789 legere
1358 1732 1507 1789 opta·

440 1811 562 1854 runt
592 1819 754 1862 cnrae3
794 1803 881 1853 alii
915 1803 1353 1852 administrationes
1363 1817 1385 1860 ,-
1420 1803 1507 1852 alii

437 1881 793 1944 occupationes.-
832 1894 1010 1929 verum
1054 1879 1258 1945 Plinius
1298 1880 1506 1930 omnino

438 1955 524 2005 hic
570 1955 790 2019 intelligi
825 1955 936 2005 vult
979 1954 1138 2003 serias
1174 1962 1229 2004 et
1262 1956 1506 2005 honestas

439 2033 756 2096 voluptates,
790 2046 917 2095 quas
950 2045 1170 2080 summas
1193 2031 1342 2081 bonae
1365 2046 1504 2081 men·

438 2119 519 2162 tes
543 2113 762 2175 capiunt
794 2127 861 2161 ex
894 2112 1047 2162 rebus
1091 2112 1286 2176 arduis,
1314 2121 1368 2163 et
1393 2115 1504 2177 glo·
1528 2149 1537 2161 „

438 2189 574 2239 riose
618 2187 946 2251 feliciterque
1002 2188 1211 2250 gestis3
1268 2190 1503 2252 quamvis

434 2280 555 2314 mox
597 2265 781 2315 redeat
815 2265 880 2314 ad
924 2265 1145 2317 leniores
1179 2264 1293 2315 illas
1329 2274 1383 2316 et
1430 2268 1501 2315 le·

434 2342 604 2393 viores
629 2344 956 2406 voluptates3
993 2355 1109 2391 cum
1132 2348 1369 2406 utraeque
1393 2342 1500 2391 ani·

433 2420 504 2469 mi
538 2419 785 2470 indicium
819 2434 937 2470 esse
980 2419 1200 2483 possint.
1269 2418 1421 2470 Quod
1457 2419 1499 2468 si

433 2499 569 2548 enim
607 2497 765 2548 Plinii
801 2506 1028 2547 mentem
1067 2504 1214 2546 recte
1252 2497 1423 2559 capio,
1458 2498 1499 2546 is

431 2573 728 2639 siguificare
770 2574 967 2625 voluit:
1007 2588 1123 2623 cnm
1159 2570 1412 2635 Trajanns
1446 2573 1497 2622 in

430 2650 699 2700 laboriosis
721 2650 831 2700 istis
852 2651 1183 2700 venationum
1208 2649 1499 2711 etnaviga-

389 2768 394 2774 .
429 2728 629 2777 tionum
664 2716 1121 2778 exercitationibus
1145 2725 1401 2790 quendam
1425 2726 1499 2776 lu·

429 2801 552 2851 dum
593 2811 650 2853 et
689 2810 1101 2865 avocamentum,
1140 2801 1373 2866 adeoque
1410 2816 1495 2852 vo·

426 2877 683 2940 luptatem
734 2879 1009 2943 quandam,
1056 2878 1355 2941 quaesierit5
1393 2878 1495 2927 nti-

429 2968 530 3015 que
569 2955 818 3004 maximas
844 2968 1167 3016 summasque
1199 2954 1494 3016 voluptates

426 3029 603 3095 finisse,
637 3047 762 3096 quas
795 3032 838 3080 is
861 3032 1161 3096 perceperit
1184 3046 1214 3081 e
1240 3031 1395 3082 rebus
1414 3048 1494 3084 se-

426 3108 534 3167 riis,
576 3110 996 3174 gravioribusque
1048 3111 1493 3172 occupationibus.

424 3184 513 3234 Sic
541 3185 675 3235 Plin.
699 3186 869 3250 Epist.
889 3197 972 3235 lx.
993 3189 1043 3234 6.
1067 3193 1289 3236 testatus
1318 3195 1417 3249 est,
1434 3201 1492 3237 se

426 3262 652 3326 aliquam
688 3262 920 3324 ‘cepisse
950 3262 1293 3324 voluptatem,
1326 3261 1495 3326 quod’

424 3353 491 3388 ex
513 3340 827 3401 spectaculis
848 3333 1063 3403 aliisque
1085 3340 1240 3389 rebus
1259 3339 1492 3398 ludicris,

422 3406 437 3444 3
456 3415 728 3479 voluptate
764 3415 884 3477 capi
918 3429 1020 3463 non
1048 3413 1320 3478 potuerit.’
1385 3415 1491 3464 Ubi

424 3490 592 3553 vides,
615 3502 803 3540 nomen
838 3490 855 3517 ‘
878 3490 1159 3553 voluptatis
1175 3489 1190 3510 ³
1217 3488 1392 3552 priore
1416 3490 1490 3539 lo-

328 3601 337 3611 ·
422 3580 487 3618 co
529 3567 597 3616 de
626 3568 782 3631 seria,
827 3566 994 3617 altero
1035 3567 1150 3615 loco
1190 3567 1256 3616 de
1291 3567 1492 3617 ludicra

424 3644 712 3707 voluptate,
736 3644 887 3693 sumi.
955 3644 1025 3692 Et
1048 3642 1248 3692 Seneca
1267 3642 1334 3691 de
1355 3645 1488 3694 Bea-

423 3726 479 3769 ta
503 3720 651 3781 Vita,
673 3735 789 3784 cap.
817 3723 868 3768 4.
901 3719 918 3748 ‘
936 3718 1113 3779 Vera,’
1149 3719 1337 3784 inquit,
1358 3723 1375 3750 ‘
1403 3735 1490 3770 vo·

420 3796 594 3859 luptas
638 3797 742 3845 erit
797 3797 1122 3859 voluptatum
1171 3796 1490 3849 contemtio?

424 3872 569 3921 Idem
614 3872 815 3922 Seneca
859 3886 1016 3935 porro
1052 3871 1227 3927 docet,
1266 3887 1382 3936 qnae
1422 3874 1492 3924 sit

421 3948 535 4012 ejus
556 3947 759 4010 generis
781 3948 917 3997 seria
942 3947 1201 4010 voluptas,
1220 3948 1391 4011 Epist.
1410 3954 1491 4000 18.

418 4025 434 4053 ⁸
460 4024 523 4073 In
562 4026 660 4074 hoc
693 4030 862 4073 tamen
895 4022 1035 4088 (vili)
1069 4024 1209 4072 victu
1244 4024 1489 4075 saturita-

421 4107 527 4150 tem
558 4115 660 4149 non
691 4107 844 4164 putas
869 4115 1016 4150 essex
1048 4107 1104 4149 et
1128 4101 1364 4162 voluptas
1386 4109 1489 4152 est.

419 4174 678 4244 Voluptas
701 4183 872 4225 autem
897 4189 1000 4224 non
1031 4176 1118 4224 illa
1150 4175 1297 4236 levis,
1326 4182 1375 4225 et
1405 4175 1485 4225 fu·

417 4254 542 4317 gax,
565 4258 620 4303 et
640 4250 854 4302 subinde
878 4251 1194 4316 reficienda3
1217 4252 1308 4303 sed
1323 4252 1484 4304 stabi-

368 4669 482 4892 ι’

1151 354 1370 405 ΝΟΤΒ
1418 353 1828 407 vARtoRUM
1877 356 1962 408 m

1591 498 1676 562 lis,
1699 505 1756 551 et
1778 507 1941 552 certa.
2007 500 2131 552 Non
2153 500 2291 552 enim
2306 500 2544 566 jucunda
2575 515 2662 553 res

1592 583 1674 625 est
1716 591 1869 640 aqua,
1923 581 1979 629 et
2024 578 2256 640 polenta,
2296 584 2392 627 aut
2430 577 2660 628 frustum

1590 652 1865 704 hordeacei
1888 655 2035 718 panis
2051 671 2068 717 ς
2092 654 2183 703 sed
2201 668 2399 703 summa
2416 656 2658 717 voluptas

1590 737 1688 786 est,
1712 745 1863 793 posse
1886 745 2078 794 capere
2103 730 2258 780 etiam
2281 745 2349 778 ex
2374 731 2450 778 bis
2472 729 2657 794 (rebus

1589 806 1810 872 asperis)
1833 808 2177 870 voluptatem,
2210 812 2268 856 et
2293 805 2360 854 ad
2384 821 2440 856 se
2465 805 2659 855 redux·

1588 883 1712 946 isse,
1735 883 1871 946 quod
1899 883 2101 947 eripere
2136 883 2276 931 nulla
2306 880 2532 930 fortnnae
2561 880 2658 930 ini-

1588 959 1759 1023 quitas
1783 958 1979 1023 possit.'
2045 958 2194 1009 Idem
2219 958 2391 1022 Epist.
2407 963 2493 1008 23.
2512 959 2527 985 ‘
2551 958 2657 1007 Mi-

1587 1037 1637 1085 hi
1662 1036 1836 1099 crede,
1869 1051 1953 1085 res
1992 1051 2174 1085 severa
2206 1044 2290 1085 est
2326 1051 2506 1085 verum
2528 1038 2657 1099 gani

1587 1112 1748 1178 dium,
1795 1128 1916 1163 vera
1971 1115 2228 1177 voluptas.
2252 1144 2269 1161 .
2303 1112 2538 1167 ...Quid
2586 1113 2657 1162 sit

1585 1189 1748 1248 istud,
1785 1191 2097 1254 interrogas,
2132 1196 2222 1238 aut
2255 1188 2394 1238 unde
2432 1188 2656 1238 subeat?

1586 1267 1787 1318 dicam:
1825 1269 1905 1317 Ex
1943 1269 2079 1318 bona
2111 1266 2452 1328 conscientia,
2476 1279 2541 1313 ex
2564 1265 2657 1314 bo·

1587 1345 1747 1393 uestis
1769 1345 2020 1406 consiliis,
2057 1357 2126 1392 ex
2158 1342 2316 1392 rectis
2340 1341 2654 1405 actionibus,

1586 1435 1650 1470 ex
1681 1427 1948 1471 contemtu
1972 1420 2328 1480 fortuitorum,
2351 1433 2417 1468 ex
2444 1415 2656 1481 placido

1583 1495 1707 1545 vitae
1753 1505 1808 1546 et
1843 1497 2089 1546 continuo
2125 1502 2306 1545 tenore
2341 1508 2498 1544 unam
2534 1507 2656 1558 pre·

1583 1574 1775 1622 mentis
1817 1573 1990 1624 viam?
2056 1574 2227 1624 Etiam
2263 1572 2521 1636 Apuleius
2562 1571 2655 1622 lib.

1583 1648 1650 1700 de
1675 1649 2030 1714 Philosophia,
2068 1650 2221 1713 dixit,
2254 1651 2394 1700 illam
2421 1663 2539 1699 esse
2560 1649 2657 1699 bo'·

1583 1733 1783 1775 nestam
1826 1726 2200 1790 ‘voluptatem‚
2241 1738 2358 1789 quae
2403 1739 2509 1774 non
2557 1739 2653 1788 pn·

1582 1802 1766 1851 dendis
1811 1803 1980 1861 rebus,
2012 1802 2107 1853 sed
2151 1802 2390 1867 gloriosis
2424 1801 2654 1865 actibus,

1582 1895 1679 1945 pro
1712 1882 1885 1947 aliqua
1914 1883 2168 1946 praeclara
2191 1880 2652 1931 administratione

1581 1962 1858 2023 susceptis,
1881 1958 2090 2010 veniat?
2153 1960 2286 2008 Sunt
2316 1972 2443 2021 ergo
2471 1958 2551 2006 han
2589 1957 2654 2006 it-

1580 2035 1642 2084 1ae
1683 2036 1823 2085 seriae
1865 2041 1911 2085 et
1950 2038 2148 2086 ἐπίθηται
2189 2038 2476 2099 voluptates,
2519 2047 2651 2097 quas

1580 2115 1781 2177 quasia
1805 2114 2088 2163 minoribus
2126 2112 2503 2176 voluptatibus,
2533 2110 2649 2160 sive

1579 2188 1777 2238 lusibus
1802 2190 2093 2239 venationis
2109 2199 2266 2254 atque
2281 2189 2648 2252 navigationis,

1578 2263 1855 2329 distinguit
1899 2266 2117 2315 Plinius.
2181 2265 2428 2314 Pertinet
2466 2256 2652 2314 autent

1571 2342 1789 2391 'omuino
1834 2342 1898 2392 ad
1943 2343 2147 2392 laudem
2194 2341 2462 2404 principis,
2505 2337 2646 2403 qnod

1579 2418 1872 2482 praecipuas
1907 2433 2232 2482 summasque
2274 2416 2574 2480 voluptates
2613 2423 2671 2465 o·

1576 2494 1840 2544 laboribus
1877 2496 2199 2560 negotiisque
2236 2492 2456 2558 publicis
2487 2506 2647 2557 cape·

1574 2579 1688 2632 ret;
1729 2571 1867 2622 sicut
1911 2580 2092 2622 orator
2128 2582 2305 2637 supra,
2349 2573 2642 2620 Lxxxt.-l.

1574 2646 1796 2706 dixerat,
1831 2663 1948 2697 enm
1985 2650 2183 2699 ‘instar
2217 2646 2523 2696 refectionis
2551 2660 2646 2696 ex-

1571 2723 1829 2775 istimasse
1853 2728 2195 2775 mutationem
2218 2721 2447 2772 laboris.'
2498 2722 2644 2774 Quo·

1571 2800 1728 2849 modo
1750 2815 1876 2851 vero
1901 2800 2106 2864 Lipsius
2128 2801 2264 2848 hunc
2281 2800 2449 2848 locum
2473 2795 2644 2848 refor-

1571 2878 1815 2928 mandum
1849 2879 2319 2942 explicandumque
2352 2875 2641 2934 censuerit,

1573 2969 1638 3003 ex
1659 2955 1773 3018 ejus
1792 2954 2225 3005 annotationibus
2241 2951 2396 3001 facile
2414 2958 2642 3002 constat.

1571 3031 1692 3081 Non
1709 3032 1914 3096 quidem
1934 3045 2207 3081 renuerem
2223 3030 2501 3081 admittere
2516 3029 2641 3093 Lip-

1542 3107 1634 3156 2sii
1670 3108 2107 3170 emendationem,-
2141 3107 2262 3157 dum
2298 3121 2398 3156 vox
2422 3108 2644 3171 volupta-

1568 3187 1659 3246 tes,
1682 3184 1853 3247 priore
1889 3183 2005 3233 loco
2030 3183 2217 3246 posita,
2245 3196 2458 3244 prorsus
2483 3182 2641 3233 omit-

1569 3265 1745 3309 tatur:
1781 3275 1886 3323 quoe
1907 3265 2172 3322 quantaque
2194 3259 2293 3307 sint
2319 3259 2407 3307 itta
2435 3259 2566 3309 seria
2587 3263 2639 3311 et

1567 3335 1775 3397 intenta,
1796 3341 1845 3385 et
1865 3352 1896 3384 a
1916 3334 2084 3398 quibus
2105 3350 2155 3384 se
2175 3334 2228 3382 in
2250 3335 2345 3383 tale
2375 3335 2526 3383 otiam
2554 3349 2639 3384 re·

1565 3412 1702 3475 cipit.
1755 3411 1830 3461 At
1851 3417 1977 3460 tunc
1999 3415 2196 3473 optem,
2217 3416 2273 3459 nt
2299 3424 2392 3473 pro
2411 3426 2635 3477 sequens

1568 3489 1608 3536 ti
1653 3488 1911 3551 particula
1963 3487 2109 3544 enim,
2161 3488 2459 3538 inveniatur
2505 3503 2641 3538 cers-

1566 3564 1825 3614 Schwarz.

1631 3641 1786 3690 Serioe
1806 3646 1852 3692 et
1876 3639 2097 3704 intenta]
2127 3641 2375 3704 Sequitur
2405 3655 2526 3693 mox
2547 3658 2632 3693 vo·

1564 3718 1770 3780 luptates
1786 3734 1803 3766 .-
1839 3723 1895 3766 et
1935 3718 2031 3766 nisi
2077 3719 2341 3767 literarias
2385 3726 2478 3769 aut
2512 3721 2630 3771 illas

1565 3795 1722 3843 animi
1742 3794 2001 3844 interioris
2037 3793 2312 3856 intelligat,
2343 3796 2466 3859 quid
2504 3799 2631 3848 velit

1563 3870 1766 3934 ignoro,
1835 3870 2002 3919 Immo
2027 3870 2269 3932 placebat
2291 3872 2490 3936 legere,
2523 3889 2631 3938 qua

1564 3952 1831 4010 quantaque
1853 3948 1953 3996 siut
1975 3947 2060 3995 illa
2078 3947 2204 3995 seria
2224 3953 2270 3997 et
2284 3948 2502 4011 intento,
2526 3955 2576 3999 et
2596 3967 2631 4001 a

1563 4023 1730 4085 quibus
1749 4038 1801 4074 se
1831 4024 1882 4072 in
1906 4024 2002 4072 eale
2023 4024 2171 4072 otium
2192 4025 2379 4088 recipit.
2454 4025 2629 4090 Volup·

1561 4105 1687 4150 tates
1706 4107 1816 4149 sunt
1835 4100 1978 4158 enim,
2000 4101 2281 4163 voluptates,
2293 4101 2462 4165 quibus
2476 4119 2495 4151 .·
2513 4118 2633 4155 ora'·

1561 4178 1696 4227 toria
1719 4185 1776 4226 et
1798 4174 1995 4226 efficaci
2020 4178 2352 4242 repetitione.
2386 4179 2527 4243 Lips-
2612 4206 2622 4222 .

1624 4254 1700 4304 Ia·
1732 4255 1827 4303 tale
1870 4251 2044 4317 otium]
2074 4259 2091 4284 ‘
2111 4252 2522 4307 Pulcherrimum
2564 4264 2628 4310 et
