3017 4942
731 412 797 461 c.
845 410 1094 462 num
1145 410 1477 462 securim
1528 411 1810 461 muno.
1887 412 1936 461 ι.
1980 395 2090 463 58.

297 567 648 619 agnoscoque,
684 567 783 606 nec
822 555 896 605 ibi
939 555 1193 620 scriptum
1245 570 1365 607 esse

296 636 313 658 4
337 632 659 696 tertiumque
681 630 896 688 consul,'
918 630 1009 682 sed
1031 634 1049 661 4
1074 632 1365 697 tertiusque

295 705 514 757 consul!
581 708 785 772 Nempe
814 709 865 756 in
890 721 951 757 eo
973 708 1201 758 carmine
1222 709 1367 757 Mar-

293 783 433 837 tialis
452 783 754 833 Domitiano
770 783 1007 848 Augusto
1025 785 1224 848 gratias
1242 784 1370 849 egit,

292 858 437 923 quod
472 860 555 909 liic
579 867 718 921 nato,
740 861 852 910 sive
883 859 989 910 filio
1012 868 1136 910 natu
1160 861 1368 926 majori,

292 935 432 998 Silii,
472 937 801 990 consulatum
848 936 1113 988 detulerit.
1196 939 1367 988 Porro

291 1024 430 1064 vero·
458 1014 553 1076 ait,
573 1020 589 1042 ‘
613 1012 891 1077 gaudenti'
925 1014 1062 1078 patri
1085 1014 1211 1064 Silio
1234 1022 1251 1044 ‘
1275 1015 1367 1064 ad-

291 1088 400 1138 huc
439 1102 736 1152 superesse,
774 1090 914 1153 qnod
954 1089 1138 1153 optet‚’
1176 1105 1367 1154 nempe

288 1162 530 1215 ‘felicem
555 1165 874 1229 purpuram‚'
891 1166 1003 1214 sive
1019 1163 1225 1216 felicem
1248 1180 1367 1229 pro-

293 1251 537 1303 gressum
575 1241 872 1290 consulatus
907 1240 1000 1290 filii
1035 1242 1260 1305 msJoris,
1294 1249 1368 1307 et,

292 1322 421 1380 post
444 1319 766 1367 consulatum
792 1318 971 1380 patris,
991 1316 1188 1382 filiique
1210 1318 1368 1382 majo·

293 1392 388 1448 ris,
419 1406 488 1441 ex
524 1393 719 1442 Siliana
750 1393 905 1444 domo
934 1401 948 1424 ⁸
968 1396 1231 1445 consulem
1263 1402 1367 1445 ter·

292 1467 467 1530 tinm‚’
502 1469 706 1518 scilicet
746 1467 918 1519 filium.
941 1470 1221 1535 juniorem.
1302 1471 1366 1521 In

291 1543 436 1594 hanc
472 1545 787 1595 sententiam
826 1546 1143 1610 epigramma
1182 1548 1367 1598 Marti·

293 1620 396 1672 alis
435 1620 743 1683 jamdudum
792 1630 945 1673 acute
991 1624 1368 1688 interpretatus

292 1703 383 1748 est
415 1699 701 1747 Matthaeus
734 1700 1002 1762 Badera-3
1038 1716 1191 1765 quem
1226 1700 1369 1751 dein·

293 1775 364 1825 de
396 1784 612 1829 secutus
634 1783 716 1826 est
737 1777 981 1828 Vincent.
1004 1777 1288 1839 Collessus,
1313 1784 1372 1828 et

294 1853 591 1902 Collessnm
636 1855 890 1904 cellarius
936 1855 987 1903 in
1032 1855 1259 1906 Dissert.
1302 1854 1369 1904 de

290 1928 429 1978 Silio
463 1929 653 1979 Italico
685 1933 713 1994 ς
745 1933 827 1979 1⁸.
849 1939 904 1980 et
926 1934 1008 1980 14.
1072 1931 1153 1980 Ex
1188 1931 1372 1981 horum

290 2003 462 2067 igitur
497 2006 959 2070 interpretatione,
981 2015 1038 2057 et
1058 2022 1123 2058 ex
1147 2009 1373 2071 epistola

294 2081 466 2131 Plinii
482 2096 642 2144 snpra
661 2082 844 2147 citata,
863 2085 1046 2149 liquet,
1062 2084 1245 2134 Silium
1267 2087 1372 2135 Ita·

293 2157 478 2215 licum,
498 2167 723 2223 patrem,
739 2173 841 2209 non
865 2161 994 2210 duos
1011 2163 1233 2225 gessisse
1250 2176 1371 2212 con·

296 2233 524 2295 snlatus,
546 2232 683 2297 quod
705 2234 1017 2285 Arntzenius
1041 2238 1268 2300 scripsit,
1287 2252 1373 2288 ne·

295 2309 426 2360 dnm
474 2316 613 2371 tres3
657 2310 748 2359 sed
797 2314 1156 2364 tantummodo
1196 2328 1372 2379 tinum,

295 2399 530 2447 eumque
566 2386 902 2451 ordinarium,
942 2395 1000 2439 et
1040 2391 1372 2443 novissimum

295 2462 396 2513 sub
432 2463 679 2512 Neronez
714 2472 919 2522 contra,
941 2464 1101 2516 tilium
1127 2468 1371 2532 majorem

298 2539 422 2591 snb·
448 2540 750 2591 Domitiano
788 2543 1052 2593 consulem
1096 2543 1371 2596 suffectum

298 2633 419 2669 esse
452 2619 808 2682 declaratum;
838 2619 998 2671 filium
1035 2629 1207 2673 antem
1234 2624 1370 2687 juni·

299 2709 448 2755 orem
483 2705 609 2746 ante
641 2698 928 2748 excessisse
960 2701 1088 2762 vita,
1118 2715 1270 2764 quam
1304 2715 1375 2750 ex

301 2773 475 2836 patris
495 2773 861 2839 Martialisque
880 2782 1003 2825 voto
1021 2777 1037 2804 ‘
1055 2776 1237 2826 tertius
1253 2791 1376 2826 con·
1401 2774 1406 2778 '

300 2846 502 2899 snl’.ex
520 2849 621 2898 ista
636 2849 790 2899 domo
809 2851 1081 2913 prodierit.
1132 2852 1197 2902 Id
1216 2868 1374 2903 unum

302 2938 435 2989 ergo
463 2933 664 2975 certum
696 2934 799 2990 est,
818 2928 947 2977 nibil
980 2930 1114 2979 certi
1148 2930 1315 2980 adlmc
1346 2945 1378 2979 a

302 3001 435 3050 viris
469 3002 641 3052 doctis
674 2996 1137 3067 afferri'potuisse,
1168 3006 1281 3070 quis
1313 3020 1378 3055 eo

303 3083 563 3139 tempore,
578 3092 678 3142 quo
693 3080 942 3142 Trajanus
959 3081 1243 3143 imperator
1256 3094 1377 3131 con·

302 3153 771 3204 sulatum-tertium
796 3155 894 3204 sibi
918 3156 1146 3206 oblatum
1173 3145 1378 3206 recusa·

305 3230 405 3292 vit,
427 3230 479 3278 in
508 3238 694 3281 senatu
727 3231 959 3281 Romano
981 3230 1140 3281 fuerit
1164 3236 1379 3282 tertium

306 3306 509 3356 consul.
578 3306 668 3355 Sic
704 3315 757 3357 et
786 3307 901 3370 ipse
934 3306 1161 3371 Lipsius,
1185 3308 1379 3357 acutis-

301 3382 470 3430 simus
504 3381 732 3445 alioquin
767 3382 1136 3447 antiquitatum
1166 3384 1382 3447 indaga-

306 3463 412 3518 tor,
434 3472 553 3507 cum
578 3460 737 3508 etiam
760 3460 1051 3520 suspicatus
1072 3468 1227 3516 esset,
1245 3460 1378 3510 hunc

307 3533 470 3585 Plinii
496 3535 664 3583 locum
697 3535 1009 3599 capiendum
1031 3551 1146 3586 esse
1170 3539 1236 3586 de
1256 3537 1379 3585 Silio

305 3609 531 3670 Italic03
569 3618 838 3673 postremo
860 3619 1034 3660 tamen
1057 3612 1282 3675 ingenue
1301 3612 1377 3661 fa·

307 3693 476 3744 tetur,
499 3699 556 3733 re
578 3699 702 3734 vera
725 3695 925 3748 partem
949 3687 1086 3736 lianc‘
1106 3688 1378 3737 Fastorum

309 3760 367 3811 in
388 3757 636 3810 suffectis.
657 3761 957 3810 consmibns
990 3776 1107 3812 esse
1140 3763 1381 3812 tenebro-

307 3852 442 3900 sam,
464 3851 564 3886 nec
584 3838 698 3887 acie
720 3838 915 3902 ingenii
936 3836 1091 3889 facile
1116 3839 1380 3889 illustran-

308 3913 453 3964 dam.
488 3913 734 3964 Schwartz.

379 3991 479 4039 Ter
497 3989 682 4052 consul]
713 3990 983 4053 Virginius
1006 3990 1171 4042 Rufus
1192 3990 1384 4054 fuerat,

310 4066 404 4117 sed
432 4065 602 4115 obiit
592 4080 645 4114 m
666 4067 964 4128 consulatu,
988 4068 1224 4131 principe
1249 4069 1381 4116 Ner·-

313 4157 397 4192 να.
456 4141 578 4191 Non
601 4156 727 4204 ergo
749 4142 817 4192 de
840 4143 961 4192 ille:
996 4156 1062 4191 an
1083 4141 1223 4192 forte
1240 4143 1306 4191 de
1322 4142 1383 4191 Q

311 4219 447 4270 Silio
470 4218 801 4282 capiendum,
822 4219 912 4284 qui
937 4220 1094 4269 toties
1114 4208 1242 4269 item
1263 4230 1384 4269 conb

317 4297 421 4360 sul,
459 4303 514 4346 et
555 4302 681 4345 tunc
718 4296 902 4347 vivus?
969 4293 1042 4345 At
1079 4296 1212 4345 enim
1248 4295 1387 4345 sistit

2377 394 2511 464 813

1442 553 1660 621 aliquid,
1685 555 1820 620 quod
1856 554 1908 605 in
1944 554 2101 605 Plinii
2134 552 2304 619 Epist.
2339 569 2429 607 111.
2457 560 2509 607 7.

1442 631 1655 695 legitur,
1693 632 1780 681 ubi
1812 640 2029 684 mortem
2066 632 2216 696 hujus
2245 632 2510 682 Siliinar·

1442 715 1544 770 rat,
1569 716 1624 758 et
1660 708 1890 758 breviter
1919 708 2108 757 vitamx
2143 707 2511 770 ‘Novissime‚'

1441 782 1632 848 inquit,
1652 787 1666 813 4
1683 784 1757 834 ita
1779 784 2119 834 suadentibus
2135 785 2281 833 annis
2301 783 2365 834 ab
2381 785 2510 834 urbe

1441 861 1678 922 secessit,
1709 870 1870 924 seque
1902 862 1953 911 in
1991 861 2276 926 Campania
2306 863 2509 925 tennit3

1442 954 1505 989 ac
1537 953 1603 989 ne
1634 940 1864 989 adventu
1887 938 2096 1004 quidem
2119 938 2237 987 novi
2260 938 2511 1001 principis

1441 1016 1565 1066 inde
1583 1018 1882 1067 commovit.
1928 1017 2124 1079 Magna
2142 1017 2366 1066 Caesaris
2383 1016 2512 1077 laus,

1443 1094 1541 1143 sub
1575 1108 1677 1159 quo
1707 1094 1805 1143 hoc
1828 1093 2042 1143 liberum
2067 1091 2202 1151 fuit3
2236 1107 2423 1156 magna
2449 1093 2510 1140 il-

1443 1169 1556 1226 lius,
1580 1171 1669 1235 qui
1706 1171 1802 1220 hac
1833 1171 2077 1220 libertate
2107 1184 2262 1219 ausus
2284 1178 2366 1219 est
2398 1169 2513 1218 uti.'

1442 1246 1723 1296 Enimvero
1740 1246 1781 1296 si
1803 1247 1889 1296 ille
1909 1261 1965 1295 se
1984 1261 2084 1296 non
2103 1247 2400 1309 commovit,
2417 1260 2513 1297 nec

1444 1323 1497 1372 in
1524 1323 1703 1372 urbem
1728 1325 1889 1386 venit,
1911 1324 2167 1388 quomodo
2192 1330 2206 1352 ⁸
2222 1332 2334 1371 erat
2360 1324 2410 1371 in
2430 1336 2512 1371 se·

1443 1397 1609 1463 natu,'
1626 1399 1762 1465 qnod
1779 1399 1980 1448 Plinius
1999 1398 2083 1448 hic
2100 1395 2324 1447 affirmat
2340 1398 2370 1445 ἴ
2391 1396 2513 1447 Dici

1442 1477 1624 1539 possit,
1647 1475 1785 1525 aliud
1808 1481 1824 1505 ‘
1843 1475 1894 1524 in
1917 1473 2141 1537 senatu,'
2162 1474 2300 1522 aliud
2321 1473 2337 1500 ‘
2354 1474 2403 1521 in
2424 1487 2512 1522 cn·

1443 1554 1520 1600 ria
1561 1549 1714 1602 esse.'
1792 1551 1855 1600 In
1898 1558 2085 1600 senatu
2123 1549 2281 1598 etism
2322 1548 2510 1597 absens

1444 1618 1712 1694 censetur,
1736 1631 1789 1679 in
1824 1628 1969 1679 curia
1999 1643 2098 1677 non
2130 1629 2228 1676 nisi
2262 1642 2511 1690 proesensa

1444 1708 1551 1757 Sed
1592 1721 1649 1756 re
1683 1720 1805 1754 vera
1845 1719 1965 1769 pars
2000 1705 2111 1753 haec
2146 1705 2420 1753 Fastorum
2458 1704 2510 1752 in

1442 1780 1677 1832 suffectis
1721 1780 2020 1830 consulibus
2071 1779 2369 1841 tenebrosa,
2413 1793 2513 1827 nec

1444 1859 1558 1909 acie
1583 1858 1775 1919 ingenii
1801 1856 2026 1921 (absque
2051 1855 2394 1905 monumentis
2418 1855 2513 1917 sit)

1444 1932 1600 1983 facile
1626 1931 1951 1982 illustranda.
1982 1930 2118 1994 Lips.

1463 2010 1828 2060 Consulatum
1866 2007 2139 2071 recusabas]
2197 2006 2513 2056 Claudianus

1447 2038 1516 2135 de
1550 2087 1826 2145 stilicone,
1862 2085 1949 2149 qul
1983 2087 2001 2114 4
2023 2083 2322 2134 consulatus
2355 2086 2515 2133 hono·

1446 2160 1597 2218 rem,’
1635 2172 1787 2225 quern
1824 2159 2149 2219 defenderet,
2185 2157 2413 2221 fugeret,
2452 2172 2513 2208 ac

1445 2242 1740 2299 sperneret,
1774 2236 1791 2265 4
1820 2244 1966 2286 tanta
1990 2251 2142 2301 quem
2175 2237 2309 2285 mole
2332 2235 2514 2290 tueris,

1446 2315 1676 2378 Respuis
1697 2314 1950 2376 oblatum,
1971 2328 2064 2377 pro
2082 2327 2182 2378 quo
2205 2312 2414 2362 labente
2435 2325 2514 2361 re-

1446 2389 1620 2442 sistis.’
1649 2391 1806 2441 Bern-

1459 2501 1472 2509 -
1518 2471 1807 2536 onerosum]
1841 2468 2035 2518 Ironia.
2070 2466 2206 2533 Lips-

1518 2547 1719 2603 Quoties
1743 2551 1936 2595 senator
1959 2550 2070 2594 tuus
2091 2544 2239 2593 nimia
2259 2543 2515 2608 modestia]

1453 2624 1614 2680 Quum
1633 2623 1780 2672 nimio
1797 2622 2046 2671 modestia.
2082 2621 2268 2671 Faber.

1515 2698 1688 2748 Nimia
1706 2696 1958 2759 modestia]
1990 2697 2155 2746 Recte
2168 2702 2326 2756 ,notat
2348 2695 2516 2746 Cella-¹

1450 2776 1576 2835 rius,
1601 2775 1711 2823 haec
1735 2787 1856 2822 casu
1877 2779 2027 2820 sexto
2049 2771 2191 2820 dicta
2214 2785 2363 2831 esse;
2397 2784 2513 2819 cnm

1449 2852 1655 2901 Plinius
1680 2852 1852 2900 dicere
1878 2848 2118 2911 voluerit,
2135 2848 2413 2911 Trojannm
2437 2848 2519 2896 ni·

1450 2930 1549 2978 mis
1583 2928 1867 2977 modestum
1890 2925 2119 2975 futurum
2146 2923 2325 2985 fuisse,
2345 2926 2392 2972 si
2416 2922 2518 2973 eti·

1451 3018 1534 3053 am
1569 3005 1801 3066 privatus
1835 3008 2127 3051 recusasset
2153 3001 2365 3050 tertium
2389 3013 2515 3048 con-

1449 3082 1697 3141 sulatum;
1724 3086 1915 3143 quanto
1933 3079 2095 3142 magis
2116 3077 2387 3140 princeps?
2419 3076 2517 3125 Ce-

1451 3164 1639 3211 terum.
1669 3163 1792 3205 ante
1828 3154 2132 3204 vocabulum
2170 3154 2339 3214 nimia,
2373 3153 2525 3203 esci-s

1451 3231 1591 3283 disse
1628 3233 1940 3294 particulam
1973 3245 2095 3292 oum,
2131 3231 2212 3279 vel
2242 3243 2399 3293 quum,
2426 3229 2516 3278 ob·

1451 3309 1681 3357 servavit
1725 3308 1788 3357 P.
1825 3308 2026 3369 Faber3
2073 3306 2334 3370 idemque,
2378 3312 2518 3355 teste

1451 3384 1553 3434 Th.
1586 3385 1816 3442 Hesi-ne,
1854 3384 1907 3432 in
1947 3397 2042 3433 suo
2075 3383 2210 3431 libro
2245 3382 2517 3431 annotavit

1451 3459 1563 3509 Jos.
1587 3458 1853 3521 Scaliger-3
1889 3471 2061 3521 neque
2094 3471 2247 3519 nego,
2282 3457 2363 3506 liic
2397 3469 2520 3518 perd

1453 3550 1604 3600 quam
1638 3534 1962 3585 commodum
1987 3535 2153 3582 locum
2174 3532 2262 3581 isti
2288 3531 2515 3594 particu-

1455 3613 1520 3660 1ae
1554 3624 1670 3660 esse
1702 3609 1889 3658 videri.
1954 3607 2029 3657 At
2061 3608 2218 3656 silent
2252 3608 2521 3670 hucusque

1453 3701 1629 3736 omnes
1645 3687 1850 3736 codices
1871 3684 1997 3733 Mss.
2015 3683 2236 3746 librique
2253 3682 2521 3746 impress53

1454 3775 1623 3826 neque
1660 3761 1866 3811 omnino
1903 3761 1988 3808 liic
2022 3758 2368 3809 necessariam
2401 3772 2520 3809 esse

1452 3839 1593 3887 illam
1619 3837 1928 3900 particulam
1950 3849 2156 3885 censeo.
2222 3834 2286 3884 In
2310 3843 2518 3883 antece-

1455 3914 1705 3963 dentibus
1743 3913 1935 3973 verbis,
1974 3925 2066 3974 pro
2098 3910 2361 3969 indixerat,
2395 3910 2523 3960 Phi:

1454 3990 1683 4041 lomnsus
1752 3988 1939 4039 vitiose
2015 3985 2183 4036 edidit
2246 3986 2519 4035 induxerat.

1458 4065 1714 4113 Schwarz.
2264 4094 2269 4101 -

1529 4140 1692 4188 Etiam
1722 4134 1965 4200 privatus]
1997 4134 2052 4184 Si
2088 4148 2275 4199 nempe
2307 4141 2518 4185 senatus

1459 4217 1717 4280 petiisset.
1751 4213 1919 4274 Lips.
2344 4246 2353 4255 .

1498 4292 1606 4342 An
1625 4290 1884 4342 consularis
1905 4288 1998 4340 viri
2016 4287 2403 4352 triumphalisque
2411 4286 2523 4351 flliq
