3017 4942
555 394 690 464 966

555 556 810 618 scriptum
844 560 927 606 est
958 560 1101 606 aucta
1136 570 1268 607 vero.
1337 557 1401 605 Iu
1443 556 1627 606 codiee

558 633 1023 697 Guelplnerbytano
1052 633 1133 681 has
1168 647 1321 682 voces
1349 633 1424 682 sic
1448 634 1627 695 legun·

558 715 824 770 tumarice«
845 710 1090 773 equidem.-
1120 710 1357 773 pleraque,
1372 710 1454 770 ξε.
1496 709 1627 757 Per·

557 786 736 850 placet
761 787 916 836 lectio
937 786 1131 836 codicis
1156 784 1495 847 parisiensis3
1534 783 1626 834 sed

558 862 628 911 ob
673 862 824 926 liujus
871 862 1030 911 solius
1081 862 1468 918 anctoritatem,
1511 875 1628 910 cum

560 939 704 988 nulla
742 946 927 1001 urgeat
964 939 1264 1002 necessitas,
1296 940 1416 988 nolo
1454 938 1628 988 dimit-

561 1021 681 1063 tere
717 1015 988 1063 lectionem
1025 1014 1303 1076 vulgatam.
1369 1015 1520 1074 Mox,
1545 1012 1630 1062 ubi

562 1091 716 1151 vulgo
751 1090 960 1153 legitur,
988 1092 1052 1139 ad
1083 1096 1311 1152 pretores
1338 1090 1630 1152 remittebat,

561 1166 727 1216 codex
761 1166 1042 1215 Vaticanus
1073 1170 1220 1216 3461.
1255 1174 1310 1216 et
1341 1166 1631 1230 Guelpher-

560 1241 806 1305 hymnus,
823 1243 1015 1291 habent
1032 1242 1348 1303 singularem
1363 1256 1631 1291 numerum

555 1324 845 1381 proetor0m‚·
879 1317 968 1366 sed
1003 1318 1123 1367 huic
1153 1318 1423 1368 mutationi
1449 1320 1628 1368 adver·

559 1402 745 1444 santur
776 1395 1052 1459 sequeutia
1081 1389 1260 1458 verba,
1282 1397 1299 1425 ⁸
1327 1402 1385 1444 ut
1410 1395 1633 1457 collegas

563 1470 814 1521 vocaret!
848 1473 998 1521 Idem.

562 1576 567 1587 ·
634 1546 852 1608 Collega·
885 1545 1101 1609 voearet]
1139 1546 1281 1596 Olim
1318 1549 1496 1598 Romae
1529 1562 1634 1597 om·

562 1638 658 1674 nes
718 1626 1055 1688 magistratus
1114 1626 1334 1689 maj0res
1391 1625 1637 1674 videntur

562 1709 580 1732 ⁸
608 1701 890 1766 praetores'
927 1702 1089 1764 dicti;
1136 1704 1217 1751 vel
1251 1701 1388 1767 quod
1428 1709 1635 1752 ceteros

562 1778 763 1829 honore
795 1778 1066 1841 praeirent,
1088 1779 1168 1828 vel
1199 1778 1334 1843 qnod
1366 1777 1480 1827 aliis
1504 1793 1635 1842 pre·

560 1861 759 1919 essem.
840 1853 1100 1915 Asconius
1147 1854 1211 1903 ad
1253 1855 1365 1904 Cic.
1404 1856 1559 1904 Verr.
1598 1869 1638 1904 ι.

562 1932 649 1981 14.
696 1931 965 1980 ‘Veteres
1009 1945 1213 1981 omnem
1258 1934 1639 1994 magistratum,

565 2009 653 2059 cni
687 2017 897 2074 pareret
928 2012 1214 2068 exercitus,
1238 2019 1520 2074 praetorem
1548 2027 1639 2075 ap-

565 2085 870 2151 pellarunt!
940 2089 1020 2137 De
1054 2087 1348 2136 consulibus
1374 2088 1639 2151 sigillatim

567 2161 683 2211 Cic.
716 2161 785 2210 de
821 2163 948 2224 Leg.
979 2176 1066 2219 ιιι.
1093 2166 1144 2212 3.
1180 2169 1196 2191 ‘
1222 2163 1386 2225 Regio
1421 2164 1640 2226 imperio

564 2235 673 2286 duo
695 2246 879 2299 σηοως
915 2238 1057 2303 iique
1080 2240 1385 2303 pra-eundo,
1400 2241 1640 2305 judican-

565 2311 656 2371 do,
703 2314 1044 2373 consulendo,
1094 2323 1370 2379 praetores,
1417 2312 1668 2382 Jndices,'

566 2392 827 2449 eonsules,
881 2392 1244 2456 appellantur!
1332 2396 1459 2444 Cum
1517 2410 1641 2445 vero

567 2469 806 2518 consules
851 2467 1214 2533 frequentibus
1261 2470 1410 2521 bellis
1453 2487 1641 2522 avoca·

565 2551 770 2606 rentur,
813 2545 1093 2607 peculiaris
1150 2547 1507 2610 magistratus,
1556 2548 1643 2608 qui

567 2623 587 2648 ⁸
613 2618 843 2682 praetor’
885 2619 1067 2693 audiit,
1105 2630 1314 2670 creatus
1358 2628 1436 2671 est
1472 2622 1538 2672 A.
1576 2623 1643 2672 U.

568 2697 686 2743 ⁸8⁴7.
708 2701 844 2744 teste
880 2695 995 2744 Liv.
1020 2700 1198 2746 stt-42.
1223 2707 1276 2747 et
1311 2699 1521 2762 quidem
1556 2713 1643 2747 co·

567 2770 732 2820 mitiis
786 2772 1118 2837 centuriatis,
1158 2775 1511 2838 auspiciisque
1560 2776 1645 2824 iis-

568 2846 712 2908 dem,
745 2847 932 2911 quibus
965 2851 1222 2900 consules.
1291 2851 1379 2900 Ob
1407 2851 1645 2914 negotio-

570 2937 683 2972 rum
720 2931 894 2974 autem
931 2926 1315 2977 multitudinem
1346 2926 1417 2977 A.
1436 2928 1506 2976 U.
1530 2932 1646 2977 51⁰.

572 2999 733 3050 etiarn
758 3002 893 3049 alter
914 3011 1122 3050 creatus
1147 3011 1228 3051 est
1251 3004 1269 3034 ⁸
1288 3003 1522 3066 praetor?
1556 3005 1644 3068 qui

462 3103 469 3108 ·
569 3076 587 3104 ⁸
612 3077 919 3140 peregrinus
935 3077 950 3100 '
972 3078 1155 3135 audiit,
1178 3080 1314 3143 quod
1343 3081 1480 3130 inter
1503 3080 1647 3130 cives

570 3160 630 3202 et
671 3154 972 3216 peregrinos
1004 3154 1094 3218 jus
1133 3156 1374 3218 diceret;
1418 3159 1497 3207 uti
1540 3158 1648 3220 ille,

574 3230 664 3295 qni
708 3230 845 3279 inter
895 3230 1034 3279 solos
1082 3232 1224 3281 cives
1272 3234 1649 3297 jus-dicebat,

569 3308 590 3336 ⁸
612 3313 811 3371 proetor
844 3306 1102 3356 urbanus?
1169 3310 1342 3359 Livius
1362 3312 1522 3374 -Epit.
1555 3313 1650 3361 lib.

576 3394 705 3433 xlx.
773 3381 969 3432 Postea
1008 3390 1064 3432 et
1099 3384 1274 3446 plures
1312 3395 1435 3436 sunt
1467 3389 1647 3438 creati.

572 3458 748 3512 Julius
774 3458 950 3507 Caesar
974 3465 1256 3522 proetorum
1281 3473 1553 3512 numerum
1582 3463 1647 3512 ad

572 3533 817 3584 sedecem
841 3535 1004 3584 anxit.
1064 3535 1458 3587 Diolib.11.1u.
1502 3537 1650 3588 Aux-

572 3610 621 3663 it
654 3618 711 3660 et
742 3609 1008 3672 Augustus
1042 3624 1312 3660 numerum
1345 3622 1650 3675 praetorum.

573 3685 791 3737 Sueten.
815 3684 951 3747 Aug.
974 3699 1023 3735 c.
1045 3688 1129 3735 37.
1150 3722 1177 3757 0.
1194 3686 1429 3749 Insignis
1458 3698 1654 3751 praeto·

576 3761 648 3811 ris
679 3759 827 3811 fuere
866 3775 960 3809 sex
999 3762 1210 3810 lictores
1247 3777 1365 3811 cum
1401 3761 1652 3828 fascibus,

575 3837 763 3889 saltem
784 3843 938 3886 extra
959 3836 1137 3885 urbem
1155 3853 1171 3899 ;
1205 3838 1332 3887 alias
1351 3839 1472 3889 duo.
1514 3841 1651 3889 Cen·

577 3914 780 3963 surinus
802 3913 867 3961 de
894 3914 994 3963 Die
1024 3914 1152 3964 Nat.
1174 3919 1331 3966 cdi.
1367 3922 1382 3944 ‘
1409 3917 1485 3965 M.
1501 3918 1650 3968 1²¹ae-

578 3989 767 4051 torius,
797 3989 1049 4054 tribunus,
1085 3990 1255 4054 plebis
1292 3993 1472 4042 scitum
1509 3995 1652 4057 tulit,

577 4066 633 4115 in
669 4079 772 4129 quo
815 4065 1069 4129 scriptum
1114 4075 1216 4122 est,
1251 4068 1462 4118 Praetor
1495 4069 1651 4120 urba,

578 4153 699 4195 nus.
720 4140 806 4202 qni
829 4154 964 4190 nunc
986 4149 1086 4201 est,
1107 4144 1303 4207 quique
1330 4145 1548 4207 posthac
1569 4144 1650 4195 fu·

579 4215 802 4272 anduno
836 4216 1044 4264 lictores
1079 4217 1220 4281 apud
1251 4233 1308 4267 se
1343 4220 1555 4279 habeto,
1585 4222 1650 4270 is·

581 4305 686 4358 que
730 4305 892 4357 usque
942 4291 1008 4343 ad
1058 4307 1353 4358 supremam
1388 4297 1474 4362 jus
1511 4298 1651 4350 inter

1140 392 1145 395 ’
1256 411 1476 462 norm,-
1528 410 1940 461 vAmomm
1991 411 2074 461 m

1704 555 1843 605 cives
1865 554 2062 606 dicito.’
2116 552 2234 604 Val.
2255 552 2401 604 Max.
2422 566 2463 602 ῐ.
2486 556 2531 601 l.
2545 557 2591 603 9.
2621 559 2637 584 ‘
2653 550 2743 605 Qui

1706 640 1925 696 pretor,
1957 648 1987 682 a
2027 639 2181 696 patre
2213 645 2326 688 suo.
2366 631 2571 694 collegii
2601 630 2744 679 Salio·

1705 722 1818 757 rum
1859 708 2121 771 magistro,
2147 708 2345 771 jussus,
2373 720 2464 755 sex
2499 705 2748 755 lictoribus

1706 781 2125 846 praecedentibus
2181 796 2325 831 arma
2370 781 2559 831 ancilia
2607 779 2747 828 tulin·

1707 856 1791 908 Ad
1823 859 2046 923 insignia
2074 864 2356 922 praetorum
2396 855 2643 921 pertinuit
2665 856 2748 905 eti·

1707 949 1790 983 arn
1832 943 1954 998 toga
1996 941 2269 999 pretexta,
2307 935 2436 983 sella
2471 932 2673 987 curulis.
2701 939 2752 981 et

1710 1011 1965 1072 tribunalg
1988 1012 2112 1061 item
2129 1012 2300 1068 hasta,
2320 1018 2375 1061 et
2395 1010 2626 1074 gladius:
2647 1023 2752 1073 qno·

1708 1101 1822 1137 rum
1845 1089 2038 1138 indicia
2054 1088 2268 1146 faciunt,
2288 1088 2405 1137 Liv.
2421 1102 2528 1137 vn.
2543 1092 2589 1136 1.
2602 1087 2753 1136 Tacit.

1709 1164 1900 1216 Annal.
1938 1179 1978 1215 1.
2013 1170 2096 1216 ‘1⁵-
2156 1166 2359 1215 Seneca
2393 1164 2462 1213 de
2499 1164 2752 1213 Brevitate

1708 1242 1868 1296 vitm,
1902 1256 2020 1305 cap.
2045 1245 2144 1307 11..
2190 1241 2329 1292 Quia
2362 1254 2488 1289 vero
2522 1245 2754 1303 praetores

1708 1318 1813 1366 'orti
1854 1326 2004 1367 erant
2052 1332 2083 1367 e
2132 1316 2390 1366 consulari
2442 1328 2665 1371 munere,
2706 1320 2753 1362 et

1711 1396 1940 1458 auspicia
1966 1396 2233 1460 multaque
2258 1392 2485 1456 insignia
2508 1406 2620 1441 cum
2650 1403 2756 1440 cou-

1709 1474 1906 1525 'sulibus
1965 1476 2229 1526 habebant
2278 1473 2604 1533 communia3
2654 1473 2754 1520 hine

1713 1554 1964 1616 appellati
2005 1561 2127 1603 sunt
2170 1560 2185 1582 ⁴
2218 1552 2431 1613 college
2477 1545 2755 1599 consulum!

1713 1629 1828 1677 Liv.
1863 1641 1968 1678 vn.
2004 1632 2050 1679 1.
2085 1628 2171 1678 ubi
2206 1627 2270 1677 de
2300 1627 2505 1690 origine
2538 1632 2753 1686 praetnre

1712 1714 1768 1757 et
1790 1709 1984 1757 curulis
2010 1707 2279 1757 aedilitatis
2303 1706 2443 1768 agit:
2477 1705 2494 1732 ⁶
2521 1703 2756 1753 Patricius

1714 1785 2051 1847 magistratus
2085 1781 2350 1834 curulibus
2378 1782 2521 1830 sellis
2556 1786 2758 1842 praetex·

1714 1867 1873 1922 tatus,
1929 1869 2175 1926 tanquam
2224 1858 2464 1908 consules
2517 1855 2757 1915 sedentes,

1714 1938 1979 1988 nobilitas-
1992 1937 2092 1986 sibi
2108 1937 2333 1996 sumsit;
2368 1941 2643 1997 praetorem
2662 1928 2756 1995 qui·

1714 2013 1835 2064 dem
1873 2015 2032 2065 etiam
2059 2010 2549 2078 jura‘reddentem‚
2584 2014 2636 2056 et
2668 2006 2757 2055 col·

1714 2092 1887 2155 legam
1921 2091 2238 2151 consulibus,
2270 2097 2426 2152 atque
2453 2086 2757 2135 ‘iisdem-au·

1714 2167 1892 2231 spiciis
1916 2164 2190 2217 creatum!
2255 2167 2561 2227 Quanquam
2593 2159 2758 2209 deinde

1716 2243 1801 2293 hic
1821 2243 1982 2292 honos
2004 2242 2162 2291 etiam
2187 2256 2303 2291 cum
2324 2239 2480 2304 plebe
2501 2236 2761 2288 communi·

1717 2324 1863 2370 catus
1898 2326 2016 2380 est3
2049 2331 2166 2367 cum
2203 2316 2269 2368 A.
2295 2315 2365 2366 U.
2385 2319 2508 2365 417.
2540 2315 2605 2366 Q.
2639 2311 2760 2361 Pub·

1718 2397 1819 2445 lius
1864 2395 2017 2445 Philo
2072 2395 2268 2458 primus
2313 2407 2344 2442 e
2387 2392 2542 2456 plebe
2594 2394 2760 2452 pra-tor

1718 2470 1904 2533 fleret3
1937 2478 1995 2520 ut
2016 2470 2191 2521 Livius
2212 2477 2393 2520 auctor
2418 2476 2522 2532 est,
2554 2479 2677 2516 vm.
2695 2468 2762 2513 15.

1722 2548 1805 2597 De
1856 2547 2184 2612 prm-toribus,
2235 2547 2447 2609 collegis
2497 2543 2762 2598 consulum,

1719 2623 1835 2675 Cic.
1869 2623 2036 2673 Atuc.
2070 2636 2151 2673 tx.
2182 2626 2234 2671 9.
2266 2630 2281 2653 ⁸
2305 2623 2572 2671 Praetores
2610 2626 2759 2668 antem

1719 2699 1796 2749 ita
1838 2706 2101 2762 rogantur,
2133 2698 2436 2765 (creantur)
2473 2707 2534 2748 ut
2570 2697 2759 2757 collega

1720 2777 1988 2826 consulum
2007 2777 2142 2837 sint;
2166 2792 2380 2841 quorum
2405 2777 2568 2840 majus
2580 2781 2665 2825 'est
2685 2774 2760 2822 im·

1722 2852 1962 2916 perium!
1995 2852 2197 2902 Gellius
2217 2866 2349 2903 xm.
2368 2857 2447 2903 15.
2471 2868 2535 2900 ex
2554 2852 2629 2901 M.
2647 2850 2761 2898 Mes·

1721 2930 1847 2979 salae
1872 2929 2084 2993 auguris
2100 2929 2248 2978 libris
2264 2929 2332 2977 de
2349 2928 2617 2991 auspiciis:
2637 2928 2653 2955 ‘
2666 2925 2765 2976 Col·

1719 3006 1854 3067 lega
1902 3020 2002 3054 non
2048 3013 2171 3055 sunt
2217 3019 2462 3054 censores
2506 3003 2763 3062 consulum,

1722 3088 1814 3130 arnt
1857 3087 2182 3144 praetorum3
2218 3090 2489 3145 praetores,
2524 3080 2763 3130 consulum

1723 3164 1865 3207 sunt.
1900 3192 1914 3207 .
1934 3191 1948 3207 .
1985 3157 2208 3221 Praetor,
2232 3157 2331 3206 etsi
2347 3158 2545 3220 collega
2562 3152 2762 3205 consulis

1725 3241 1827 3295 est,
1859 3248 2032 3298 neque
2067 3241 2368 3298 praetorem,
2401 3248 2571 3297 neque
2603 3243 2762 3281 cousu-

1724 3309 1846 3372 lem,
1870 3309 1991 3373 jure
2029 3323 2213 3373 rogare
2253 3318 2457 3373 potest;
2490 3318 2546 3358 ut
2579 3306 2760 3372 quidem

1725 3399 1817 3435 nos
1867 3399 1897 3434 a
1942 3386 2293 3449 superioribus
2337 3387 2640 3450 accepimus,
2686 3384 2762 3430 aut

1725 3470 1848 3510 ante
1867 3463 1982 3511 haec
2003 3469 2236 3526 tempora
2255 3470 2514 3512 servatum
2534 3469 2641 3510 est:
2662 3458 2761 3521 quis

1721 3538 1997 3602 imperium
2024 3539 2190 3589 minus
2217 3545 2428 3602 praetor,
2452 3539 2607 3601 majus
2625 3533 2760 3583 habet

1725 3618 1927 3681 consul,
1964 3626 2018 3667 et
2054 3634 2084 3667 a
2119 3617 2315 3668 minore
2353 3617 2566 3678 imperio
2595 3612 2769 3676 majus„

1726 3699 1816 3743 aut
1837 3694 2001 3757 major
2020 3693 2237 3756 collega,
2262 3694 2432 3755 rogari
2451 3692 2511 3756 (i.
2528 3707 2574 3742 e.
2594 3683 2759 3749 creari)

1717 3768 1840 3832 jure
1864 3783 1968 3818 non
1991 3767 2203 3833 potest.‘
2270 3769 2406 3817 Vide
2432 3769 2619 3831 reliqua
2639 3759 2754 3825 apud

1727 3848 1975 3899 Gellium.
2059 3846 2250 3908 Itaque
2294 3845 2544 3907 Trajanus
2584 3835 2756 3901 antiqui

1712 3922 1849 3988 juris
1899 3921 2074 3978 videri
2113 3920 2276 3968 voluit
2331 3917 2725 3968 retinentissimus
2736 3927 2752 3972 ς

1726 3999 1993 4065 qnoniam,
2011 3998 2134 4047 dum
2157 3996 2336 4046 consul
2361 4002 2513 4052 essct,
2535 4000 2753 4057 ρωποι-υ

1725 4077 1883 4127 etiarn
1930 4076 2155 4138 collegas
2196 4074 2506 4138 compellare
2539 4071 2750 4134 dignatus

1726 4159 1830 4202 est·
1859 4150 2013 4201 Idem.
2673 4158 2680 4169 '

1794 4226 2061 4292 Praetores]
2078 4224 2426 4289 Magistratus
2441 4239 2633 4276 summae
2646 4234 2742 4270 auc·

1725 4303 1958 4355 toritatis
1979 4304 2031 4354 in
2046 4302 2196 4367 urbe,
2210 4302 2299 4367 qul
2313 4302 2403 4367 jus
2426 4301 2613 4353 assidue
2630 4298 2742 4349 dire·
