3017 4942
482 395 616 461 604

487 556 643 606 Lucr.
671 567 751 604 vr.
779 557 924 605 1263.
948 551 1083 603 dixit
1115 552 1392 617 ‘aquarum
1420 557 1551 602 stra-

487 633 578 683 ta.’
645 631 845 681 Plinius
877 631 1053 694 Major
1088 644 1168 680 lv.
1206 634 1289 679 15.-
1323 629 1550 679 ‘Insuloe

418 722 429 739 ·
488 716 797 759 sternuntur
829 708 968 757 inter
995 706 1198 757 Heliam
1221 722 1281 757 ac
1301 704 1554 755 Flevum.⁹

489 785 649 846 Hinc,
688 782 825 849 quod
865 783 928 832 ad
966 781 1179 831 verbum
1210 782 1552 845 compositum

489 866 504 889 ‘
523 866 855 926 prosternere
875 858 890 881 '
913 859 1121 921 attinet,
1144 858 1446 924 praepositio
1465 873 1553 920 pro

1080 401 1087 406 ’
1181 407 1398 457 NOTAE
1446 405 1860 456 vARloRUM
1913 403 1994 454 IN

1626 555 1807 601 noster
1828 554 2090 615 praeterea
2113 549 2205 608 ait,
2238 548 2505 614 ‘campum
2526 548 2694 598 virtu·

1630 627 1767 677 tibus
1804 627 2017 691 Trajani
2054 627 2315 692 prosterni
2333 626 2367 689 ς’
2398 624 2698 691 significare

1628 705 1814 767 voluit,
1846 705 2018 769 parari
2057 719 2294 768 campum
2321 702 2695 766 planissimum,

1630 782 1681 830 in
1717 796 1821 846 quo
1858 795 2138 831 excurrere
2175 781 2397 831 virtutes
2427 779 2540 842 ejus
2568 794 2700 844 cog-

1629 860 1875 922 noscique
1912 858 2147 921 possint:
2184 858 2316 907 sicut
2351 857 2551 906 Plinius
2577 857 2699 905 Ma-

489 952 632 1001 saepe
672 952 771 987 non
809 944 976 987 mutat
1016 936 1263 1000 simplicis
1292 934 1551 999 signitica-
1620 934 1729 997 jor,
1764 948 1852 985 ιιι.
1888 940 1937 984 5.
1976 934 2196 998 simplici
2228 933 2389 984 verbo
2413 948 2552 994 usus,
2574 946 2699 997 pro-

493 1013 712 1071 tionem,
749 1013 847 1063 nisi
880 1012 1038 1078 qnod,
1064 1013 1303 1062 tradente
1324 1011 1552 1061 Priscia-

494 1105 584 1154 no,
605 1092 640 1140 1.
664 1104 789 1141 x1v.
812 1106 867 1155 p.
889 1095 1005 1142 996.
1033 1097 1048 1120 ‘
1067 1105 1160 1155 pro
1178 1090 1192 1113 '
1214 1096 1340 1140 tunc
1363 1103 1553 1139 conno-

498 1175 577 1219 tat
595 1169 610 1196 ‘
626 1167 787 1230 ante,'
811 1170 863 1219 in
886 1169 1094 1233 longum
1114 1184 1129 1229 ;
1167 1175 1224 1217 ut
1245 1169 1260 1197 ‘
1283 1166 1557 1231 proclivis,’

492 1243 900 1310 ‘procumbens,’
926 1243 1275 1308 ‘prostratus,'
1295 1259 1389 1307 pro
1411 1243 1555 1293 ‘sub-

494 1323 678 1387 igens.'
735 1322 798 1373 In
824 1337 926 1387 qua
945 1322 1123 1372 ultima
1143 1320 1404 1370 Prisciani
1429 1335 1557 1370 voce

493 1403 510 1427 ‘
539 1398 814 1463 subigens·
860 1400 1025 1448 haeret
1071 1398 1308 1448 mendum
1333 1413 1349 1459 3
1405 1396 1561 1447 scribi

495 1478 630 1527 enirn
669 1476 849 1527 debuit
891 1475 1169 1537 subjectus.‘
1228 1476 1367 1526 Nam
1408 1474 1561 1539 ‘pro-

494 1560 731 1603 sternere
751 1551 768 1575 '
810 1559 911 1615 est,
955 1550 1151 1614 facere,
1201 1560 1258 1603 ut
1305 1552 1439 1618 quis,
1479 1553 1562 1602 vel

497 1632 641 1698 quid,
665 1638 786 1682 ante
811 1632 939 1682 alios
971 1633 1169 1696 jaceat,
1194 1638 1284 1682 aut
1307 1632 1384 1681 eis
1408 1631 1563 1696 subji-

498 1710 686 1761 ciatur.
754 1710 896 1760 Hinc
931 1717 986 1759 et
1019 1710 1106 1775 qni
1130 1709 1378 1759 dicuntur
1408 1712 1424 1738 ‘
1447 1724 1564 1773 pro·

496 1791 730 1836 sternere
747 1801 819 1840 se,
844 1793 899 1835 et
914 1787 1211 1850 supplicare
1231 1785 1333 1845 iis‚'
1352 1784 1437 1850 (ut
1457 1787 1566 1838 Cic.

498 1861 635 1911 dixit
661 1876 754 1924 pro
773 1862 954 1911 Planc.
977 1877 1092 1926 cap.
1113 1860 1223 1928 20.)
1245 1863 1279 1912 ii
1304 1864 1564 1927 projicere

496 1952 556 1999 se
575 1939 638 1987 ad
664 1938 846 2002 pedes,
869 1952 929 1988 ac
953 1939 1216 2003 supplices
1247 1939 1361 1989 aliis
1384 1940 1449 1989 ad
1474 1955 1565 2005 pe·

499 2013 593 2063 des
631 2015 829 2078 jacere,
868 2020 926 2064 et
965 2030 1143 2065 eorum
1193 2016 1453 2066 voluntati
1509 2031 1567 2065 se

497 2091 772 2156 subjicere,
817 2093 1198 2157 intelliguntur.
1267 2091 1415 2146 Idem
1456 2092 1569 2144 Cic.

499 2184 596 2234 pro
632 2171 805 2233 Ligar.
846 2185 964 2234 cap.
1000 2176 1050 2219 ⁵.
1085 2172 1099 2198 ‘
1122 2170 1359 2221 Petimus
1398 2172 1568 2235 preci-

501 2247 594 2296 bus
619 2254 673 2296 et
691 2247 916 2297 lacrimis
937 2249 1183 2311 prostrati
1204 2248 1266 2298 ad
1288 2250 1447 2313 pedes
1464 2266 1477 2299 τ
1494 2285 1509 2301 .
1527 2282 1571 2298 ..

500 2332 558 2374 tu
583 2339 678 2375 nos
709 2326 950 2390 jacentes
985 2326 1047 2374 ad
1085 2326 1244 2389 pedes
1273 2328 1567 2391 supplicum

503 2407 630 2453 voce
654 2400 949 2466 prohibebis
967 2404 1017 2457 P.
1067 2403 1288 2453 Sueton.
1321 2404 1431 2455 Jul.
1457 2420 1574 2469 cap.

499 2483 550 2528 2.
581 2480 597 2506 ⁶
623 2480 746 2530 Non
779 2480 888 2530 sine
919 2494 1124 2530 rumore
1157 2487 1432 2543 prostratas
1459 2482 1570 2544 regi

503 2555 769 2619 pudicitiae
790 2555 822 2620 ;’
842 2556 948 2619 ubi,
969 2557 1270 2621 pudicitiam
1289 2558 1399 2621 regi
1418 2557 1434 2585 ⁸
1453 2572 1570 2621 pro-

500 2634 770 2698 sternere,'
804 2640 906 2695 est,
943 2632 1280 2683 substernere
1319 2641 1376 2683 et
1411 2634 1571 2698 subji-

502 2723 621 2760 cere
669 2711 977 2775 pudicitiam
1019 2711 1221 2761 libidini
1260 2712 1418 2774 regis.
1482 2709 1571 2760 Sic

503 2789 640 2837 enim
685 2789 820 2838 idem
869 2788 1115 2852 loquitur,
1160 2788 1298 2850 Aug.
1338 2802 1456 2850 cap.
1490 2791 1574 2835 68.

500 2863 851 2914 ‘Pudicitiam
878 2863 1015 2913 Aulo
1053 2863 1209 2913 etiam
1242 2861 1423 2914 Hirtio
1453 2863 1574 2913 sub-

506 2942 730 2993 stravit-³
772 2943 863 2993 Sic
887 2943 1111 3005 Plinius,
1134 2942 1220 2992 ubi
1252 2943 1403 3004 dixit,
1439 2948 1456 2972 ‘
1471 2942 1575 2991 vir·

507 3021 708 3070 tutibus
729 3020 940 3083 Trajani
963 3019 1233 3070 materiem
1260 3019 1520 3083 prosterni
1541 3017 1576 3081 ς’

508 3096 689 3148 idalii
725 3097 994 3153 dixissent,
1030 3097 1045 3124 ⁶
1068 3097 1336 3146 materiem
1370 3096 1577 3160 subjici,

509 3181 601 3224 aut
619 3170 875 3238 praeberi?
930 3173 1018 3224 Sic
1042 3173 1154 3225 Cic.
1177 3173 1245 3223 de
1268 3173 1440 3224 Finib.
1463 3189 1579 3244 cap.

510 3253 593 3300 18.
625 3251 754 3300 ‘Est
787 3250 875 3299 illa
905 3243 1146 3314 subjecta
1174 3250 1323 3315 quasi
1358 3253 1577 3301 materia

510 3327 824 3392 sapientiae.'
908 3328 1057 3378 Idem
1102 3328 1170 3378 de
1223 3328 1376 3380 Orat.
1414 3344 1455 3380 ι.
1495 3334 1581 3379 46.

509 3409 524 3435 ‘
545 3405 695 3467 Haec,
716 3412 956 3470 tanquam
983 3405 1443 3471 aliquamaterieS,
1465 3421 1579 3456 ora·

511 3482 711 3535 toribus
736 3483 972 3548 subjecta
991 3498 1105 3532 esse
1123 3481 1362 3534 debent!
1414 3484 1580 3533 Sene·

509 3574 571 3609 ca
605 3565 780 3609 autem
816 3559 882 3607 de
916 3558 1135 3609 Provid.
1170 3574 1289 3622 cap.
1311 3560 1363 3606 4.
1393 3558 1582 3622 ‘Mag-

510 3649 607 3686 nus
633 3652 688 3686 es
715 3635 820 3699 vit-3
855 3635 944 3685 sed
968 3636 1105 3686 unde
1129 3637 1255 3694 scio',
1286 3637 1328 3685 si
1357 3636 1455 3686 tibi
1475 3634 1583 3684 for-

514 3720 639 3774 tuna
671 3729 775 3764 non
810 3714 900 3763 dat
930 3712 1240 3764 facultatem
1266 3713 1582 3765 exhibendae

512 3792 720 3842 virtutis
739 3793 759 3841 ἔ
782 3827 795 3841 .
811 3823 825 3840 .
842 3824 858 3840 .
873 3791 1014 3855 Ipsis
1030 3792 1179 3840 Deus
1202 3791 1442 3854 consulit,
1456 3804 1584 3855 quos

514 3886 627 3920 esse
661 3885 814 3935 quam
845 3869 1236 3919 honestissimos
1271 3870 1436 3932 cupit,
1459 3882 1586 3932 qno·

513 3948 614 3997 ties
658 3947 757 3996 illis
804 3945 1076 4002 materiem
1134 3935 1340 4009 praebet
1385 3942 1583 4008 aliquid

515 4023 741 4073 animose
757 4017 1066 4087 fortiterque
1080 4019 1307 4070 faciendi
1323 4017 1416 4083 3ad
1430 4034 1585 4085 qnam

517 4114 622 4150 rem
647 4087 780 4162 opus
803 4105 884 4147 est
913 4098 1086 4163 aliqua
1112 4112 1283 4147 rerum
1310 4095 1588 4148 difficulta-

513 4174 603 4227 te!
669 4175 741 4224 Et
775 4173 919 4230 alibi,
943 4175 961 4203 ‘
981 4173 1184 4223 Felicia
1213 4173 1382 4223 omnia
1418 4181 1473 4225 et
1496 4173 1588 4223 ob-

514 4252 788 4316 sequentia
811 4262 911 4299 non
937 4249 1174 4311 praebent
1197 4251 1466 4299 materiem
1493 4264 1586 4299 ex·

519 4330 758 4383 ercendae
801 4325 1163 4378 fortitudinis!
1231 4323 1337 4382 Ubi
1384 4325 1586 4378 Plinius

451 4731 595 4895 Ι

1631 1012 1744 1076 prie
1766 1012 1919 1075 dixit,
1956 1017 1969 1041 ‘
1990 1012 2128 1062 Hinc
2151 1012 2277 1061 felix
2303 1011 2385 1060 illa
2411 1010 2704 1076 Campania

1630 1095 1727 1138 est.
1751 1124 1766 1139 .
1786 1120 1798 1136 .
1816 1123 1831 1138 .
1854 1089 1938 1138 Ibi
1975 1089 2225 1138 Laborini
2262 1089 2430 1152 campi
2457 1087 2700 1137 sternun‘·

1630 1166 1756 1218 tur.’
1822 1168 1998 1218 Verbo
2021 1170 2158 1218 enim
2193 1168 2292 1218 hoc
2329 1168 2553 1218 maxime
2588 1165 2704 1231 pla'«

1632 1245 1816 1294 niciem
1838 1259 2137 1307 camporum
2166 1248 2415 1310 respexit.
2449 1246 2604 1294 Idem.

1629 1347 1635 1355 ·
1698 1323 1915 1372 Adversa
1935 1324 2156 1387 magnos]
2201 1323 2399 1373 Seneca
2422 1322 2489 1372 de
2512 1320 2704 1372 Provi-

1633 1400 1839 1450 dentia:
1880 1401 2139 1461 ‘Magnus
2181 1415 2236 1449 es
2282 1400 2396 1462 vir3
2432 1399 2522 1448 sed
2560 1398 2704 1448 unde

1635 1478 1762 1540 scio,
1799 1478 1842 1526 si
1881 1477 1973 1526 tibi
2013 1475 2221 1526 fortuna
2264 1491 2363 1525 non
2406 1475 2502 1524 dat
2532 1473 2707 1525 facul-

1637 1562 1798 1605 tatem
1834 1554 2140 1604 exhibendae
2178 1554 2382 1603 virtutis
2408 1551 2445 1602 ?'
2496 1557 2553 1602 et
2586 1558 2707 1602 toto

1638 1646 1699 1681 eo
1721 1631 1897 1679 libello
1919 1633 2088 1693 (certe
2118 1629 2303 1695 aureo)
2334 1638 2706 1695 argumentum

1636 1709 1732 1758 lioc
1762 1714 2072 1771 pertractat.
2106 1709 2245 1771 Lips.

1704 1785 2050 1835 Percrebuerat
2102 1784 2392 1849 antiquitus]
2451 1785 2521 1834 Et
2578 1798 2707 1834 sane

1640 1862 1773 1911 bene
1797 1862 2082 1927 antiquitus
2116 1876 2266 1924 opem
2292 1861 2433 1910 illinc
2460 1876 2492 1910 a
2516 1851 2710 1911 Roma}

1639 1939 1718 1988 nis
1755 1939 1957 2002 reperio
1999 1940 2239 2002 petitam.
2292 1938 2357 1988 In
2398 1939 2708 2003 Polybianis

1640 2014 1985 2078 fragmentis:
2034 2016 2096 2064 Οἱ
2141 2014 2355 2077 Ῥωμαῖοι
2407 2015 2712 2078 πρεσβευτὰς

1642 2091 1981 2154 ἐξαπέστειλαν
2000 2090 2113 2156 πρὸς
2134 2092 2449 2153 Πτολεμαῖον,
2469 2087 2713 2153 βουλόμε-

1640 2187 1713 2219 νοι
1754 2167 1875 2231 σίτῳ
1915 2170 2260 2233 χορηγηθῆναι,
2288 2168 2364 2218 διὰ
2395 2167 2455 2217 τὸ
2485 2166 2716 2230 μεγάλην

1642 2246 1757 2299 εἶναι
1772 2248 1879 2312 παρ’
1896 2247 2055 2297 αὐτοῖς
2075 2244 2262 2295 σπάνιν.
2297 2247 2504 2296 Romani
2525 2247 2716 2310 legatos

1642 2329 1706 2377 ad
1738 2328 2047 2377 Ptolemoeum
2083 2324 2333 2387 miserunt,
2363 2328 2582 2386 petentes
2595 2324 2715 2384 fra·

1642 2403 1793 2453 menti
1807 2402 1902 2451 sibi
1922 2404 2101 2465 copiam
2110 2401 2249 2466 fieri,
2266 2400 2401 2461 cujus
2421 2401 2584 2465 inopia
2602 2414 2717 2464 pre-

1641 2481 1910 2531 mebuntur.
1978 2479 2096 2529 Hoc
2119 2476 2319 2528 factum
2346 2476 2482 2526 bello
2507 2477 2718 2526 Punico

1644 2559 1892 2620 secundo,
1936 2570 2051 2606 cum
2098 2554 2255 2605 Italia
2300 2559 2414 2603 tota
2458 2562 2610 2603 vasta
2647 2553 2715 2603 ab

1646 2633 1942 2684 Hannibale
1966 2632 2084 2681 fuit.
2127 2631 2341 2680 Factum
2362 2638 2416 2678 et
2439 2630 2568 2678 alias
2586 2645 2601 2691 ;
2619 2627 2717 2679 sed

1647 2711 1808 2760 Plinii
1843 2719 2017 2759 tamen
2054 2709 2140 2758 bic
2182 2708 2344 2758 dictio
2374 2714 2581 2770 spectat
2606 2705 2717 2757 Au·

1650 2789 1790 2852 gusti
1826 2796 2064 2851 tempora
2100 2787 2344 2844 maxime,
2366 2792 2422 2834 et
2444 2784 2718 2848 deincepS,

1648 2880 1766 2915 cum
1827 2865 2036 2928 publica
2089 2859 2331 2913 instituta
2374 2860 2719 2911 frumentatio

1649 2941 1867 2992 fundum
1904 2948 1960 2992 et
1995 2940 2390 2991 fundamentum
2421 2939 2642 2989 liaberet
2664 2939 2719 2989 in

1653 3017 1832 3069 Africa
1853 3026 1907 3067 et
1931 3018 2175 3082 AEgypto.
2198 3018 2349 3067 Idem.
2382 3034 2389 3039 ·

1721 3094 2091 3157 Percrebuerat]
2126 3095 2386 3143 Discimus
2422 3107 2450 3142 e
2495 3092 2718 3159 Polybio

1653 3171 1707 3222 in
1734 3173 1935 3237 Fragm.
1960 3177 2016 3220 et
2040 3171 2155 3220 Liv.
2176 3170 2229 3220 in
2253 3170 2389 3218 bello
2413 3170 2615 3219 Punico
2640 3184 2720 3218 se·

1656 3249 1841 3305 cundo,
1890 3248 2144 3297 Romanos
2178 3247 2375 3296 misisse
2408 3247 2610 3310 legatos
2653 3243 2718 3295 ad

1657 3326 2022 3386 Ptolemaeum,
2063 3329 2331 3387 petentes,
2370 3330 2428 3372 ut
2473 3322 2574 3372 sibi
2609 3317 2720 3372 frn‘·

1656 3402 1815 3451 menti
1847 3402 2050 3464 copiam
2089 3398 2321 3460 faceret;
2358 3398 2507 3463 cujus
2541 3397 2722 3462 inopia

1657 3486 1788 3528 tunc¹
1807 3476 2025 3527 Romani
2049 3475 2433 3539 premebantur.
2501 3475 2574 3525 Et
2594 3475 2721 3525 Sue·

1657 3560 1767 3604 ton.
1808 3552 1946 3616 Aug.
1988 3568 2106 3617 cap.
2143 3556 2225 3601 18.
2257 3552 2362 3602 ‘Ut
2402 3546 2724 3616 AEgyptum,'

1655 3632 1840 3697 inquit,
1890 3629 2253 3690 ‘feraciorem,
2306 3628 2721 3695 habilioremque

1660 3723 1877 3760 annouae
1901 3706 2095 3757 urbicae
2131 3705 2395 3763 redderet,
2419 3704 2589 3760 fossas
2615 3719 2722 3756 om-

1658 3797 1770 3843 nes,
1792 3786 1845 3835 in
1870 3798 1996 3850 quas
2022 3783 2175 3834 Nilus
2208 3790 2487 3841 exaestuat,
2508 3783 2724 3834 oblima⁶

1660 3868 1740 3912 tas
1765 3864 1915 3924 longa
1951 3864 2234 3922 vetustate,
2272 3859 2486 3908 militari
2508 3873 2611 3923 ope
2632 3859 2723 3911 de·

1658 3937 1845 3989 tersit.'
1913 3939 1999 3988 De
2024 3936 2204 3986 eadem
2236 3934 2506 3999 provincia
2543 3935 2722 4000 Hege-

1658 4015 1858 4078 slppus,
1881 4025 1945 4063 n.
1968 4016 2018 4062 9.
2052 4014 2067 4041 ⁸
2089 4012 2246 4076 Cujus
2268 4012 2517 4061 naturalis
2539 4009 2722 4063 secun}

1660 4091 1799 4141 ditas
1843 4089 2091 4140 Romanis
2140 4087 2348 4149 militat',
2398 4096 2453 4138 ut
2497 4094 2722 4154 quatuor

1659 4166 1920 4217 mensibus
1941 4164 2177 4214 dominos
2202 4163 2341 4212 alat!
2373 4164 2596 4216 Palm-ol.

1733 4243 1941 4293 Ventoso
1962 4246 2009 4290 et
2032 4240 2237 4288 insolens
2256 4238 2413 4301 notio]
2450 4239 2595 4289 Flav.
2618 4238 2726 4289 Voae

1662 4320 1838 4386 piscus
1861 4318 1916 4368 in
1950 4318 2164 4370 Saturn.
2190 4318 2242 4366 ⁷.
2286 4316 2301 4345 ‘
2319 4316 2449 4367 Sunt
2474 4312 2722 4381 AEgyptii,
