<?xml version="1.0" encoding="UTF-8"?>
<!DOCTYPE html PUBLIC "-//W3C//DTD XHTML 1.0 Transitional//EN"
    "http://www.w3.org/TR/xhtml1/DTD/xhtml1-transitional.dtd">
<html xmlns="http://www.w3.org/1999/xhtml" xml:lang="en" lang="en">
 <head>
  <title>
</title>
<meta http-equiv="Content-Type" content="text/html;charset=utf-8" />
  <meta name='ocr-system' content='tesseract 3.04.00' />
  <meta name='ocr-capabilities' content='ocr_page ocr_carea ocr_par ocr_line ocrx_word'/>
</head>
<body>
  <div class='ocr_page' id='page_1' title='image "./panegyriciveter01unkngoog_0377.png"; bbox 0 0 3017 4942; ppageno 0'>
   <div class='ocr_carea' id='block_1_1' title="bbox 711 408 2050 506">
    <p class='ocr_par' dir='ltr' id='par_1_1' title="bbox 711 408 2050 506">
     <span class='ocr_line' id='line_1_1' title="bbox 711 408 2050 506; baseline 0.003 -4"><span class='ocrx_word' id='word_1_1' title='bbox 711 412 776 503; x_wconf 75' lang='lat' dir='ltr'>c.</span> <span class='ocrx_word' id='word_1_2' title='bbox 821 408 1450 504; x_wconf 45' lang='lat' dir='ltr'>Pumn&#39;sacunm</span> <span class='ocrx_word' id='word_1_3' title='bbox 1504 452 1785 506; x_wconf 67' lang='lat' dir='ltr'>nnuc.</span> <span class='ocrx_word' id='word_1_4' title='bbox 1861 441 2050 506; x_wconf 85' lang='lat'><strong>1.55.</strong></span> 
     </span>
    </p>
   </div>
   <div class='ocr_carea' id='block_1_2' title="bbox 251 596 1342 4428">
    <p class='ocr_par' dir='ltr' id='par_1_2' title="bbox 275 596 1340 1051">
     <span class='ocr_line' id='line_1_2' title="bbox 275 596 1340 664; baseline -0.003 -13"><span class='ocrx_word' id='word_1_5' title='bbox 275 604 418 651; x_wconf 80' lang='lat' dir='ltr'>rator</span> <span class='ocrx_word' id='word_1_6' title='bbox 438 596 566 649; x_wconf 86' lang='lat' dir='ltr'>nihil</span> <span class='ocrx_word' id='word_1_7' title='bbox 591 596 787 664; x_wconf 79' lang='lat' dir='ltr'>duplex</span> <span class='ocrx_word' id='word_1_8' title='bbox 822 596 1060 663; x_wconf 82' lang='lat' dir='ltr'>proferre</span> <span class='ocrx_word' id='word_1_9' title='bbox 1082 605 1171 649; x_wconf 84' lang='lat' dir='ltr'>sut</span> <span class='ocrx_word' id='word_1_10' title='bbox 1196 599 1340 664; x_wconf 77' lang='lat' dir='ltr'>cogi·</span> 
     </span>
     <span class='ocr_line' id='line_1_3' title="bbox 278 675 1339 741; baseline -0.001 -14"><span class='ocrx_word' id='word_1_11' title='bbox 278 684 393 727; x_wconf 85' lang='lat' dir='ltr'>tsre</span> <span class='ocrx_word' id='word_1_12' title='bbox 434 675 611 741; x_wconf 85' lang='lat' dir='ltr'>potuit</span> <span class='ocrx_word' id='word_1_13' title='bbox 647 690 743 740; x_wconf 87' lang='lat' dir='ltr'>per</span> <span class='ocrx_word' id='word_1_14' title='bbox 778 683 1010 735; x_wconf 64' lang='lat' dir='ltr'>etatem,</span> <span class='ocrx_word' id='word_1_15' title='bbox 1050 676 1143 726; x_wconf 87' lang='lat' dir='ltr'>sed</span> <span class='ocrx_word' id='word_1_16' title='bbox 1180 690 1339 726; x_wconf 67' lang='lat' dir='ltr'>verax</span> 
     </span>
     <span class='ocr_line' id='line_1_4' title="bbox 278 753 1339 805; baseline 0.001 -3"><span class='ocrx_word' id='word_1_17' title='bbox 278 753 390 804; x_wconf 79' lang='lat' dir='ltr'>fore</span> <span class='ocrx_word' id='word_1_18' title='bbox 413 753 765 805; x_wconf 85' lang='lat' dir='ltr'>credebatur.&#39;</span> <span class='ocrx_word' id='word_1_19' title='bbox 816 755 919 805; x_wconf 82' lang='lat' dir='ltr'>Dio</span> <span class='ocrx_word' id='word_1_20' title='bbox 939 755 1033 805; x_wconf 87' lang='lat' dir='ltr'>lib.</span> <span class='ocrx_word' id='word_1_21' title='bbox 1056 767 1219 804; x_wconf 65' lang='lat' dir='ltr'>tvm.</span> <span class='ocrx_word' id='word_1_22' title='bbox 1274 754 1339 804; x_wconf 89' lang='lat' dir='ltr'>Iu</span> 
     </span>
     <span class='ocr_line' id='line_1_5' title="bbox 278 828 1340 895; baseline 0.001 -17"><span class='ocrx_word' id='word_1_23' title='bbox 278 831 438 880; x_wconf 84' lang='lat' dir='ltr'>sacris</span> <span class='ocrx_word' id='word_1_24' title='bbox 457 831 624 883; x_wconf 84' lang='lat' dir='ltr'>Jobus</span> <span class='ocrx_word' id='word_1_25' title='bbox 660 831 676 858; x_wconf 90' lang='lat'>‘</span> <span class='ocrx_word' id='word_1_26' title='bbox 696 830 774 881; x_wconf 80' lang='lat' dir='ltr'>vir</span> <span class='ocrx_word' id='word_1_27' title='bbox 794 831 1016 895; x_wconf 79' lang='lat' dir='ltr'><strong>simplex</strong></span> <span class='ocrx_word' id='word_1_28' title='bbox 1052 838 1110 881; x_wconf 87' lang='lat' dir='ltr'>et</span> <span class='ocrx_word' id='word_1_29' title='bbox 1136 835 1308 880; x_wconf 86' lang='lat' dir='ltr'>rectus</span> <span class='ocrx_word' id='word_1_30' title='bbox 1323 828 1340 853; x_wconf 86' lang='lat'>’</span> 
     </span>
     <span class='ocr_line' id='line_1_6' title="bbox 275 906 1340 972; baseline 0.001 -16"><span class='ocrx_word' id='word_1_31' title='bbox 275 906 540 957; x_wconf 76' lang='lat' dir='ltr'>landatur.</span> <span class='ocrx_word' id='word_1_32' title='bbox 591 907 687 958; x_wconf 86' lang='lat' dir='ltr'>I-Iis</span> <span class='ocrx_word' id='word_1_33' title='bbox 703 915 1039 972; x_wconf 88' lang='lat' dir='ltr'>opponuntur</span> <span class='ocrx_word' id='word_1_34' title='bbox 1057 906 1209 967; x_wconf 81' lang='lat' dir='ltr'>vafri,</span> <span class='ocrx_word' id='word_1_35' title='bbox 1226 922 1340 958; x_wconf 82' lang='lat' dir='ltr'>ver·</span> 
     </span>
     <span class='ocr_line' id='line_1_7' title="bbox 275 984 886 1051; baseline 0.002 -17"><span class='ocrx_word' id='word_1_36' title='bbox 275 984 396 1051; x_wconf 86' lang='lat' dir='ltr'>suti,</span> <span class='ocrx_word' id='word_1_37' title='bbox 419 987 676 1050; x_wconf 80' lang='lat' dir='ltr'>duplices.</span> <span class='ocrx_word' id='word_1_38' title='bbox 731 987 886 1038; x_wconf 75' lang='lat' dir='ltr'>Bm.</span> 
     </span>
    </p>

    <p class='ocr_par' dir='ltr' id='par_1_3' title="bbox 338 1061 1339 1127">
     <span class='ocr_line' id='line_1_8' title="bbox 338 1061 1339 1127; baseline 0 -13"><span class='ocrx_word' id='word_1_39' title='bbox 338 1064 657 1127; x_wconf 77' lang='lat' dir='ltr'>Simplicitnti</span> <span class='ocrx_word' id='word_1_40' title='bbox 681 1061 802 1126; x_wconf 72' lang='lat' dir='ltr'>tuce]</span> <span class='ocrx_word' id='word_1_41' title='bbox 838 1064 886 1114; x_wconf 92' lang='lat'>1.</span> <span class='ocrx_word' id='word_1_42' title='bbox 908 1079 957 1113; x_wconf 87' lang='lat' dir='ltr'>e.</span> <span class='ocrx_word' id='word_1_43' title='bbox 993 1062 1209 1114; x_wconf 81' lang='lat' dir='ltr'>candori</span> <span class='ocrx_word' id='word_1_44' title='bbox 1233 1067 1339 1114; x_wconf 89' lang='lat' dir='ltr'>tuo.</span> 
     </span>
    </p>

    <p class='ocr_par' dir='ltr' id='par_1_4' title="bbox 258 1139 1342 2663">
     <span class='ocr_line' id='line_1_9' title="bbox 270 1139 1340 1203; baseline -0.002 -14"><span class='ocrx_word' id='word_1_45' title='bbox 270 1139 420 1189; x_wconf 87' lang='lat' dir='ltr'>Bene</span> <span class='ocrx_word' id='word_1_46' title='bbox 456 1139 764 1190; x_wconf 87' lang='lat' dir='ltr'>Buchnerus</span> <span class='ocrx_word' id='word_1_47' title='bbox 800 1140 864 1190; x_wconf 84' lang='lat' dir='ltr'>ad</span> <span class='ocrx_word' id='word_1_48' title='bbox 900 1140 1042 1190; x_wconf 87' lang='lat' dir='ltr'>Plin.</span> <span class='ocrx_word' id='word_1_49' title='bbox 1065 1139 1233 1203; x_wconf 86' lang='lat' dir='ltr'>Epist.</span> <span class='ocrx_word' id='word_1_50' title='bbox 1258 1153 1340 1190; x_wconf 78' lang='lat' dir='ltr'>vl.</span> 
     </span>
     <span class='ocr_line' id='line_1_10' title="bbox 270 1216 1342 1281; baseline 0 -17"><span class='ocrx_word' id='word_1_51' title='bbox 270 1219 353 1266; x_wconf 70' lang='lat'>81.</span> <span class='ocrx_word' id='word_1_52' title='bbox 403 1217 546 1267; x_wconf 82' lang='lat' dir='ltr'>‘Est</span> <span class='ocrx_word' id='word_1_53' title='bbox 583 1224 637 1265; x_wconf 91' lang='lat' dir='ltr'>et</span> <span class='ocrx_word' id='word_1_54' title='bbox 678 1217 970 1281; x_wconf 76' lang='lat' dir='ltr'>appellatur</span> <span class='ocrx_word' id='word_1_55' title='bbox 1016 1216 1342 1280; x_wconf 78' lang='lat' dir='ltr'>simplicitas,</span> 
     </span>
     <span class='ocr_line' id='line_1_11' title="bbox 270 1292 1340 1357; baseline 0 -15"><span class='ocrx_word' id='word_1_56' title='bbox 270 1307 387 1342; x_wconf 87' lang='lat' dir='ltr'>cum</span> <span class='ocrx_word' id='word_1_57' title='bbox 425 1298 628 1356; x_wconf 83' lang='lat' dir='ltr'>aperte,</span> <span class='ocrx_word' id='word_1_58' title='bbox 659 1293 898 1351; x_wconf 84' lang='lat' dir='ltr'>candide,</span> <span class='ocrx_word' id='word_1_59' title='bbox 932 1292 1117 1355; x_wconf 83' lang='lat' dir='ltr'>iibere,</span> <span class='ocrx_word' id='word_1_60' title='bbox 1146 1298 1201 1343; x_wconf 88' lang='lat' dir='ltr'>et</span> <span class='ocrx_word' id='word_1_61' title='bbox 1231 1294 1340 1357; x_wconf 79' lang='lat' dir='ltr'>sgi-</span> 
     </span>
     <span class='ocr_line' id='line_1_12' title="bbox 269 1370 1339 1436; baseline 0.001 -17"><span class='ocrx_word' id='word_1_62' title='bbox 269 1383 384 1420; x_wconf 84' lang='lat' dir='ltr'>mus</span> <span class='ocrx_word' id='word_1_63' title='bbox 417 1371 596 1420; x_wconf 83' lang='lat' dir='ltr'>omnia</span> <span class='ocrx_word' id='word_1_64' title='bbox 629 1377 685 1420; x_wconf 87' lang='lat' dir='ltr'>et</span> <span class='ocrx_word' id='word_1_65' title='bbox 724 1370 1011 1436; x_wconf 85' lang='lat' dir='ltr'>loquimur:</span> <span class='ocrx_word' id='word_1_66' title='bbox 1061 1371 1185 1421; x_wconf 87' lang='lat' dir='ltr'>nibil</span> <span class='ocrx_word' id='word_1_67' title='bbox 1233 1385 1339 1420; x_wconf 86' lang='lat' dir='ltr'>ma·</span> 
     </span>
     <span class='ocr_line' id='line_1_13' title="bbox 268 1446 1340 1517; baseline 0.001 -22"><span class='ocrx_word' id='word_1_68' title='bbox 268 1446 521 1511; x_wconf 78' lang='lat' dir='ltr'>lignitati,</span> <span class='ocrx_word' id='word_1_69' title='bbox 560 1446 714 1504; x_wconf 80' lang='lat' dir='ltr'>fucis,</span> <span class='ocrx_word' id='word_1_70' title='bbox 752 1446 1055 1517; x_wconf 74' lang='lat' dir='ltr'>adulationi,</span> <span class='ocrx_word' id='word_1_71' title='bbox 1094 1446 1340 1512; x_wconf 86' lang='lat' dir='ltr'>relinqui·</span> 
     </span>
     <span class='ocr_line' id='line_1_14' title="bbox 263 1523 1341 1587; baseline 0.004 -15"><span class='ocrx_word' id='word_1_72' title='bbox 263 1537 380 1573; x_wconf 84' lang='lat' dir='ltr'>mus</span> <span class='ocrx_word' id='word_1_73' title='bbox 402 1524 526 1587; x_wconf 84' lang='lat' dir='ltr'>loci,</span> <span class='ocrx_word' id='word_1_74' title='bbox 544 1538 662 1573; x_wconf 89' lang='lat' dir='ltr'>cnm</span> <span class='ocrx_word' id='word_1_75' title='bbox 684 1537 782 1573; x_wconf 89' lang='lat' dir='ltr'>nec</span> <span class='ocrx_word' id='word_1_76' title='bbox 806 1523 1105 1573; x_wconf 73' lang='lat' dir='ltr'>insidiamur</span> <span class='ocrx_word' id='word_1_77' title='bbox 1127 1524 1261 1587; x_wconf 72' lang='lat' dir='ltr'>aliis,</span> <span class='ocrx_word' id='word_1_78' title='bbox 1284 1530 1341 1576; x_wconf 80' lang='lat' dir='ltr'>et</span> 
     </span>
     <span class='ocr_line' id='line_1_15' title="bbox 268 1599 1339 1664; baseline 0.004 -16"><span class='ocrx_word' id='word_1_79' title='bbox 268 1599 335 1649; x_wconf 86' lang='lat' dir='ltr'>de</span> <span class='ocrx_word' id='word_1_80' title='bbox 373 1599 493 1650; x_wconf 86' lang='lat' dir='ltr'>aliis</span> <span class='ocrx_word' id='word_1_81' title='bbox 534 1601 730 1664; x_wconf 83' lang='lat' dir='ltr'>pariter</span> <span class='ocrx_word' id='word_1_82' title='bbox 764 1615 939 1650; x_wconf 84' lang='lat' dir='ltr'>sumus</span> <span class='ocrx_word' id='word_1_83' title='bbox 977 1600 1183 1651; x_wconf 87' lang='lat' dir='ltr'>securi.’</span> <span class='ocrx_word' id='word_1_84' title='bbox 1249 1601 1339 1652; x_wconf 88' lang='lat' dir='ltr'>Sic</span> 
     </span>
     <span class='ocr_line' id='line_1_16' title="bbox 267 1674 1339 1741; baseline 0.001 -16"><span class='ocrx_word' id='word_1_85' title='bbox 267 1683 322 1727; x_wconf 93' lang='lat' dir='ltr'>et</span> <span class='ocrx_word' id='word_1_86' title='bbox 346 1674 556 1726; x_wconf 87' lang='lat' dir='ltr'>Plinius</span> <span class='ocrx_word' id='word_1_87' title='bbox 587 1675 733 1740; x_wconf 83' lang='lat' dir='ltr'>alibi,</span> <span class='ocrx_word' id='word_1_88' title='bbox 759 1682 814 1726; x_wconf 90' lang='lat' dir='ltr'>et</span> <span class='ocrx_word' id='word_1_89' title='bbox 846 1676 1072 1741; x_wconf 86' lang='lat' dir='ltr'>Seneca,</span> <span class='ocrx_word' id='word_1_90' title='bbox 1100 1684 1153 1727; x_wconf 89' lang='lat' dir='ltr'>et</span> <span class='ocrx_word' id='word_1_91' title='bbox 1185 1677 1339 1727; x_wconf 75' lang='lat' dir='ltr'>Taci-</span> 
     </span>
     <span class='ocr_line' id='line_1_17' title="bbox 266 1753 1337 1819; baseline 0.001 -16"><span class='ocrx_word' id='word_1_92' title='bbox 266 1756 371 1812; x_wconf 83' lang='lat' dir='ltr'>tus,</span> <span class='ocrx_word' id='word_1_93' title='bbox 385 1753 489 1804; x_wconf 80' lang='lat' dir='ltr'>bac</span> <span class='ocrx_word' id='word_1_94' title='bbox 505 1767 633 1803; x_wconf 81' lang='lat' dir='ltr'>voce</span> <span class='ocrx_word' id='word_1_95' title='bbox 651 1753 841 1819; x_wconf 80' lang='lat' dir='ltr'>passim</span> <span class='ocrx_word' id='word_1_96' title='bbox 860 1759 1096 1804; x_wconf 85' lang='lat' dir='ltr'>utuntur.</span> <span class='ocrx_word' id='word_1_97' title='bbox 1114 1753 1337 1805; x_wconf 68' lang='lat' dir='ltr'>Schwar-</span> 
     </span>
     <span class='ocr_line' id='line_1_18' title="bbox 270 1846 391 1881; baseline -0.017 0"><span class='ocrx_word' id='word_1_98' title='bbox 270 1846 391 1881; x_wconf 69' lang='lat' dir='ltr'>zuis.</span> 
     </span>
     <span class='ocr_line' id='line_1_19' title="bbox 335 1907 1336 1974; baseline 0 -16"><span class='ocrx_word' id='word_1_99' title='bbox 335 1907 668 1972; x_wconf 64' lang='lat' dir='ltr'>Ver-italique]</span> <span class='ocrx_word' id='word_1_100' title='bbox 690 1907 811 1958; x_wconf 84' lang='lat' dir='ltr'>Toti</span> <span class='ocrx_word' id='word_1_101' title='bbox 827 1907 948 1958; x_wconf 80' lang='lat' dir='ltr'>huic</span> <span class='ocrx_word' id='word_1_102' title='bbox 966 1908 1042 1958; x_wconf 86' lang='lat' dir='ltr'>rei</span> <span class='ocrx_word' id='word_1_103' title='bbox 1062 1908 1336 1974; x_wconf 73' lang='lat' dir='ltr'>Epigram-</span> 
     </span>
     <span class='ocr_line' id='line_1_20' title="bbox 261 1985 1337 2037; baseline 0.001 -3"><span class='ocrx_word' id='word_1_104' title='bbox 261 1998 347 2034; x_wconf 85' lang='lat' dir='ltr'>ma</span> <span class='ocrx_word' id='word_1_105' title='bbox 386 1986 630 2036; x_wconf 73' lang='lat' dir='ltr'>Martini.</span> <span class='ocrx_word' id='word_1_106' title='bbox 673 1985 762 2035; x_wconf 90' lang='lat' dir='ltr'>lib.</span> <span class='ocrx_word' id='word_1_107' title='bbox 797 2000 855 2036; x_wconf 68' lang='grc' dir='ltr'>Χ.</span> <span class='ocrx_word' id='word_1_108' title='bbox 902 1987 918 2014; x_wconf 90' lang='lat'>‘</span> <span class='ocrx_word' id='word_1_109' title='bbox 940 1987 1158 2037; x_wconf 82' lang='lat' dir='ltr'>Frustra</span> <span class='ocrx_word' id='word_1_110' title='bbox 1193 1986 1337 2036; x_wconf 86' lang='lat' dir='ltr'>blan·</span> 
     </span>
     <span class='ocr_line' id='line_1_21' title="bbox 263 2061 1339 2124; baseline 0.004 -14"><span class='ocrx_word' id='word_1_111' title='bbox 263 2061 408 2110; x_wconf 76' lang='lat' dir='ltr'>ditiae</span> <span class='ocrx_word' id='word_1_112' title='bbox 435 2062 627 2112; x_wconf 84' lang='lat' dir='ltr'>venitis</span> <span class='ocrx_word' id='word_1_113' title='bbox 653 2061 718 2113; x_wconf 83' lang='lat' dir='ltr'>ad</span> <span class='ocrx_word' id='word_1_114' title='bbox 753 2077 857 2124; x_wconf 84' lang='lat' dir='ltr'>me,</span> <span class='ocrx_word' id='word_1_115' title='bbox 878 2062 1093 2113; x_wconf 85' lang='lat' dir='ltr'>Attritis</span> <span class='ocrx_word' id='word_1_116' title='bbox 1129 2063 1339 2114; x_wconf 88' lang='lat' dir='ltr'>misera·</span> 
     </span>
     <span class='ocr_line' id='line_1_22' title="bbox 259 2137 1338 2205; baseline 0.005 -18"><span class='ocrx_word' id='word_1_117' title='bbox 259 2137 389 2188; x_wconf 82' lang='lat' dir='ltr'>biles</span> <span class='ocrx_word' id='word_1_118' title='bbox 417 2139 644 2205; x_wconf 55' lang='lat' dir='ltr'>labellis.</span> <span class='ocrx_word' id='word_1_119' title='bbox 677 2140 929 2190; x_wconf 73' lang='lat' dir='ltr'>Dicturus</span> <span class='ocrx_word' id='word_1_120' title='bbox 952 2141 1214 2192; x_wconf 88' lang='lat' dir='ltr'>dominum</span> <span class='ocrx_word' id='word_1_121' title='bbox 1233 2143 1338 2192; x_wconf 89' lang='lat' dir='ltr'>De·</span> 
     </span>
     <span class='ocr_line' id='line_1_23' title="bbox 259 2217 1338 2280; baseline 0.002 -16"><span class='ocrx_word' id='word_1_122' title='bbox 259 2228 460 2280; x_wconf 85' lang='lat' dir='ltr'>nmque</span> <span class='ocrx_word' id='word_1_123' title='bbox 496 2231 598 2265; x_wconf 87' lang='lat' dir='ltr'>non</span> <span class='ocrx_word' id='word_1_124' title='bbox 635 2217 907 2273; x_wconf 83' lang='lat' dir='ltr'>sum,Jam</span> <span class='ocrx_word' id='word_1_125' title='bbox 944 2231 1046 2267; x_wconf 88' lang='lat' dir='ltr'>non</span> <span class='ocrx_word' id='word_1_126' title='bbox 1080 2225 1162 2268; x_wconf 88' lang='lat' dir='ltr'>est</span> <span class='ocrx_word' id='word_1_127' title='bbox 1197 2218 1338 2267; x_wconf 87' lang='lat' dir='ltr'>locus</span> 
     </span>
     <span class='ocr_line' id='line_1_24' title="bbox 260 2290 1337 2345; baseline 0.004 -4"><span class='ocrx_word' id='word_1_128' title='bbox 260 2290 438 2342; x_wconf 76' lang='lat' dir='ltr'>bacin</span> <span class='ocrx_word' id='word_1_129' title='bbox 466 2291 594 2341; x_wconf 74' lang='lat' dir='ltr'>urbe</span> <span class='ocrx_word' id='word_1_130' title='bbox 617 2293 783 2342; x_wconf 82' lang='lat' dir='ltr'>vobis.</span> <span class='ocrx_word' id='word_1_131' title='bbox 850 2293 971 2343; x_wconf 90' lang='lat' dir='ltr'>Non</span> <span class='ocrx_word' id='word_1_132' title='bbox 1009 2301 1088 2344; x_wconf 83' lang='lat' dir='ltr'>est</span> <span class='ocrx_word' id='word_1_133' title='bbox 1124 2294 1208 2344; x_wconf 84' lang='lat' dir='ltr'>bic</span> <span class='ocrx_word' id='word_1_134' title='bbox 1247 2294 1337 2345; x_wconf 90' lang='lat' dir='ltr'>do-</span> 
     </span>
     <span class='ocr_line' id='line_1_25' title="bbox 258 2369 1338 2434; baseline 0.002 -17"><span class='ocrx_word' id='word_1_135' title='bbox 258 2369 454 2425; x_wconf 82' lang='lat' dir='ltr'>minns,</span> <span class='ocrx_word' id='word_1_136' title='bbox 473 2370 565 2418; x_wconf 86' lang='lat' dir='ltr'>sed</span> <span class='ocrx_word' id='word_1_137' title='bbox 586 2371 884 2433; x_wconf 83' lang='lat' dir='ltr'>imperator,</span> <span class='ocrx_word' id='word_1_138' title='bbox 900 2370 1004 2420; x_wconf 86' lang='lat' dir='ltr'>Sed</span> <span class='ocrx_word' id='word_1_139' title='bbox 1021 2370 1338 2434; x_wconf 86' lang='lat' dir='ltr'>justissimus</span> 
     </span>
     <span class='ocr_line' id='line_1_26' title="bbox 258 2445 1339 2511; baseline 0.003 -17"><span class='ocrx_word' id='word_1_140' title='bbox 258 2446 497 2494; x_wconf 86' lang='lat' dir='ltr'>omnium</span> <span class='ocrx_word' id='word_1_141' title='bbox 517 2445 869 2505; x_wconf 84' lang='lat' dir='ltr'>senator,Per</span> <span class='ocrx_word' id='word_1_142' title='bbox 893 2461 1044 2510; x_wconf 87' lang='lat' dir='ltr'>quem</span> <span class='ocrx_word' id='word_1_143' title='bbox 1069 2447 1135 2496; x_wconf 87' lang='lat' dir='ltr'>de</span> <span class='ocrx_word' id='word_1_144' title='bbox 1152 2447 1339 2511; x_wconf 80' lang='lat' dir='ltr'>Stygia</span> 
     </span>
     <span class='ocr_line' id='line_1_27' title="bbox 258 2520 1337 2575; baseline 0.005 -6"><span class='ocrx_word' id='word_1_145' title='bbox 258 2520 419 2572; x_wconf 88' lang='lat' dir='ltr'>domo</span> <span class='ocrx_word' id='word_1_146' title='bbox 442 2522 669 2572; x_wconf 81' lang='lat' dir='ltr'>&#39;reducta</span> <span class='ocrx_word' id='word_1_147' title='bbox 692 2530 773 2571; x_wconf 88' lang='lat' dir='ltr'>est</span> <span class='ocrx_word' id='word_1_148' title='bbox 798 2523 965 2573; x_wconf 78' lang='lat' dir='ltr'>Siccis</span> <span class='ocrx_word' id='word_1_149' title='bbox 990 2524 1185 2574; x_wconf 88' lang='lat' dir='ltr'>rustica</span> <span class='ocrx_word' id='word_1_150' title='bbox 1205 2526 1337 2575; x_wconf 84' lang='lat' dir='ltr'>veri-</span> 
     </span>
     <span class='ocr_line' id='line_1_28' title="bbox 259 2597 803 2663; baseline 0 -15"><span class='ocrx_word' id='word_1_151' title='bbox 259 2605 343 2648; x_wconf 86' lang='lat' dir='ltr'>tas</span> <span class='ocrx_word' id='word_1_152' title='bbox 366 2597 618 2663; x_wconf 85' lang='lat' dir='ltr'>capillis.&#39;</span> <span class='ocrx_word' id='word_1_153' title='bbox 664 2599 803 2663; x_wconf 80' lang='lat' dir='ltr'>Lips.</span> 
     </span>
    </p>

    <p class='ocr_par' dir='ltr' id='par_1_5' title="bbox 257 2675 1337 2971">
     <span class='ocr_line' id='line_1_29' title="bbox 325 2675 1337 2741; baseline 0.001 -18"><span class='ocrx_word' id='word_1_154' title='bbox 325 2675 451 2724; x_wconf 76' lang='lat' dir='ltr'>Non</span> <span class='ocrx_word' id='word_1_155' title='bbox 483 2676 665 2739; x_wconf 78' lang='lat' dir='ltr'>posset]</span> <span class='ocrx_word' id='word_1_156' title='bbox 703 2675 837 2726; x_wconf 82' lang='lat' dir='ltr'>Quia</span> <span class='ocrx_word' id='word_1_157' title='bbox 874 2689 1081 2740; x_wconf 88' lang='lat' dir='ltr'>semper</span> <span class='ocrx_word' id='word_1_158' title='bbox 1119 2675 1337 2741; x_wconf 84' lang='lat' dir='ltr'>aliquid,</span> 
     </span>
     <span class='ocr_line' id='line_1_30' title="bbox 257 2750 1335 2814; baseline 0.003 -15"><span class='ocrx_word' id='word_1_159' title='bbox 257 2759 418 2802; x_wconf 82' lang='lat' dir='ltr'>extra</span> <span class='ocrx_word' id='word_1_160' title='bbox 445 2752 702 2814; x_wconf 81' lang='lat' dir='ltr'>ordinem,</span> <span class='ocrx_word' id='word_1_161' title='bbox 734 2750 798 2800; x_wconf 81' lang='lat' dir='ltr'>ad</span> <span class='ocrx_word' id='word_1_162' title='bbox 831 2752 1055 2802; x_wconf 79' lang='lat' dir='ltr'>bonores</span> <span class='ocrx_word' id='word_1_163' title='bbox 1082 2765 1258 2802; x_wconf 88' lang='lat' dir='ltr'>eorum</span> <span class='ocrx_word' id='word_1_164' title='bbox 1282 2753 1335 2802; x_wconf 91' lang='lat' dir='ltr'>in</span> 
     </span>
     <span class='ocr_line' id='line_1_31' title="bbox 257 2827 1334 2893; baseline 0.002 -15"><span class='ocrx_word' id='word_1_165' title='bbox 257 2831 535 2880; x_wconf 80' lang='lat' dir='ltr'>sententia</span> <span class='ocrx_word' id='word_1_166' title='bbox 566 2827 894 2880; x_wconf 78' lang='lat' dir='ltr'>addendum:</span> <span class='ocrx_word' id='word_1_167' title='bbox 930 2831 1012 2880; x_wconf 75' lang='lat' dir='ltr'>vel</span> <span class='ocrx_word' id='word_1_168' title='bbox 1035 2831 1087 2879; x_wconf 89' lang='lat' dir='ltr'>in</span> <span class='ocrx_word' id='word_1_169' title='bbox 1109 2829 1232 2893; x_wconf 84' lang='lat' dir='ltr'>fine,</span> <span class='ocrx_word' id='word_1_170' title='bbox 1255 2830 1334 2880; x_wconf 87' lang='lat' dir='ltr'>in·</span> 
     </span>
     <span class='ocr_line' id='line_1_32' title="bbox 258 2907 1046 2971; baseline -0.001 -15"><span class='ocrx_word' id='word_1_171' title='bbox 258 2921 443 2971; x_wconf 84' lang='lat' dir='ltr'>qnam,</span> <span class='ocrx_word' id='word_1_172' title='bbox 466 2907 547 2954; x_wconf 87' lang='lat' dir='ltr'>vel</span> <span class='ocrx_word' id='word_1_173' title='bbox 575 2909 627 2955; x_wconf 89' lang='lat' dir='ltr'>in</span> <span class='ocrx_word' id='word_1_174' title='bbox 651 2909 846 2970; x_wconf 85' lang='lat' dir='ltr'>capite.</span> <span class='ocrx_word' id='word_1_175' title='bbox 894 2907 1046 2957; x_wconf 81' lang='lat' dir='ltr'>Idem.</span> 
     </span>
    </p>

    <p class='ocr_par' dir='ltr' id='par_1_6' title="bbox 251 2982 1336 4179">
     <span class='ocr_line' id='line_1_33' title="bbox 323 2982 1336 3049; baseline 0.003 -18"><span class='ocrx_word' id='word_1_176' title='bbox 323 2984 400 3031; x_wconf 78' lang='lat' dir='ltr'>Et</span> <span class='ocrx_word' id='word_1_177' title='bbox 422 2983 516 3032; x_wconf 77' lang='lat' dir='ltr'>alii</span> <span class='ocrx_word' id='word_1_178' title='bbox 536 2997 628 3030; x_wconf 77' lang='lat' dir='ltr'>non</span> <span class='ocrx_word' id='word_1_179' title='bbox 650 2982 949 3047; x_wconf 71' lang='lat' dir='ltr'>receperunt]</span> <span class='ocrx_word' id='word_1_180' title='bbox 987 2984 1062 3032; x_wconf 87' lang='lat' dir='ltr'>Ut</span> <span class='ocrx_word' id='word_1_181' title='bbox 1081 2983 1336 3049; x_wconf 81' lang='lat' dir='ltr'>Tiberius,</span> 
     </span>
     <span class='ocr_line' id='line_1_34' title="bbox 256 3057 1334 3124; baseline 0.006 -18"><span class='ocrx_word' id='word_1_182' title='bbox 256 3059 446 3121; x_wconf 80' lang='lat' dir='ltr'>quiex</span> <span class='ocrx_word' id='word_1_183' title='bbox 483 3057 718 3122; x_wconf 79' lang='lat' dir='ltr'><strong>plurimis</strong></span> <span class='ocrx_word' id='word_1_184' title='bbox 752 3058 1090 3124; x_wconf 71' lang='lat' dir='ltr'>maximisque</span> <span class='ocrx_word' id='word_1_185' title='bbox 1129 3061 1334 3112; x_wconf 89' lang='lat' dir='ltr'>honori·</span> 
     </span>
     <span class='ocr_line' id='line_1_35' title="bbox 255 3133 1331 3198; baseline 0.005 -15"><span class='ocrx_word' id='word_1_186' title='bbox 255 3133 356 3183; x_wconf 92' lang='lat' dir='ltr'>bus</span> <span class='ocrx_word' id='word_1_187' title='bbox 394 3141 600 3198; x_wconf 83' lang='lat' dir='ltr'>praeter</span> <span class='ocrx_word' id='word_1_188' title='bbox 639 3147 832 3195; x_wconf 84' lang='lat' dir='ltr'>paucos</span> <span class='ocrx_word' id='word_1_189' title='bbox 869 3140 926 3184; x_wconf 89' lang='lat' dir='ltr'>et</span> <span class='ocrx_word' id='word_1_190' title='bbox 965 3134 1194 3186; x_wconf 88' lang='lat' dir='ltr'>modicos</span> <span class='ocrx_word' id='word_1_191' title='bbox 1228 3148 1331 3188; x_wconf 87' lang='lat' dir='ltr'>nou</span> 
     </span>
     <span class='ocr_line' id='line_1_36' title="bbox 251 3208 1332 3273; baseline 0.005 -14"><span class='ocrx_word' id='word_1_192' title='bbox 251 3211 488 3273; x_wconf 86' lang='lat' dir='ltr'>recepit.</span> <span class='ocrx_word' id='word_1_193' title='bbox 556 3208 731 3258; x_wconf 85' lang='lat' dir='ltr'>Verba</span> <span class='ocrx_word' id='word_1_194' title='bbox 774 3219 895 3259; x_wconf 85' lang='lat' dir='ltr'>sunt</span> <span class='ocrx_word' id='word_1_195' title='bbox 936 3211 1175 3262; x_wconf 87' lang='lat' dir='ltr'>Suetonii</span> <span class='ocrx_word' id='word_1_196' title='bbox 1217 3214 1332 3265; x_wconf 85' lang='lat' dir='ltr'>loco</span> 
     </span>
     <span class='ocr_line' id='line_1_37' title="bbox 254 3286 1335 3352; baseline 0.001 -15"><span class='ocrx_word' id='word_1_197' title='bbox 254 3288 504 3352; x_wconf 81' lang='lat' dir='ltr'>proxime</span> <span class='ocrx_word' id='word_1_198' title='bbox 528 3286 709 3336; x_wconf 86' lang='lat' dir='ltr'>citato.</span> <span class='ocrx_word' id='word_1_199' title='bbox 757 3286 863 3335; x_wconf 89' lang='lat' dir='ltr'>Dio</span> <span class='ocrx_word' id='word_1_200' title='bbox 882 3286 1087 3336; x_wconf 78' lang='lat' dir='ltr'>Cassius</span> <span class='ocrx_word' id='word_1_201' title='bbox 1111 3289 1143 3338; x_wconf 92' lang='grc' dir='ltr'>Ι.</span> <span class='ocrx_word' id='word_1_202' title='bbox 1169 3302 1335 3340; x_wconf 78' lang='grc' dir='ltr'>ινιιῐ.</span> 
     </span>
     <span class='ocr_line' id='line_1_38' title="bbox 255 3361 1333 3426; baseline 0.004 -15"><span class='ocrx_word' id='word_1_203' title='bbox 255 3365 322 3413; x_wconf 87' lang='lat' dir='ltr'>de</span> <span class='ocrx_word' id='word_1_204' title='bbox 361 3361 625 3423; x_wconf 74' lang='lat' dir='ltr'>caligula,</span> <span class='ocrx_word' id='word_1_205' title='bbox 666 3362 1081 3426; x_wconf 73' lang='grc' dir='ltr'>μοναρχικῶτατος</span> <span class='ocrx_word' id='word_1_206' title='bbox 1119 3363 1333 3426; x_wconf 72' lang='grc' dir='ltr'>ἐγένετο,</span> 
     </span>
     <span class='ocr_line' id='line_1_39' title="bbox 255 3436 1332 3500; baseline 0.003 -11"><span class='ocrx_word' id='word_1_207' title='bbox 255 3440 384 3489; x_wconf 74' lang='grc' dir='ltr'><strong><em>ὥστε</em></strong></span> <span class='ocrx_word' id='word_1_208' title='bbox 416 3436 591 3493; x_wconf 74' lang='grc' dir='ltr'><strong><em>πάντα,</em></strong></span> <span class='ocrx_word' id='word_1_209' title='bbox 613 3437 705 3487; x_wconf 81' lang='grc' dir='ltr'>ὅσα</span> <span class='ocrx_word' id='word_1_210' title='bbox 726 3439 754 3486; x_wconf 83' lang='grc' dir='ltr'><strong><em>ὁ</em></strong></span> <span class='ocrx_word' id='word_1_211' title='bbox 782 3437 1058 3500; x_wconf 74' lang='grc' dir='ltr'><strong>Αὔγουστος</strong></span> <span class='ocrx_word' id='word_1_212' title='bbox 1079 3442 1133 3498; x_wconf 70' lang='grc' dir='ltr'>ἐν</span> <span class='ocrx_word' id='word_1_213' title='bbox 1157 3441 1332 3492; x_wconf 74' lang='grc' dir='ltr'><strong><em>τοσού-</em></strong></span> 
     </span>
     <span class='ocr_line' id='line_1_40' title="bbox 252 3513 1332 3579; baseline 0.006 -15"><span class='ocrx_word' id='word_1_214' title='bbox 252 3535 323 3579; x_wconf 76' lang='grc' dir='ltr'>τῳ</span> <span class='ocrx_word' id='word_1_215' title='bbox 358 3519 455 3575; x_wconf 80' lang='grc' dir='ltr'>τῆς</span> <span class='ocrx_word' id='word_1_216' title='bbox 486 3514 638 3577; x_wconf 71' lang='grc' dir='ltr'><strong>ἀρχῆς</strong></span> <span class='ocrx_word' id='word_1_217' title='bbox 669 3513 829 3579; x_wconf 74' lang='grc' dir='ltr'><strong><em>χρόνῳ</em></strong></span> <span class='ocrx_word' id='word_1_218' title='bbox 862 3514 1000 3577; x_wconf 78' lang='grc' dir='ltr'>μόλις</span> <span class='ocrx_word' id='word_1_219' title='bbox 1034 3517 1113 3567; x_wconf 76' lang='grc' dir='ltr'>καὶ</span> <span class='ocrx_word' id='word_1_220' title='bbox 1146 3518 1249 3569; x_wconf 79' lang='grc' dir='ltr'>καθ’</span> <span class='ocrx_word' id='word_1_221' title='bbox 1280 3518 1332 3570; x_wconf 72' lang='grc' dir='ltr'>ἓν</span> 
     </span>
     <span class='ocr_line' id='line_1_41' title="bbox 253 3589 1332 3657; baseline 0.003 -14"><span class='ocrx_word' id='word_1_222' title='bbox 253 3592 475 3644; x_wconf 69' lang='grc' dir='ltr'>ἕκαστον</span> <span class='ocrx_word' id='word_1_223' title='bbox 494 3589 797 3654; x_wconf 75' lang='grc' dir='ltr'>ψηφισθέντα</span> <span class='ocrx_word' id='word_1_224' title='bbox 821 3592 867 3641; x_wconf 80' lang='grc' dir='ltr'>οἱ</span> <span class='ocrx_word' id='word_1_225' title='bbox 895 3591 1106 3657; x_wconf 70' lang='grc' dir='ltr'>ἐδέξαντο,</span> <span class='ocrx_word' id='word_1_226' title='bbox 1134 3591 1199 3643; x_wconf 75' lang='grc' dir='ltr'>ὧν</span> <span class='ocrx_word' id='word_1_227' title='bbox 1230 3594 1332 3646; x_wconf 77' lang='grc' dir='ltr'>ἔνια</span> 
     </span>
     <span class='ocr_line' id='line_1_42' title="bbox 255 3667 1334 3739; baseline 0.002 -21"><span class='ocrx_word' id='word_1_228' title='bbox 255 3671 283 3717; x_wconf 72' lang='grc' dir='ltr'><strong><em>ὃ</em></strong></span> <span class='ocrx_word' id='word_1_229' title='bbox 319 3667 544 3731; x_wconf 72' lang='grc' dir='ltr'>Τιβέριος</span> <span class='ocrx_word' id='word_1_230' title='bbox 584 3667 680 3716; x_wconf 78' lang='grc' dir='ltr'>οὐδ’</span> <span class='ocrx_word' id='word_1_231' title='bbox 723 3667 847 3718; x_wconf 75' lang='grc' dir='ltr'>ὅλως</span> <span class='ocrx_word' id='word_1_232' title='bbox 892 3669 1101 3731; x_wconf 75' lang='grc' dir='ltr'>ἐδέξατο,</span> <span class='ocrx_word' id='word_1_233' title='bbox 1148 3672 1202 3720; x_wconf 74' lang='grc' dir='ltr'>ἐν</span> <span class='ocrx_word' id='word_1_234' title='bbox 1247 3676 1334 3739; x_wconf 76' lang='grc' dir='ltr'>μιᾷ</span> 
     </span>
     <span class='ocr_line' id='line_1_43' title="bbox 251 3743 1330 3809; baseline 0.007 -18"><span class='ocrx_word' id='word_1_235' title='bbox 251 3745 411 3809; x_wconf 74' lang='grc' dir='ltr'>ἡμέρᾳ</span> <span class='ocrx_word' id='word_1_236' title='bbox 452 3743 641 3800; x_wconf 72' lang='grc' dir='ltr'>λαβεῖν.</span> <span class='ocrx_word' id='word_1_237' title='bbox 708 3745 1127 3807; x_wconf 73' lang='lat' dir='ltr'>Regnantissimus</span> <span class='ocrx_word' id='word_1_238' title='bbox 1160 3749 1330 3805; x_wconf 75' lang='lat' dir='ltr'>evasit,</span> 
     </span>
     <span class='ocr_line' id='line_1_44' title="bbox 251 3820 1331 3885; baseline 0.002 -13"><span class='ocrx_word' id='word_1_239' title='bbox 251 3830 306 3872; x_wconf 74' lang='lat' dir='ltr'>nt</span> <span class='ocrx_word' id='word_1_240' title='bbox 345 3827 523 3871; x_wconf 80' lang='lat' dir='ltr'>cuncta</span> <span class='ocrx_word' id='word_1_241' title='bbox 554 3820 746 3870; x_wconf 79' lang='lat' dir='ltr'>numina</span> <span class='ocrx_word' id='word_1_242' title='bbox 779 3837 885 3885; x_wconf 78' lang='lat' dir='ltr'>quoe</span> <span class='ocrx_word' id='word_1_243' title='bbox 912 3822 1165 3885; x_wconf 77' lang='lat' dir='ltr'>Augustus</span> <span class='ocrx_word' id='word_1_244' title='bbox 1196 3830 1331 3875; x_wconf 76' lang='lat' dir='ltr'>tanto</span> 
     </span>
     <span class='ocr_line' id='line_1_45' title="bbox 252 3899 1331 3962; baseline 0.004 -15"><span class='ocrx_word' id='word_1_245' title='bbox 252 3899 455 3961; x_wconf 76' lang='lat' dir='ltr'>imperii</span> <span class='ocrx_word' id='word_1_246' title='bbox 476 3899 633 3959; x_wconf 78' lang='lat' dir='ltr'>spatio</span> <span class='ocrx_word' id='word_1_247' title='bbox 666 3912 814 3958; x_wconf 69' lang='lat' dir='ltr'>agre,</span> <span class='ocrx_word' id='word_1_248' title='bbox 838 3913 894 3948; x_wconf 82' lang='lat' dir='ltr'>ac</span> <span class='ocrx_word' id='word_1_249' title='bbox 915 3900 1109 3949; x_wconf 78' lang='lat' dir='ltr'>seorsim</span> <span class='ocrx_word' id='word_1_250' title='bbox 1140 3901 1331 3962; x_wconf 79' lang='lat' dir='ltr'>singula</span> 
     </span>
     <span class='ocr_line' id='line_1_46' title="bbox 254 3976 1330 4040; baseline 0.004 -16"><span class='ocrx_word' id='word_1_251' title='bbox 254 3976 350 4024; x_wconf 77' lang='lat' dir='ltr'>sibi</span> <span class='ocrx_word' id='word_1_252' title='bbox 376 3977 569 4023; x_wconf 81' lang='lat' dir='ltr'>decretu</span> <span class='ocrx_word' id='word_1_253' title='bbox 590 3979 875 4036; x_wconf 72' lang='lat' dir='ltr'>susceperat,</span> <span class='ocrx_word' id='word_1_254' title='bbox 895 3990 1090 4038; x_wconf 82' lang='lat' dir='ltr'>quorum</span> <span class='ocrx_word' id='word_1_255' title='bbox 1107 3979 1330 4040; x_wconf 78' lang='lat' dir='ltr'>pleraque</span> 
     </span>
     <span class='ocr_line' id='line_1_47' title="bbox 254 4048 1329 4117; baseline 0.003 -17"><span class='ocrx_word' id='word_1_256' title='bbox 254 4051 450 4100; x_wconf 79' lang='lat' dir='ltr'>omnino</span> <span class='ocrx_word' id='word_1_257' title='bbox 471 4048 640 4099; x_wconf 76' lang='lat' dir='ltr'>abnuit</span> <span class='ocrx_word' id='word_1_258' title='bbox 664 4048 896 4112; x_wconf 80' lang='lat' dir='ltr'>Tiberius,</span> <span class='ocrx_word' id='word_1_259' title='bbox 913 4065 1005 4100; x_wconf 79' lang='lat' dir='ltr'>uno</span> <span class='ocrx_word' id='word_1_260' title='bbox 1028 4050 1107 4101; x_wconf 77' lang='lat' dir='ltr'>die</span> <span class='ocrx_word' id='word_1_261' title='bbox 1138 4053 1329 4117; x_wconf 66' lang='lat' dir='ltr'>arripu-</span> 
     </span>
     <span class='ocr_line' id='line_1_48' title="bbox 254 4129 583 4179; baseline -0.003 0"><span class='ocrx_word' id='word_1_262' title='bbox 254 4131 370 4179; x_wconf 72' lang='lat' dir='ltr'>erit.</span> <span class='ocrx_word' id='word_1_263' title='bbox 415 4129 583 4178; x_wconf 81' lang='lat' dir='ltr'>Livin.</span> 
     </span>
    </p>

    <p class='ocr_par' dir='ltr' id='par_1_7' title="bbox 257 4205 1331 4428">
     <span class='ocr_line' id='line_1_49' title="bbox 322 4205 1331 4271; baseline 0.003 -16"><span class='ocrx_word' id='word_1_264' title='bbox 322 4207 397 4255; x_wconf 76' lang='lat' dir='ltr'>Et</span> <span class='ocrx_word' id='word_1_265' title='bbox 419 4205 508 4254; x_wconf 78' lang='lat' dir='ltr'>alii</span> <span class='ocrx_word' id='word_1_266' title='bbox 526 4218 620 4254; x_wconf 79' lang='lat' dir='ltr'>non</span> <span class='ocrx_word' id='word_1_267' title='bbox 639 4206 939 4271; x_wconf 75' lang='lat' dir='ltr'>receperunt]</span> <span class='ocrx_word' id='word_1_268' title='bbox 976 4207 1051 4257; x_wconf 83' lang='lat' dir='ltr'>Ut</span> <span class='ocrx_word' id='word_1_269' title='bbox 1065 4205 1331 4270; x_wconf 86' lang='lat' dir='ltr'>Tiberius,</span> 
     </span>
     <span class='ocr_line' id='line_1_50' title="bbox 257 4281 1329 4346; baseline 0.001 -15"><span class='ocrx_word' id='word_1_270' title='bbox 257 4281 327 4333; x_wconf 85' lang='lat' dir='ltr'>de</span> <span class='ocrx_word' id='word_1_271' title='bbox 352 4295 458 4346; x_wconf 85' lang='lat' dir='ltr'>quo</span> <span class='ocrx_word' id='word_1_272' title='bbox 482 4283 697 4334; x_wconf 86' lang='lat' dir='ltr'>Suetou.</span> <span class='ocrx_word' id='word_1_273' title='bbox 722 4297 771 4333; x_wconf 89' lang='lat' dir='ltr'>c.</span> <span class='ocrx_word' id='word_1_274' title='bbox 797 4287 880 4334; x_wconf 83' lang='lat'>26.</span> <span class='ocrx_word' id='word_1_275' title='bbox 903 4290 959 4332; x_wconf 86' lang='lat' dir='ltr'>et</span> <span class='ocrx_word' id='word_1_276' title='bbox 975 4285 1085 4334; x_wconf 88' lang='lat' dir='ltr'>Dio</span> <span class='ocrx_word' id='word_1_277' title='bbox 1107 4284 1157 4334; x_wconf 92' lang='lat' dir='ltr'>in</span> <span class='ocrx_word' id='word_1_278' title='bbox 1184 4285 1329 4335; x_wconf 83' lang='lat' dir='ltr'>Caio.</span> 
     </span>
     <span class='ocr_line' id='line_1_51' title="bbox 259 4357 1326 4428; baseline 0.003 -19"><span class='ocrx_word' id='word_1_279' title='bbox 259 4357 360 4410; x_wconf 80' lang='lat' dir='ltr'>me</span> <span class='ocrx_word' id='word_1_280' title='bbox 385 4360 559 4408; x_wconf 78' lang='lat' dir='ltr'>temen</span> <span class='ocrx_word' id='word_1_281' title='bbox 597 4375 697 4410; x_wconf 89' lang='lat' dir='ltr'>non</span> <span class='ocrx_word' id='word_1_282' title='bbox 733 4374 799 4410; x_wconf 82' lang='lat' dir='ltr'>ex</span> <span class='ocrx_word' id='word_1_283' title='bbox 834 4361 1209 4428; x_wconf 81' lang='lat' dir='ltr'>moderatione,</span> <span class='ocrx_word' id='word_1_284' title='bbox 1233 4363 1326 4412; x_wconf 86' lang='lat' dir='ltr'>sed</span> 
     </span>
    </p>
   </div>
   <div class='ocr_carea' id='block_1_3' title="bbox 392 4440 933 4505">
    <p class='ocr_par' dir='ltr' id='par_1_8' title="bbox 392 4440 933 4505">
     <span class='ocr_line' id='line_1_52' title="bbox 392 4440 933 4505; baseline 0 -15"><span class='ocrx_word' id='word_1_285' title='bbox 392 4440 561 4505; x_wconf 74' lang='lat' dir='ltr'>Delph.</span> <span class='ocrx_word' id='word_1_286' title='bbox 582 4448 630 4492; x_wconf 71' lang='lat' dir='ltr'>et</span> <span class='ocrx_word' id='word_1_287' title='bbox 657 4442 775 4494; x_wconf 72' lang='lat' dir='ltr'>Ver.</span> <span class='ocrx_word' id='word_1_288' title='bbox 799 4443 933 4491; x_wconf 81' lang='lat' dir='ltr'>Clas.</span> 
     </span>
    </p>
   </div>
   <div class='ocr_carea' id='block_1_4' title="bbox 1215 4443 1541 4505">
    <p class='ocr_par' dir='ltr' id='par_1_9' title="bbox 1215 4443 1541 4505">
     <span class='ocr_line' id='line_1_53' title="bbox 1215 4443 1541 4505; baseline -0.003 -11"><span class='ocrx_word' id='word_1_289' title='bbox 1215 4443 1402 4505; x_wconf 78' lang='lat' dir='ltr'>Paneg.</span> <span class='ocrx_word' id='word_1_290' title='bbox 1434 4444 1541 4495; x_wconf 80' lang='lat' dir='ltr'>Vct.</span> 
     </span>
    </p>
   </div>
   <div class='ocr_carea' id='block_1_5' title="bbox 2352 438 2485 508">
    <p class='ocr_par' dir='ltr' id='par_1_10' title="bbox 2352 438 2485 508">
     <span class='ocr_line' id='line_1_54' title="bbox 2352 438 2485 508; baseline 0 0"><span class='ocrx_word' id='word_1_291' title='bbox 2352 438 2485 508; x_wconf 80' lang='lat'>’785</span> 
     </span>
    </p>
   </div>
   <div class='ocr_carea' id='block_1_6' title="bbox 1404 596 2505 4338">
    <p class='ocr_par' dir='ltr' id='par_1_11' title="bbox 1413 596 2485 727">
     <span class='ocr_line' id='line_1_55' title="bbox 1417 596 2485 665; baseline 0.004 -16"><span class='ocrx_word' id='word_1_292' title='bbox 1417 613 1483 650; x_wconf 83' lang='lat' dir='ltr'>ex</span> <span class='ocrx_word' id='word_1_293' title='bbox 1506 596 1856 662; x_wconf 77' lang='lat' dir='ltr'>simulatione,</span> <span class='ocrx_word' id='word_1_294' title='bbox 1883 601 2028 665; x_wconf 86' lang='lat' dir='ltr'>cujus</span> <span class='ocrx_word' id='word_1_295' title='bbox 2049 605 2166 650; x_wconf 85' lang='lat' dir='ltr'>erat</span> <span class='ocrx_word' id='word_1_296' title='bbox 2190 600 2485 652; x_wconf 79' lang='lat' dir='ltr'>versutissi-</span> 
     </span>
     <span class='ocr_line' id='line_1_56' title="bbox 1413 673 2028 727; baseline 0.002 -1"><span class='ocrx_word' id='word_1_297' title='bbox 1413 689 1527 726; x_wconf 84' lang='lat' dir='ltr'>mus</span> <span class='ocrx_word' id='word_1_298' title='bbox 1551 673 1762 727; x_wconf 81' lang='lat' dir='ltr'>artifex.</span> <span class='ocrx_word' id='word_1_299' title='bbox 1812 678 2028 727; x_wconf 68' lang='lat' dir='ltr'>Putat-ol.</span> 
     </span>
    </p>

    <p class='ocr_par' dir='ltr' id='par_1_12' title="bbox 1413 753 2486 1192">
     <span class='ocr_line' id='line_1_57' title="bbox 1482 753 2486 818; baseline 0.007 -17"><span class='ocrx_word' id='word_1_300' title='bbox 1482 753 1638 802; x_wconf 81' lang='lat' dir='ltr'>Nemo</span> <span class='ocrx_word' id='word_1_301' title='bbox 1659 753 1974 818; x_wconf 68' lang='lat' dir='ltr'>malecautus]</span> <span class='ocrx_word' id='word_1_302' title='bbox 1998 755 2179 818; x_wconf 81' lang='lat' dir='ltr'>Forte,</span> <span class='ocrx_word' id='word_1_303' title='bbox 2201 754 2356 805; x_wconf 82' lang='lat' dir='ltr'>Nemo</span> <span class='ocrx_word' id='word_1_304' title='bbox 2372 762 2486 809; x_wconf 76' lang='lat' dir='ltr'>unte</span> 
     </span>
     <span class='ocr_line' id='line_1_58' title="bbox 1416 831 1874 882; baseline 0.007 -4"><span class='ocrx_word' id='word_1_305' title='bbox 1416 835 1465 879; x_wconf 78' lang='lat' dir='ltr'>te</span> <span class='ocrx_word' id='word_1_306' title='bbox 1483 835 1668 880; x_wconf 76' lang='lat' dir='ltr'>tantus.</span> <span class='ocrx_word' id='word_1_307' title='bbox 1702 831 1874 882; x_wconf 65' lang='lat' dir='ltr'>Lirin.</span> 
     </span>
     <span class='ocr_line' id='line_1_59' title="bbox 1431 908 2483 977; baseline 0.006 -20"><span class='ocrx_word' id='word_1_308' title='bbox 1431 922 1449 931; x_wconf 80' lang='grc'><em>·</em></span> <span class='ocrx_word' id='word_1_309' title='bbox 1481 908 1687 973; x_wconf 76' lang='lat' dir='ltr'>Tantus]</span> <span class='ocrx_word' id='word_1_310' title='bbox 1711 909 1839 966; x_wconf 82' lang='lat' dir='ltr'>Tam</span> <span class='ocrx_word' id='word_1_311' title='bbox 1859 908 2033 974; x_wconf 74' lang='lat' dir='ltr'>magni</span> <span class='ocrx_word' id='word_1_312' title='bbox 2056 908 2211 959; x_wconf 87' lang='lat' dir='ltr'>animi</span> <span class='ocrx_word' id='word_1_313' title='bbox 2228 908 2483 977; x_wconf 71' lang='lat' dir='ltr'>firmique·</span> 
     </span>
     <span class='ocr_line' id='line_1_60' title="bbox 1414 984 2429 1049; baseline 0.007 -14"><span class='ocrx_word' id='word_1_314' title='bbox 1414 984 1555 1049; x_wconf 73' lang='lat' dir='ltr'>Lips.</span> <span class='ocrx_word' id='word_1_315' title='bbox 2154 1034 2159 1040; x_wconf 78' lang='grc'><strong><em>.</em></strong></span> <span class='ocrx_word' id='word_1_316' title='bbox 2412 1006 2429 1017; x_wconf 86' lang='grc'><em>·</em></span> 
     </span>
     <span class='ocr_line' id='line_1_61' title="bbox 1479 1062 2482 1127; baseline 0.004 -15"><span class='ocrx_word' id='word_1_317' title='bbox 1479 1062 1734 1126; x_wconf 76' lang='lat' dir='ltr'>Noluisse]</span> <span class='ocrx_word' id='word_1_318' title='bbox 1769 1063 1846 1113; x_wconf 89' lang='lat' dir='ltr'>Ut</span> <span class='ocrx_word' id='word_1_319' title='bbox 1879 1077 1980 1113; x_wconf 89' lang='lat' dir='ltr'>non</span> <span class='ocrx_word' id='word_1_320' title='bbox 2017 1068 2265 1127; x_wconf 81' lang='lat' dir='ltr'>putarent</span> <span class='ocrx_word' id='word_1_321' title='bbox 2284 1065 2482 1117; x_wconf 83' lang='lat' dir='ltr'>saltem</span> 
     </span>
     <span class='ocr_line' id='line_1_62' title="bbox 1413 1137 2484 1192; baseline 0.003 -3"><span class='ocrx_word' id='word_1_322' title='bbox 1413 1137 1668 1190; x_wconf 82' lang='lat' dir='ltr'>delectari</span> <span class='ocrx_word' id='word_1_323' title='bbox 1686 1154 1800 1190; x_wconf 89' lang='lat' dir='ltr'>eum</span> <span class='ocrx_word' id='word_1_324' title='bbox 1817 1146 1872 1190; x_wconf 87' lang='lat' dir='ltr'>et</span> <span class='ocrx_word' id='word_1_325' title='bbox 1887 1140 2091 1190; x_wconf 77' lang='lat' dir='ltr'>titillari</span> <span class='ocrx_word' id='word_1_326' title='bbox 2104 1140 2385 1191; x_wconf 75' lang='lat' dir='ltr'>oblatione.</span> <span class='ocrx_word' id='word_1_327' title='bbox 2402 1143 2484 1192; x_wconf 78' lang='lat' dir='ltr'>Ia.</span> 
     </span>
    </p>

    <p class='ocr_par' dir='ltr' id='par_1_13' title="bbox 1404 1216 2505 4338">
     <span class='ocr_line' id='line_1_63' title="bbox 1480 1216 2483 1281; baseline 0.002 -15"><span class='ocrx_word' id='word_1_328' title='bbox 1480 1216 1614 1266; x_wconf 69' lang='lat' dir='ltr'>cn».</span> <span class='ocrx_word' id='word_1_329' title='bbox 1649 1230 1740 1265; x_wconf 71' lang='lat' dir='ltr'>nv.</span> <span class='ocrx_word' id='word_1_330' title='bbox 1813 1217 1953 1274; x_wconf 79' lang='lat' dir='ltr'>Quod</span> <span class='ocrx_word' id='word_1_331' title='bbox 1985 1216 2124 1281; x_wconf 76' lang='lat' dir='ltr'>ergo]</span> <span class='ocrx_word' id='word_1_332' title='bbox 2158 1216 2222 1266; x_wconf 90' lang='lat' dir='ltr'>In</span> <span class='ocrx_word' id='word_1_333' title='bbox 2254 1219 2364 1268; x_wconf 90' lang='lat' dir='ltr'>solo</span> <span class='ocrx_word' id='word_1_334' title='bbox 2393 1233 2483 1268; x_wconf 91' lang='lat' dir='ltr'>co-</span> 
     </span>
     <span class='ocr_line' id='line_1_64' title="bbox 1413 1290 2482 1358; baseline 0.004 -16"><span class='ocrx_word' id='word_1_335' title='bbox 1413 1290 1535 1342; x_wconf 87' lang='lat' dir='ltr'>dice</span> <span class='ocrx_word' id='word_1_336' title='bbox 1560 1292 1862 1354; x_wconf 73' lang='lat' dir='ltr'>parisiensi,</span> <span class='ocrx_word' id='word_1_337' title='bbox 1887 1299 1941 1342; x_wconf 85' lang='lat' dir='ltr'>et</span> <span class='ocrx_word' id='word_1_338' title='bbox 1964 1293 2016 1342; x_wconf 90' lang='lat' dir='ltr'>in</span> <span class='ocrx_word' id='word_1_339' title='bbox 2041 1294 2152 1343; x_wconf 84' lang='lat' dir='ltr'>sola</span> <span class='ocrx_word' id='word_1_340' title='bbox 2175 1294 2482 1358; x_wconf 72' lang='lat' dir='ltr'>cuspiniani</span> 
     </span>
     <span class='ocr_line' id='line_1_65' title="bbox 1412 1366 2482 1433; baseline 0.005 -17"><span class='ocrx_word' id='word_1_341' title='bbox 1412 1366 1666 1433; x_wconf 86' lang='lat' dir='ltr'>editione,</span> <span class='ocrx_word' id='word_1_342' title='bbox 1687 1366 1797 1418; x_wconf 82' lang='lat' dir='ltr'>haec</span> <span class='ocrx_word' id='word_1_343' title='bbox 1820 1368 1979 1418; x_wconf 88' lang='lat' dir='ltr'>lectio</span> <span class='ocrx_word' id='word_1_344' title='bbox 2013 1376 2198 1432; x_wconf 76' lang='lat' dir='ltr'>extat3</span> <span class='ocrx_word' id='word_1_345' title='bbox 2229 1373 2394 1420; x_wconf 88' lang='lat' dir='ltr'>ceteri</span> <span class='ocrx_word' id='word_1_346' title='bbox 2420 1372 2482 1421; x_wconf 89' lang='lat' dir='ltr'>li·</span> 
     </span>
     <span class='ocr_line' id='line_1_66' title="bbox 1412 1444 2482 1511; baseline 0.003 -16"><span class='ocrx_word' id='word_1_347' title='bbox 1412 1444 1494 1495; x_wconf 87' lang='lat' dir='ltr'>bri</span> <span class='ocrx_word' id='word_1_348' title='bbox 1520 1459 1696 1494; x_wconf 89' lang='lat' dir='ltr'>omnes</span> <span class='ocrx_word' id='word_1_349' title='bbox 1717 1444 1910 1496; x_wconf 89' lang='lat' dir='ltr'>habent</span> <span class='ocrx_word' id='word_1_350' title='bbox 1936 1446 2077 1503; x_wconf 78' lang='lat' dir='ltr'>Quod</span> <span class='ocrx_word' id='word_1_351' title='bbox 2097 1461 2203 1508; x_wconf 76' lang='lat' dir='ltr'>ego.</span> <span class='ocrx_word' id='word_1_352' title='bbox 2256 1448 2362 1496; x_wconf 87' lang='lat' dir='ltr'>Sed</span> <span class='ocrx_word' id='word_1_353' title='bbox 2391 1463 2482 1511; x_wconf 85' lang='lat' dir='ltr'>po·</span> 
     </span>
     <span class='ocr_line' id='line_1_67' title="bbox 1414 1521 2481 1587; baseline 0 -15"><span class='ocrx_word' id='word_1_354' title='bbox 1414 1521 1521 1573; x_wconf 85' lang='lat' dir='ltr'>tuit</span> <span class='ocrx_word' id='word_1_355' title='bbox 1541 1521 1715 1571; x_wconf 77' lang='lat' dir='ltr'>verior</span> <span class='ocrx_word' id='word_1_356' title='bbox 1743 1522 1899 1572; x_wconf 87' lang='lat' dir='ltr'>lectio</span> <span class='ocrx_word' id='word_1_357' title='bbox 1927 1523 2085 1572; x_wconf 88' lang='lat' dir='ltr'>etiam</span> <span class='ocrx_word' id='word_1_358' title='bbox 2109 1523 2160 1572; x_wconf 92' lang='lat' dir='ltr'>in</span> <span class='ocrx_word' id='word_1_359' title='bbox 2188 1525 2364 1587; x_wconf 82' lang='lat' dir='ltr'>paucis</span> <span class='ocrx_word' id='word_1_360' title='bbox 2389 1539 2481 1574; x_wconf 79' lang='lat' dir='ltr'>ex·</span> 
     </span>
     <span class='ocr_line' id='line_1_68' title="bbox 1414 1598 2481 1665; baseline 0.001 -17"><span class='ocrx_word' id='word_1_361' title='bbox 1414 1598 1729 1661; x_wconf 81' lang='lat' dir='ltr'>emplsribus</span> <span class='ocrx_word' id='word_1_362' title='bbox 1785 1598 1984 1647; x_wconf 75' lang='lat' dir='ltr'>servari</span> <span class='ocrx_word' id='word_1_363' title='bbox 2010 1615 2024 1649; x_wconf 73' lang='lat' dir='ltr'><em>z</em></span> <span class='ocrx_word' id='word_1_364' title='bbox 2094 1613 2265 1665; x_wconf 87' lang='lat' dir='ltr'>neque</span> <span class='ocrx_word' id='word_1_365' title='bbox 2321 1601 2481 1663; x_wconf 89' lang='lat' dir='ltr'>enim,</span> 
     </span>
     <span class='ocr_line' id='line_1_69' title="bbox 1412 1674 2481 1741; baseline 0.001 -17"><span class='ocrx_word' id='word_1_366' title='bbox 1412 1674 1553 1739; x_wconf 87' lang='lat' dir='ltr'>quod</span> <span class='ocrx_word' id='word_1_367' title='bbox 1579 1674 1691 1738; x_wconf 85' lang='lat' dir='ltr'>jam</span> <span class='ocrx_word' id='word_1_368' title='bbox 1727 1674 1852 1724; x_wconf 84' lang='lat' dir='ltr'>alibi</span> <span class='ocrx_word' id='word_1_369' title='bbox 1888 1674 2178 1740; x_wconf 79' lang='lat' dir='ltr'>observavi,</span> <span class='ocrx_word' id='word_1_370' title='bbox 2201 1675 2481 1741; x_wconf 62' lang='lat' dir='ltr'>quidquam</span> 
     </span>
     <span class='ocr_line' id='line_1_70' title="bbox 1411 1748 2479 1817; baseline 0.002 -17"><span class='ocrx_word' id='word_1_371' title='bbox 1411 1748 1740 1817; x_wconf 82' lang='lat' dir='ltr'>frequentius</span> <span class='ocrx_word' id='word_1_372' title='bbox 1776 1751 1886 1802; x_wconf 88' lang='lat' dir='ltr'>fieri</span> <span class='ocrx_word' id='word_1_373' title='bbox 1918 1753 2206 1811; x_wconf 83' lang='lat' dir='ltr'>consuevit,</span> <span class='ocrx_word' id='word_1_374' title='bbox 2240 1767 2392 1817; x_wconf 86' lang='lat' dir='ltr'>qnam</span> <span class='ocrx_word' id='word_1_375' title='bbox 2418 1759 2479 1803; x_wconf 85' lang='lat' dir='ltr'>ut</span> 
     </span>
     <span class='ocr_line' id='line_1_71' title="bbox 1407 1829 2481 1894; baseline 0 -16"><span class='ocrx_word' id='word_1_376' title='bbox 1407 1830 1491 1878; x_wconf 74' lang='lat' dir='ltr'>11ae</span> <span class='ocrx_word' id='word_1_377' title='bbox 1519 1844 1689 1893; x_wconf 79' lang='lat' dir='ltr'>voces,</span> <span class='ocrx_word' id='word_1_378' title='bbox 1725 1844 1862 1892; x_wconf 75' lang='lat' dir='ltr'>ergo,</span> <span class='ocrx_word' id='word_1_379' title='bbox 1884 1836 1938 1880; x_wconf 88' lang='lat' dir='ltr'>et</span> <span class='ocrx_word' id='word_1_380' title='bbox 1969 1844 2077 1894; x_wconf 78' lang='lat' dir='ltr'>ego,</span> <span class='ocrx_word' id='word_1_381' title='bbox 2097 1844 2129 1878; x_wconf 84' lang='lat' dir='ltr'>a</span> <span class='ocrx_word' id='word_1_382' title='bbox 2152 1829 2377 1879; x_wconf 86' lang='lat' dir='ltr'>librariis</span> <span class='ocrx_word' id='word_1_383' title='bbox 2402 1830 2481 1878; x_wconf 89' lang='lat' dir='ltr'>in-</span> 
     </span>
     <span class='ocr_line' id='line_1_72' title="bbox 1413 1904 2480 1969; baseline 0.001 -14"><span class='ocrx_word' id='word_1_384' title='bbox 1413 1912 1494 1955; x_wconf 86' lang='lat' dir='ltr'>ter</span> <span class='ocrx_word' id='word_1_385' title='bbox 1545 1920 1603 1956; x_wconf 88' lang='lat' dir='ltr'>se</span> <span class='ocrx_word' id='word_1_386' title='bbox 1655 1904 2114 1957; x_wconf 85' lang='lat' dir='ltr'>confunderentur.</span> <span class='ocrx_word' id='word_1_387' title='bbox 2195 1905 2480 1969; x_wconf 83' lang='lat' dir='ltr'>Postquam</span> 
     </span>
     <span class='ocr_line' id='line_1_73' title="bbox 1410 1981 2481 2045; baseline 0 -14"><span class='ocrx_word' id='word_1_388' title='bbox 1410 1981 1651 2031; x_wconf 84' lang='lat' dir='ltr'>nimirum</span> <span class='ocrx_word' id='word_1_389' title='bbox 1685 1982 1887 2031; x_wconf 86' lang='lat' dir='ltr'>Plinius</span> <span class='ocrx_word' id='word_1_390' title='bbox 1920 1982 2234 2045; x_wconf 70' lang='lat' dir='ltr'>singularem</span> <span class='ocrx_word' id='word_1_391' title='bbox 2268 1981 2481 2045; x_wconf 85' lang='lat' dir='ltr'>Trajani</span> 
     </span>
     <span class='ocr_line' id='line_1_74' title="bbox 1410 2057 2481 2120; baseline 0.001 -13"><span class='ocrx_word' id='word_1_392' title='bbox 1410 2058 1714 2109; x_wconf 81' lang='lat' dir='ltr'>modestiam</span> <span class='ocrx_word' id='word_1_393' title='bbox 1748 2059 1800 2107; x_wconf 91' lang='lat' dir='ltr'>in</span> <span class='ocrx_word' id='word_1_394' title='bbox 1834 2059 2108 2108; x_wconf 83' lang='lat' dir='ltr'>honoribus</span> <span class='ocrx_word' id='word_1_395' title='bbox 2139 2057 2236 2106; x_wconf 91' lang='lat' dir='ltr'>sibi</span> <span class='ocrx_word' id='word_1_396' title='bbox 2273 2057 2481 2120; x_wconf 85' lang='lat' dir='ltr'>oblatis,</span> 
     </span>
     <span class='ocr_line' id='line_1_75' title="bbox 1411 2135 2481 2199; baseline -0.001 -14"><span class='ocrx_word' id='word_1_397' title='bbox 1411 2143 1504 2185; x_wconf 80' lang='lat' dir='ltr'>sut</span> <span class='ocrx_word' id='word_1_398' title='bbox 1541 2136 1844 2199; x_wconf 71' lang='lat' dir='ltr'>parcissime</span> <span class='ocrx_word' id='word_1_399' title='bbox 1877 2135 2185 2192; x_wconf 83' lang='lat' dir='ltr'>delibandis.</span> <span class='ocrx_word' id='word_1_400' title='bbox 2208 2143 2298 2185; x_wconf 85' lang='lat' dir='ltr'>aut</span> <span class='ocrx_word' id='word_1_401' title='bbox 2320 2137 2481 2184; x_wconf 90' lang='lat' dir='ltr'>omni-</span> 
     </span>
     <span class='ocr_line' id='line_1_76' title="bbox 1411 2211 2480 2276; baseline 0 -15"><span class='ocrx_word' id='word_1_402' title='bbox 1411 2225 1479 2261; x_wconf 85' lang='lat' dir='ltr'>no</span> <span class='ocrx_word' id='word_1_403' title='bbox 1502 2212 1823 2274; x_wconf 74' lang='lat' dir='ltr'>recusandis,</span> <span class='ocrx_word' id='word_1_404' title='bbox 1851 2211 2117 2276; x_wconf 81' lang='lat' dir='ltr'>bucusque</span> <span class='ocrx_word' id='word_1_405' title='bbox 2152 2211 2480 2261; x_wconf 75' lang='lat' dir='ltr'>collaudave-</span> 
     </span>
     <span class='ocr_line' id='line_1_77' title="bbox 1413 2288 2484 2353; baseline 0.003 -17"><span class='ocrx_word' id='word_1_406' title='bbox 1413 2294 1517 2352; x_wconf 82' lang='lat' dir='ltr'>rat,</span> <span class='ocrx_word' id='word_1_407' title='bbox 1549 2293 1608 2337; x_wconf 89' lang='lat' dir='ltr'>et</span> <span class='ocrx_word' id='word_1_408' title='bbox 1647 2302 1762 2336; x_wconf 90' lang='lat' dir='ltr'>cum</span> <span class='ocrx_word' id='word_1_409' title='bbox 1803 2288 1984 2337; x_wconf 86' lang='lat' dir='ltr'>insana</span> <span class='ocrx_word' id='word_1_410' title='bbox 2021 2289 2248 2351; x_wconf 89' lang='lat' dir='ltr'>priorum</span> <span class='ocrx_word' id='word_1_411' title='bbox 2285 2288 2484 2353; x_wconf 75' lang='lat' dir='ltr'>aliquot</span> 
     </span>
     <span class='ocr_line' id='line_1_78' title="bbox 1413 2365 2483 2430; baseline -0.001 -15"><span class='ocrx_word' id='word_1_412' title='bbox 1413 2366 1710 2430; x_wconf 80' lang='lat' dir='ltr'>principum</span> <span class='ocrx_word' id='word_1_413' title='bbox 1762 2365 2046 2415; x_wconf 82' lang='lat' dir='ltr'>ambitione</span> <span class='ocrx_word' id='word_1_414' title='bbox 2099 2365 2483 2426; x_wconf 80' lang='lat' dir='ltr'>contenderat3</span> 
     </span>
     <span class='ocr_line' id='line_1_79' title="bbox 1412 2443 2483 2507; baseline 0.001 -16"><span class='ocrx_word' id='word_1_415' title='bbox 1412 2455 1571 2507; x_wconf 78' lang='lat' dir='ltr'>utine,</span> <span class='ocrx_word' id='word_1_416' title='bbox 1614 2443 1763 2506; x_wconf 88' lang='lat' dir='ltr'>quasi</span> <span class='ocrx_word' id='word_1_417' title='bbox 1806 2443 2144 2492; x_wconf 85' lang='lat' dir='ltr'>conclusurus</span> <span class='ocrx_word' id='word_1_418' title='bbox 2187 2443 2286 2492; x_wconf 80' lang='lat' dir='ltr'>hoc</span> <span class='ocrx_word' id='word_1_419' title='bbox 2329 2457 2483 2507; x_wconf 74' lang='lat' dir='ltr'>argu·</span> 
     </span>
     <span class='ocr_line' id='line_1_80' title="bbox 1411 2517 2481 2583; baseline -0.002 -14"><span class='ocrx_word' id='word_1_420' title='bbox 1411 2526 1668 2582; x_wconf 89' lang='lat' dir='ltr'>mentum,</span> <span class='ocrx_word' id='word_1_421' title='bbox 1684 2517 1931 2582; x_wconf 86' lang='lat' dir='ltr'>ostendit,</span> <span class='ocrx_word' id='word_1_422' title='bbox 1947 2518 2062 2582; x_wconf 88' lang='lat' dir='ltr'>quis</span> <span class='ocrx_word' id='word_1_423' title='bbox 2081 2517 2302 2581; x_wconf 82' lang='lat' dir='ltr'>fructus,</span> <span class='ocrx_word' id='word_1_424' title='bbox 2319 2533 2481 2583; x_wconf 82' lang='lat' dir='ltr'>qnan-</span> 
     </span>
     <span class='ocr_line' id='line_1_81' title="bbox 1410 2595 2482 2661; baseline -0.002 -15"><span class='ocrx_word' id='word_1_425' title='bbox 1410 2601 1600 2661; x_wconf 88' lang='lat' dir='ltr'>tusque</span> <span class='ocrx_word' id='word_1_426' title='bbox 1623 2595 1802 2659; x_wconf 64' lang='lat' dir='ltr'>gloriar</span> <span class='ocrx_word' id='word_1_427' title='bbox 1824 2595 2167 2652; x_wconf 74' lang='lat' dir='ltr'>cumulus‚ex.</span> <span class='ocrx_word' id='word_1_428' title='bbox 2185 2595 2284 2643; x_wconf 86' lang='lat' dir='ltr'>ista</span> <span class='ocrx_word' id='word_1_429' title='bbox 2305 2595 2482 2644; x_wconf 83' lang='lat' dir='ltr'>mode-</span> 
     </span>
     <span class='ocr_line' id='line_1_82' title="bbox 1413 2668 2485 2734; baseline -0.003 -13"><span class='ocrx_word' id='word_1_430' title='bbox 1413 2673 1617 2721; x_wconf 86' lang='lat' dir='ltr'>ratione</span> <span class='ocrx_word' id='word_1_431' title='bbox 1648 2668 1713 2719; x_wconf 87' lang='lat' dir='ltr'>ad</span> <span class='ocrx_word' id='word_1_432' title='bbox 1746 2670 2024 2734; x_wconf 84' lang='lat' dir='ltr'>Trajanum</span> <span class='ocrx_word' id='word_1_433' title='bbox 2060 2670 2128 2718; x_wconf 89' lang='lat' dir='ltr'>sit</span> <span class='ocrx_word' id='word_1_434' title='bbox 2166 2669 2485 2719; x_wconf 83' lang='lat' dir='ltr'>redundatu-</span> 
     </span>
     <span class='ocr_line' id='line_1_83' title="bbox 1411 2746 2480 2808; baseline 0 -12"><span class='ocrx_word' id='word_1_435' title='bbox 1411 2761 1518 2797; x_wconf 86' lang='lat' dir='ltr'>rns.</span> <span class='ocrx_word' id='word_1_436' title='bbox 1585 2746 1862 2796; x_wconf 82' lang='lat' dir='ltr'>Cobaerent</span> <span class='ocrx_word' id='word_1_437' title='bbox 1882 2759 2007 2808; x_wconf 78' lang='lat' dir='ltr'>ergo</span> <span class='ocrx_word' id='word_1_438' title='bbox 2025 2760 2142 2795; x_wconf 88' lang='lat' dir='ltr'>cum</span> <span class='ocrx_word' id='word_1_439' title='bbox 2167 2746 2480 2806; x_wconf 82' lang='lat' dir='ltr'>anteceden-</span> 
     </span>
     <span class='ocr_line' id='line_1_84' title="bbox 1411 2823 2484 2887; baseline -0.002 -13"><span class='ocrx_word' id='word_1_440' title='bbox 1411 2826 1550 2875; x_wconf 85' lang='lat' dir='ltr'>tibus</span> <span class='ocrx_word' id='word_1_441' title='bbox 1570 2823 1728 2872; x_wconf 86' lang='lat' dir='ltr'>verba</span> <span class='ocrx_word' id='word_1_442' title='bbox 1743 2823 2035 2887; x_wconf 85' lang='lat' dir='ltr'>sequentia,</span> <span class='ocrx_word' id='word_1_443' title='bbox 2055 2830 2068 2853; x_wconf 83' lang='lat'>‘</span> <span class='ocrx_word' id='word_1_444' title='bbox 2080 2823 2189 2872; x_wconf 75' lang='lat' dir='ltr'>Ibit</span> <span class='ocrx_word' id='word_1_445' title='bbox 2207 2823 2257 2871; x_wconf 91' lang='lat' dir='ltr'>in</span> <span class='ocrx_word' id='word_1_446' title='bbox 2272 2823 2484 2885; x_wconf 82' lang='lat' dir='ltr'>saeeula,</span> 
     </span>
     <span class='ocr_line' id='line_1_85' title="bbox 1409 2901 2483 2968; baseline -0.003 -13"><span class='ocrx_word' id='word_1_447' title='bbox 1409 2903 1575 2955; x_wconf 82' lang='lat' dir='ltr'>fuisse</span> <span class='ocrx_word' id='word_1_448' title='bbox 1592 2901 2028 2968; x_wconf 82' lang='lat' dir='ltr'>principem,&amp;c.’</span> <span class='ocrx_word' id='word_1_449' title='bbox 2043 2916 2230 2964; x_wconf 81' lang='lat' dir='ltr'>necea,</span> <span class='ocrx_word' id='word_1_450' title='bbox 2246 2901 2483 2965; x_wconf 82' lang='lat' dir='ltr'>perfecta</span> 
     </span>
     <span class='ocr_line' id='line_1_86' title="bbox 1409 2982 2480 3048; baseline -0.005 -12"><span class='ocrx_word' id='word_1_451' title='bbox 1409 2985 1845 3048; x_wconf 85' lang='lat' dir='ltr'>interpunctione,</span> <span class='ocrx_word' id='word_1_452' title='bbox 1874 2984 2040 3033; x_wconf 88' lang='lat' dir='ltr'>multo</span> <span class='ocrx_word' id='word_1_453' title='bbox 2065 2982 2229 3031; x_wconf 86' lang='lat' dir='ltr'>minus</span> <span class='ocrx_word' id='word_1_454' title='bbox 2252 2982 2369 3031; x_wconf 80' lang='lat' dir='ltr'>novi</span> <span class='ocrx_word' id='word_1_455' title='bbox 2393 2997 2480 3032; x_wconf 81' lang='lat' dir='ltr'>ca-</span> 
     </span>
     <span class='ocr_line' id='line_1_87' title="bbox 1411 3059 2484 3125; baseline -0.003 -16"><span class='ocrx_word' id='word_1_456' title='bbox 1411 3063 1557 3125; x_wconf 89' lang='lat' dir='ltr'>pitis,</span> <span class='ocrx_word' id='word_1_457' title='bbox 1585 3061 1694 3111; x_wconf 82' lang='lat' dir='ltr'>sive</span> <span class='ocrx_word' id='word_1_458' title='bbox 1731 3060 1995 3124; x_wconf 87' lang='lat' dir='ltr'>sectionis,</span> <span class='ocrx_word' id='word_1_459' title='bbox 2033 3059 2308 3121; x_wconf 74' lang='lat' dir='ltr'>divisione,</span> <span class='ocrx_word' id='word_1_460' title='bbox 2357 3074 2387 3107; x_wconf 84' lang='lat' dir='ltr'>a</span> <span class='ocrx_word' id='word_1_461' title='bbox 2427 3074 2484 3107; x_wconf 84' lang='lat' dir='ltr'>se</span> 
     </span>
     <span class='ocr_line' id='line_1_88' title="bbox 1410 3136 2484 3201; baseline -0.001 -14"><span class='ocrx_word' id='word_1_462' title='bbox 1410 3139 1634 3188; x_wconf 81' lang='lat' dir='ltr'>invicem</span> <span class='ocrx_word' id='word_1_463' title='bbox 1659 3145 1780 3187; x_wconf 89' lang='lat' dir='ltr'>sunt</span> <span class='ocrx_word' id='word_1_464' title='bbox 1800 3137 2144 3201; x_wconf 75' lang='lat' dir='ltr'>sejungenda.</span> <span class='ocrx_word' id='word_1_465' title='bbox 2212 3137 2327 3188; x_wconf 81' lang='lat' dir='ltr'>Qua</span> <span class='ocrx_word' id='word_1_466' title='bbox 2351 3136 2404 3186; x_wconf 92' lang='lat' dir='ltr'>in</span> <span class='ocrx_word' id='word_1_467' title='bbox 2425 3151 2484 3186; x_wconf 89' lang='lat' dir='ltr'>re</span> 
     </span>
     <span class='ocr_line' id='line_1_89' title="bbox 1408 3215 2482 3278; baseline 0.001 -14"><span class='ocrx_word' id='word_1_468' title='bbox 1408 3223 1619 3266; x_wconf 86' lang='lat' dir='ltr'>secutus</span> <span class='ocrx_word' id='word_1_469' title='bbox 1660 3230 1773 3265; x_wconf 89' lang='lat' dir='ltr'>sum</span> <span class='ocrx_word' id='word_1_470' title='bbox 1816 3230 1932 3265; x_wconf 88' lang='lat' dir='ltr'>eam</span> <span class='ocrx_word' id='word_1_471' title='bbox 1988 3215 2482 3278; x_wconf 86' lang='lat' dir='ltr'>interpunctionem,</span> 
     </span>
     <span class='ocr_line' id='line_1_90' title="bbox 1409 3283 2481 3358; baseline 0 -16"><span class='ocrx_word' id='word_1_472' title='bbox 1409 3306 1563 3358; x_wconf 84' lang='lat' dir='ltr'>quam</span> <span class='ocrx_word' id='word_1_473' title='bbox 1589 3291 1798 3357; x_wconf 86' lang='lat' dir='ltr'>quidem</span> <span class='ocrx_word' id='word_1_474' title='bbox 1822 3283 1930 3356; x_wconf 81' lang='lat' dir='ltr'>jam</span> <span class='ocrx_word' id='word_1_475' title='bbox 1966 3291 2019 3341; x_wconf 89' lang='lat' dir='ltr'>iu</span> <span class='ocrx_word' id='word_1_476' title='bbox 2055 3292 2190 3340; x_wconf 79' lang='lat' dir='ltr'>notis</span> <span class='ocrx_word' id='word_1_477' title='bbox 2221 3306 2481 3342; x_wconf 77' lang='lat' dir='ltr'>commen·</span> 
     </span>
     <span class='ocr_line' id='line_1_91' title="bbox 1408 3367 2484 3432; baseline -0.001 -15"><span class='ocrx_word' id='word_1_478' title='bbox 1408 3367 1581 3432; x_wconf 80' lang='lat' dir='ltr'>davit,</span> <span class='ocrx_word' id='word_1_479' title='bbox 1596 3368 1764 3418; x_wconf 87' lang='lat' dir='ltr'>sedin</span> <span class='ocrx_word' id='word_1_480' title='bbox 1781 3369 2008 3418; x_wconf 85' lang='lat' dir='ltr'>editione</span> <span class='ocrx_word' id='word_1_481' title='bbox 2025 3383 2118 3417; x_wconf 85' lang='lat' dir='ltr'>sua</span> <span class='ocrx_word' id='word_1_482' title='bbox 2137 3367 2248 3431; x_wconf 85' lang='lat' dir='ltr'>ipse</span> <span class='ocrx_word' id='word_1_483' title='bbox 2267 3382 2370 3419; x_wconf 89' lang='lat' dir='ltr'>non</span> <span class='ocrx_word' id='word_1_484' title='bbox 2391 3382 2484 3418; x_wconf 84' lang='lat' dir='ltr'>ex·</span> 
     </span>
     <span class='ocr_line' id='line_1_92' title="bbox 1409 3443 2482 3508; baseline 0.001 -16"><span class='ocrx_word' id='word_1_485' title='bbox 1409 3444 1916 3508; x_wconf 85' lang='lat' dir='ltr'>pressit,Gruterns.</span> <span class='ocrx_word' id='word_1_486' title='bbox 1950 3443 2299 3493; x_wconf 81' lang='lat' dir='ltr'>Grammatica</span> <span class='ocrx_word' id='word_1_487' title='bbox 2323 3444 2482 3506; x_wconf 77' lang='lat' dir='ltr'>igitur</span> 
     </span>
     <span class='ocr_line' id='line_1_93' title="bbox 1408 3521 2481 3572; baseline -0.001 0"><span class='ocrx_word' id='word_1_488' title='bbox 1408 3526 1465 3571; x_wconf 82' lang='lat' dir='ltr'>et</span> <span class='ocrx_word' id='word_1_489' title='bbox 1495 3523 1747 3572; x_wconf 85' lang='lat' dir='ltr'>naturalis</span> <span class='ocrx_word' id='word_1_490' title='bbox 1779 3522 1959 3571; x_wconf 83' lang='lat' dir='ltr'>horum</span> <span class='ocrx_word' id='word_1_491' title='bbox 1995 3521 2272 3571; x_wconf 82' lang='lat' dir='ltr'>verborum</span> <span class='ocrx_word' id='word_1_492' title='bbox 2309 3530 2481 3571; x_wconf 85' lang='lat' dir='ltr'>struc-</span> 
     </span>
     <span class='ocr_line' id='line_1_94' title="bbox 1408 3595 2505 3662; baseline 0 -15"><span class='ocrx_word' id='word_1_493' title='bbox 1408 3604 1527 3648; x_wconf 83' lang='lat' dir='ltr'>tura</span> <span class='ocrx_word' id='word_1_494' title='bbox 1558 3606 1677 3662; x_wconf 82' lang='lat' dir='ltr'>‘est,</span> <span class='ocrx_word' id='word_1_495' title='bbox 1756 3596 1978 3650; x_wconf 81' lang='lat' dir='ltr'>Quando</span> <span class='ocrx_word' id='word_1_496' title='bbox 2019 3595 2080 3660; x_wconf 90' lang='lat' dir='ltr'>(i.</span> <span class='ocrx_word' id='word_1_497' title='bbox 2114 3610 2162 3643; x_wconf 90' lang='lat' dir='ltr'>e.</span> <span class='ocrx_word' id='word_1_498' title='bbox 2203 3596 2470 3659; x_wconf 87' lang='lat' dir='ltr'>qnoniam)</span> <span class='ocrx_word' id='word_1_499' title='bbox 2502 3646 2505 3647; x_wconf 10' lang='grc' dir='ltr'><em>γ</em></span> 
     </span>
     <span class='ocr_line' id='line_1_95' title="bbox 1408 3669 2474 3737; baseline -0.004 -15"><span class='ocrx_word' id='word_1_500' title='bbox 1408 3688 1536 3737; x_wconf 78' lang='lat' dir='ltr'>ergo</span> <span class='ocrx_word' id='word_1_501' title='bbox 1560 3687 1748 3724; x_wconf 88' lang='lat' dir='ltr'>nomeu</span> <span class='ocrx_word' id='word_1_502' title='bbox 1781 3679 1924 3722; x_wconf 88' lang='lat' dir='ltr'>tuum</span> <span class='ocrx_word' id='word_1_503' title='bbox 1959 3686 2060 3721; x_wconf 89' lang='lat' dir='ltr'>nou</span> <span class='ocrx_word' id='word_1_504' title='bbox 2086 3669 2338 3719; x_wconf 85' lang='lat' dir='ltr'>inciditur</span> <span class='ocrx_word' id='word_1_505' title='bbox 2370 3678 2474 3720; x_wconf 82' lang='lat' dir='ltr'>trs-</span> 
     </span>
     <span class='ocr_line' id='line_1_96' title="bbox 1407 3747 2473 3812; baseline -0.004 -12"><span class='ocrx_word' id='word_1_506' title='bbox 1407 3748 1577 3812; x_wconf 84' lang='lat' dir='ltr'>b&#39;ibus,</span> <span class='ocrx_word' id='word_1_507' title='bbox 1600 3755 1690 3799; x_wconf 88' lang='lat' dir='ltr'>aut</span> <span class='ocrx_word' id='word_1_508' title='bbox 1714 3749 1876 3810; x_wconf 80' lang='lat' dir='ltr'>saxis,</span> <span class='ocrx_word' id='word_1_509' title='bbox 1907 3747 1998 3796; x_wconf 79' lang='lat' dir='ltr'>sed</span> <span class='ocrx_word' id='word_1_510' title='bbox 2025 3747 2348 3796; x_wconf 85' lang='lat' dir='ltr'>monimentis</span> <span class='ocrx_word' id='word_1_511' title='bbox 2366 3748 2473 3796; x_wconf 85' lang='lat' dir='ltr'>lau·</span> 
     </span>
     <span class='ocr_line' id='line_1_97' title="bbox 1408 3822 2478 3890; baseline -0.002 -16"><span class='ocrx_word' id='word_1_512' title='bbox 1408 3826 1487 3874; x_wconf 89' lang='lat' dir='ltr'>dis</span> <span class='ocrx_word' id='word_1_513' title='bbox 1512 3832 1722 3875; x_wconf 78' lang='lat' dir='ltr'>aeternae</span> <span class='ocrx_word' id='word_1_514' title='bbox 1743 3841 1759 3887; x_wconf 70' lang='grc' dir='ltr'><strong><em>ς</em></strong></span> <span class='ocrx_word' id='word_1_515' title='bbox 1796 3825 1936 3890; x_wconf 75' lang='grc' dir='ltr'>ψιοά</span> <span class='ocrx_word' id='word_1_516' title='bbox 1961 3838 2078 3873; x_wconf 88' lang='lat' dir='ltr'>reor</span> <span class='ocrx_word' id='word_1_517' title='bbox 2100 3822 2388 3885; x_wconf 83' lang='lat' dir='ltr'>speciosius</span> <span class='ocrx_word' id='word_1_518' title='bbox 2410 3824 2478 3872; x_wconf 87' lang='lat' dir='ltr'>ti·</span> 
     </span>
     <span class='ocr_line' id='line_1_98' title="bbox 1407 3896 2477 3965; baseline -0.004 -13"><span class='ocrx_word' id='word_1_519' title='bbox 1407 3903 1529 3952; x_wconf 87' lang='lat' dir='ltr'>tulis</span> <span class='ocrx_word' id='word_1_520' title='bbox 1553 3901 1826 3965; x_wconf 70' lang='lat' dir='ltr'>omnibusz</span> <span class='ocrx_word' id='word_1_521' title='bbox 1863 3900 1961 3949; x_wconf 86' lang='lat' dir='ltr'>ibit</span> <span class='ocrx_word' id='word_1_522' title='bbox 1987 3901 2038 3948; x_wconf 90' lang='lat' dir='ltr'>in</span> <span class='ocrx_word' id='word_1_523' title='bbox 2076 3898 2286 3953; x_wconf 80' lang='lat' dir='ltr'>saecula,</span> <span class='ocrx_word' id='word_1_524' title='bbox 2314 3896 2477 3948; x_wconf 85' lang='lat' dir='ltr'>fuisse</span> 
     </span>
     <span class='ocr_line' id='line_1_99' title="bbox 1408 3976 2475 4043; baseline -0.001 -16"><span class='ocrx_word' id='word_1_525' title='bbox 1408 3978 1737 4043; x_wconf 79' lang='lat' dir='ltr'>principen1,’</span> <span class='ocrx_word' id='word_1_526' title='bbox 1755 3981 1856 4028; x_wconf 67' lang='grc' dir='ltr'>ὅτε.</span> <span class='ocrx_word' id='word_1_527' title='bbox 1924 3978 1982 4027; x_wconf 83' lang='lat' dir='ltr'>si</span> <span class='ocrx_word' id='word_1_528' title='bbox 2008 3976 2120 4041; x_wconf 81' lang='lat' dir='ltr'>quis</span> <span class='ocrx_word' id='word_1_529' title='bbox 2145 3990 2266 4024; x_wconf 85' lang='lat' dir='ltr'>vero</span> <span class='ocrx_word' id='word_1_530' title='bbox 2289 3989 2475 4039; x_wconf 86' lang='lat' dir='ltr'>prono-</span> 
     </span>
     <span class='ocr_line' id='line_1_100' title="bbox 1406 4052 2476 4118; baseline -0.002 -13"><span class='ocrx_word' id='word_1_531' title='bbox 1406 4071 1526 4105; x_wconf 86' lang='lat' dir='ltr'>men</span> <span class='ocrx_word' id='word_1_532' title='bbox 1551 4071 1638 4118; x_wconf 78' lang='lat' dir='ltr'>ego</span> <span class='ocrx_word' id='word_1_533' title='bbox 1658 4055 1984 4105; x_wconf 86' lang='lat' dir='ltr'>nibilominus</span> <span class='ocrx_word' id='word_1_534' title='bbox 2009 4052 2250 4110; x_wconf 84' lang='lat' dir='ltr'>retinere,</span> <span class='ocrx_word' id='word_1_535' title='bbox 2277 4058 2333 4103; x_wconf 88' lang='lat' dir='ltr'>et</span> <span class='ocrx_word' id='word_1_536' title='bbox 2357 4068 2476 4103; x_wconf 91' lang='lat' dir='ltr'>cum</span> 
     </span>
     <span class='ocr_line' id='line_1_101' title="bbox 1408 4129 2475 4196; baseline 0 -16"><span class='ocrx_word' id='word_1_537' title='bbox 1408 4132 1568 4182; x_wconf 86' lang='lat' dir='ltr'>verbo</span> <span class='ocrx_word' id='word_1_538' title='bbox 1589 4147 1698 4183; x_wconf 80' lang='lat' dir='ltr'>reor</span> <span class='ocrx_word' id='word_1_539' title='bbox 1713 4133 2034 4196; x_wconf 82' lang='lat' dir='ltr'>conjungere</span> <span class='ocrx_word' id='word_1_540' title='bbox 2054 4129 2231 4191; x_wconf 60' lang='lat' dir='ltr'>malin</span> <span class='ocrx_word' id='word_1_541' title='bbox 2263 4129 2312 4178; x_wconf 90' lang='lat' dir='ltr'>ei</span> <span class='ocrx_word' id='word_1_542' title='bbox 2336 4130 2475 4180; x_wconf 80' lang='lat' dir='ltr'>haud</span> 
     </span>
     <span class='ocr_line' id='line_1_102' title="bbox 1404 4207 2474 4273; baseline -0.001 -15"><span class='ocrx_word' id='word_1_543' title='bbox 1404 4210 1754 4273; x_wconf 85' lang='lat' dir='ltr'>pertinaciter</span> <span class='ocrx_word' id='word_1_544' title='bbox 1777 4208 2107 4273; x_wconf 80' lang='lat' dir='ltr'>ret‘ragabor:</span> <span class='ocrx_word' id='word_1_545' title='bbox 2144 4207 2303 4257; x_wconf 86' lang='lat' dir='ltr'>nihilo</span> <span class='ocrx_word' id='word_1_546' title='bbox 2334 4208 2474 4257; x_wconf 85' lang='lat' dir='ltr'>enim</span> 
     </span>
     <span class='ocr_line' id='line_1_103' title="bbox 1405 4285 2477 4338; baseline 0.003 -5"><span class='ocrx_word' id='word_1_547' title='bbox 1405 4285 1572 4334; x_wconf 88' lang='lat' dir='ltr'>minus</span> <span class='ocrx_word' id='word_1_548' title='bbox 1626 4285 1965 4338; x_wconf 73' lang='lat' dir='ltr'>cohaerebunt</span> <span class='ocrx_word' id='word_1_549' title='bbox 2009 4285 2123 4335; x_wconf 79' lang='lat' dir='ltr'>istae</span> <span class='ocrx_word' id='word_1_550' title='bbox 2179 4287 2477 4337; x_wconf 76' lang='lat' dir='ltr'>seutentiae.</span> 
     </span>
    </p>
   </div>
   <div class='ocr_carea' id='block_1_7' title="bbox 1406 4363 2339 4491">
    <p class='ocr_par' dir='ltr' id='par_1_14' title="bbox 1406 4363 2339 4491">
     <span class='ocr_line' id='line_1_104' title="bbox 1406 4363 1649 4434; baseline 0.008 -22"><span class='ocrx_word' id='word_1_551' title='bbox 1406 4363 1649 4434; x_wconf 64' lang='lat' dir='ltr'>Senum.</span> 
     </span>
     <span class='ocr_line' id='line_1_105' title="bbox 2232 4442 2339 4491; baseline 0 0"><span class='ocrx_word' id='word_1_552' title='bbox 2232 4446 2262 4491; x_wconf 80' lang='grc'><strong>3</strong></span> <span class='ocrx_word' id='word_1_553' title='bbox 2288 4442 2339 4491; x_wconf 93' lang='lat' dir='ltr'><strong>D</strong></span> 
     </span>
    </p>
   </div>
  </div>
 </body>
</html>
