3017 4942
493 390 626 461 638

494 567 547 618 p.
574 555 692 602 480.
731 549 1105 602 annotavimus.
1171 551 1259 601 Sic
1293 551 1451 601 etiam
1483 550 1559 601 lo·

494 628 672 695 quitur
702 627 904 677 Seneca
944 628 1115 692 Epist.
1149 632 1234 678 24.
1269 633 1284 657 ‘
1309 628 1564 691 Stultum,

495 703 618 768 quia
642 702 976 768 *quandoque
1020 703 1092 753 sis
1135 702 1340 753 futurus
1382 703 1561 767 miser,

492 793 613 831 esse
624 780 736 845 jam
755 778 1042 830 miserum.'
1107 780 1244 830 Item
1262 779 1431 829 Tacit.
1452 778 1562 828 An-

496 858 602 907 nal.
627 870 705 907 vr.
741 861 827 907 20.
859 858 876 887 ‘
897 857 970 907 Et
992 863 1068 922 tu,
1106 858 1297 913 Galba,
1329 855 1561 921 quando·

495 948 597 997 que
622 932 924 997 degustabis
946 933 1257 997 imperium-⁹
1322 933 1445 983 Non
1475 939 1563 982 est

498 1023 643 1074 ergo,
664 1010 767 1060 nisi
790 1010 1032 1060 mendum
1056 1025 1086 1060 a
1109 1010 1320 1060 librario
1354 1008 1562 1074 profec-

497 1091 627 1143 tum,
652 1084 791 1151 quod
817 1085 869 1135 in
890 1086 1026 1137 libro
1059 1087 1314 1136 Vossiano
1348 1091 1562 1136 annota-

498 1169 606 1226 tur,
627 1168 912 1228 quantoque.
948 1164 1064 1213 Nec
1086 1162 1259 1225 video,
1280 1176 1384 1227 quo
1405 1160 1561 1211 modo

497 1238 772 1302 Heinsius,
806 1238 875 1289 ad
913 1240 1194 1290 acuendam
1233 1239 1412 1291 Pliniii
1443 1253 1561 1289 sen·

497 1315 739 1377 tentiam,
770 1315 1055 1381 conjicere*
1077 1315 1328 1379 potuerit,
1374 1314 1561 1364 rescri-

497 1391 724 1443 bendum
745 1408 858 1443 esse
883 1398 1056 1457 quanto
1073 1398 1142 1447 tu.
1163 1397 1432 1457 quantoque
1450 1392 1563 1453 dig-

497 1468 608 1519 nior
637 1469 788 1520 coelo!
856 1470 1027 1520 Nemo
1071 1468 1289 1533 negabit
1324 1476 1561 1518 oratores

496 1552 553 1595 et
575 1545 756 1611 poetas
779 1561 895 1597 cnm
912 1546 1143 1610 emphasi
1167 1543 1448 1609 aliquando
1470 1559 1561 1594 vo-

497 1636 597 1673 ces·
630 1630 877 1687 repetere
895 1638 928 1685 ς·
944 1622 1058 1684 sed,
1101 1621 1310 1688 quando
1349 1635 1437 1671 eas
1482 1620 1559 1669 sic

496 1706 748 1762 repetunt
781 1713 896 1749 cnm
940 1699 1204 1763 particula
1240 1696 1559 1761 copulandi?

494 1775 775 1841 Exempla,
792 1785 908 1840 quae
934 1774 1086 1826 affert
1108 1775 1445 1839 Arntzenius,
1460 1774 1562 1825 buc

495 1865 599 1901 non
646 1852 928 1916 pertinent.
1018 1852 1206 1916 Neque
1246 1852 1384 1902 enim
1431 1851 1562 1901 dicit

497 1930 711 1979 Terent.
752 1930 803 1979 in
832 1928 997 1979 Andr.
1018 1944 1071 1979 v.
1094 1933 1144 1979 8.
1170 1933 1253 1979 12.
1287 1936 1302 1958 ·
1322 1927 1466 1978 Olim
1490 1928 1560 1978 is·

497 2009 613 2067 tue,
669 2004 901 2068 olimque,
926 2003 943 2027 '
995 2006 1098 2055 διο.
1199 2005 1320 2055 Nec
1373 2004 1560 2069 Virgil.

496 2081 697 2147 Georg.
740 2096 841 2132 1v.·
864 2087 981 2133 358.
1014 2090 1030 2113 ⁴
1057 2084 1176 2133 Duc
1213 2099 1328 2148 age,
1368 2083 1561 2147 ducque

495 2158 562 2210 ad
585 2159 713 2209 nos-³
778 2160 847 2209 Et
873 2160 987 2210 AEn.
1012 2173 1076 2210 n.
1097 2164 1212 2212 602.
1237 2168 1252 2190 ‘
1273 2162 1459 2211 Divom
1484 2162 1561 2211 in·

494 2237 797 2299 clementia,
851 2239 1133 2302 Divomque
1166 2269 1169 2272 >
1191 2239 1304 2289 Has
1364 2241 1560 2290 evertit

495 2313 664 2377 opes.’
725 2314 820 2365 Sic-
838 2320 896 2365 et
915 2322 1093 2366 cetera
1116 2316 1229 2379 ejus
1254 2318 1462 2380 generis
1487 2318 1561 2367 lo·

495 2404 557 2440 ca
581 2391 664 2440 hic
685 2389 882 2441 frustra
903 2392 1253 2441 cumulantur.
1287 2392 1531 2442 Schmun-za

561 2468 663 2517 Res
685 2468 786 2517 iuis
807 2467 1046 2528 adiecisti,
1059 2490 1062 2493 ⁴
1072 2472 1270 2531 propter
1291 2482 1404 2531 quas
1426 2469 1564 2517 illum

496 2544 894 2607 Deumsecimus]
933 2546 1050 2595 Non
1074 2545 1239 2594 solum
1276 2544 1330 2594 in
1368 2546 1563 2595 codici·

473 2620 595 2670 'bus
614 2622 747 2671 Mss.
779 2621 1052 2672 Vaticanis
1077 2625 1224 2671 1775.
1251 2626 1308 2671 et
1332 2625 1478 2672 1776.
1494 2622 1561 2670 'in

491 2696 797 2759 Parisiensi,
815 2698 1039 2760 Veneto,
1058 2705 1113 2748 et
1137 2712 1274 2760 meo,
1291 2697 1383 2747 sed
1402 2697 1563 2747 etiam

493 2775 716 2840 antebac
732 2775 785 2825 iu
805 2776 1041 2826 omnibus
1065 2775 1272 2825 excusis
1294 2790 1442 2825 exem
1452 2776 1561 2839 pla-

494 2850 654 2907 ribus,
679 2865 770 2913 pro
785 2852 902 2909 iuis,
916 2851 1230 2915 exprimitur
1244 2852 1339 2901 illi.
1376 2852 1560 2902 Codex

493 2940 620 2977 vero
637 2927 922 2977 Vaticanus
944 2930 1157 2978 Monet
1175 2928 1562 2993 Guelpherbyt.

494 3015 707 3067 prorsus
738 3004 924 3053 vitiose
967 3004 1161 3053 habent
1197 3020 1278 3064 res
1312 3004 1396 3053 illo
1429 3003 1560 3065 οεδι-

491 3080 620 3128 os’stt'.
685 3078 809 3136 Sed,
841 3078 885 3128 si
924 3079 1185 3142 vulgatam
1223 3080 1356 3129 hauc
1380 3080 1560 3129 lectio·

493 3168 610 3204 nem
650 3155 986 3216 retineamus,
1023 3156 1123 3211 Qui
1144 3160 1212 3204 tot
1236 3170 1312 3206 res
1333 3156 1410 3205 ich·
1429 3154 1558 3216 odie·

491 3232 625 3293 cisti,
644 3238 838 3296 propter
857 3246 976 3295 quos
995 3232 1134 3281 illam
1154 3230 1377 3295 [Titum]
1407 3233 1561 3282 Deum

479 3308 706 3367 fecimus,
761 3308 958 3370 duplex
1001 3306 1380 3358 incommodum
1437 3307 1559 3358 inde

492 3384 691 3433 existit.
720 3380 972 3432 ‘Primum
996 3383 1238 3434 videatur
1262 3385 1464 3435 Plinius
1480 3384 1559 3433 di-

494 3461 636 3524 c‘ere,
655 3459 913 3509 Romanos
935 3466 1153 3523 propter
1174 3476 1263 3510 eas
1288 3475 1372 3510 res
1394 3461 1558 3524 illum,

491 3536 685 3598 Titum,
721 3534 905 3585 fecisse
929 3537 1120 3600 Deum,
1143 3551 1269 3601 quas
1299 3537 1559 3601 Trajanus

490 3614 541 3663 ei
565 3613 839 3677 adjecerit.
908 3613 1062 3664 Quod
1096 3614 1377 3663 absurdum
1400 3612 1559 3663 foret.

489 3690 640 3742 Titus
664 3690 799 3740 enim
829 3690 1182 3753 Vespasianus
1213 3705 1314 3740 non
1341 3698 1560 3754 propter

489 3765 704 3831 Trajani
738 3782 819 3816 res
860 3773 1036 3830 gestas
1069 3775 1127 3816 et
1168 3768 1430 3829 instituta,
1461 3767 1557 3818 sed

492 3853 712 3909 propter
737 3860 831 3894 sua
854 3846 1058 3902 merita,
1085 3846 1218 3894 coelo
1243 3845 1466 3901 dicatus,
1490 3845 1558 3894 si-

495 3921 811 3985 deribusque
839 3921 1013 3970 illatus
1052 3926 1154 3971 est.
1225 3922 1430 3971 Deinde
1468 3934 1558 3969 ne·

499 3997 623 4053 scin,
647 4013 759 4057 qum
791 4001 992 4057 ingrata
1029 3997 1277 4059 repetitio
1299 3995 1563 4061 pronomi-

499 4073 575 4117 nis
599 4073 691 4125 illi.
719 4073 871 4133 illum,
911 4073 959 4121 in
986 4072 1129 4122 brevi
1156 4074 1430 4124 verborum
1455 4088 1560 4123 am·

499 4149 603 4193 him
647 4149 867 4197 accidat.
932 4149 1282 4201 Quamobrem
1323 4151 1469 4201 mihi>
1504 4150 1559 4200 in

499 4233 727 4273 mentem
755 4225 914 4285 venit,
934 4239 1103 4276 annon
1129 4228 1420 4290 posteriora
1443 4241 1558 4277 ver·

499 4301 587 4361 hu,
619 4305 811 4365 propter
847 4313 960 4365 quus
985 4300 1123 4351 illum
1145 4304 1304 4353 Deum
1331 4302 1560 4365 fecimus,

1187 408 1405 458 ⁸0¹1*AE
1451 406 1868 458 VAluoRuM
1917 406 2001 457 IN

1638 565 1853 615 prorsus
1874 552 1975 602 sint
1991 550 2268 615 ejicienda,
2284 564 2404 601 cnm
2433 564 2498 600 ea
2521 562 2705 614 snper·

1634 628 1740 680 flua
1764 644 1900 691 esse,
1931 638 1988 679 et
2021 644 2087 679 ex
2125 630 2454 694 glossemate,
2484 628 2595 677 sive
2630 627 2707 676 in·

1636 706 1904 756 terlinesri
1926 705 2382 770 interpretatione,
2413 705 2465 753 in
2489 708 2707 754 contex-

1637 788 1746 833 tum
1795 784 2043 833 orationis
2085 783 2357 847 irrepsisse
2396 780 2704 841 videantnr3

1636 861 1880 926 quoniam
1904 860 2111 912 Plinius
2126 861 2241 924 jam
2274 860 2503 916 dixerat,
2524 858 2706 908 Titum

1630 937 1930 989 'numinibus
1952 945 2215 1003 aquatum
2251 951 2404 986 esse:
2428 950 2493 986 ac
2522 931 2708 1000 quoni-

1637 1027 1721 1063 am
1744 1014 1896 1076 adeo,
1919 1015 2127 1064 sublata
2148 1014 2237 1063 illa
2258 1013 2423 1063 otiosa
2448 1011 2705 1076 appendi-

1636 1089 1773 1152 cula,
1795 1104 1898 1140 non
1921 1092 2084 1141 solum
2124 1091 2289 1141 omnis
2325 1088 2624 1151 ταυτολογία
2652 1094 2711 1139 et

1613 1166 1878 1230 ’δυσφωνία
1898 1167 2144 1232 evitatur,
2179 1166 2270 1217 sed
2304 1167 2463 1217 etiam
2485 1166 2600 1229 jam
2626 1164 2708 1215 sa'·

1640 1242 1706 1292 tis
1729 1243 1881 1306 plens
1898 1242 2174 1306 gravisque
2188 1243 2447 1292 sententia
2468 1240 2565 1291 sibi
2584 1254 2709 1291 con-

1614 1324 1765 1378 ·stat,
1804 1320 1877 1369 ita
1910 1326 1970 1369 ut
1992 1319 2115 1369 nibil
2138 1319 2298 1370 facile
2335 1318 2623 1376 desideres,
2664 1318 2711 1367 si

1633 1397 1734 1452 ists
1757 1396 1919 1446 verba
1938 1396 2077 1446 huuc
2099 1399 2152 1447 iu
2177 1397 2383 1447 modum
2408 1398 2583 1460 legas:
2622 1396 2712 1444 In-

1611 1474 1770 1535 'geuts'
1788 1474 1975 1536 quidem
1995 1473 2153 1524 auimo
2188 1474 2327 1523 diuus
2354 1474 2494 1523 Titus
2527 1472 2710 1522 securi·

1612 1564 1615 1568 ’
1636 1551 1732 1599 tots·
1751 1555 1930 1600 nostra
1950 1551 2211 1614 uitiosique
2229 1553 2560 1615 prospexerat,
2573 1548 2711 1598 ideo-

1634 1641 1724 1690 que
1744 1626 2018 1676 numinibus
2037 1633 2254 1690 aquatus
2273 1629 2344 1675 est
2358 1643 2379 1686 ‚·
2408 1628 2517 1687 sed,
2530 1625 2712 1689 quanto

1636 1708 1692 1753 tu
1710 1704 1982 1766 quandoque
2002 1703 2200 1765 dignior
2232 1705 2364 1766 eoelo,
2401 1704 2486 1767 qai
2517 1707 2589 1753 tot
2630 1716 2712 1751 res

1633 1779 1710 1828 ini
1729 1778 1981 1840 adiecisti!
2047 1779 2201 1829 Tunc
2234 1787 2381 1830 certe
2402 1781 2711 1844 pronomen

1634 1856 1731 1918 illi,
1751 1856 1886 1921 quod
1914 1855 2103 1922 ubique
2132 1857 2397 1922 vulgatum
2421 1864 2524 1913 est,
2559 1862 2710 1907 recte

1638 1932 1977 1984 retineretur.
2041 1934 2098 1985 Si
2121 1934 2239 1999 quis
2261 1948 2387 1984 vero
2424 1933 2524 1983 sibi
2558 1932 2710 1998 quasi

1637 2010 1873 2073 religioni
1898 2010 2077 2069 ducat,
2116 2011 2242 2061 istas
2265 2010 2488 2077 quinque
2527 2024 2709 2066 voces,

1637 2092 1724 2137 tot
1759 2086 1912 2137 libris'
1933 2088 2045 2150 jam
2089 2088 2344 2152 proditas,
2386 2086 2707 2147 exturbare3

1634 2163 1866 2228 quamvis
1910 2164 2010 2218 hoc
2049 2165 2362 2227 corruptelae
2405 2177 2569 2226 genus
2608 2170 2709 2225 per

1630 2240 1839 2303 glossas
1896 2239 2243 2301 scriptoribus
2311 2241 2540 2287 intrusus
2598 2250 2707 2286 nou

1637 2318 1817 2380 paucis
1840 2316 1956 2366 aliis
1993 2315 2261 2366 codicibus
2295 2314 2571 2373 acciderit,
2594 2314 2711 2378 qni·

1637 2392 1731 2442 bus
1773 2394 1913 2443 nulla
1958 2394 2155 2442 certior
2198 2390 2708 2455 superest-medela,

1614 2473 1792 2535 'qnam
1817 2478 1875 2520 ut
1899 2471 2212 2533 glossemata
2244 2470 2445 2519 intrusa
2465 2466 2711 2518 recidan-

1636 2553 1755 2598 tur:
1791 2547 1890 2596 alia
1914 2554 2089 2597 tamen
2125 2545 2401 2619 succurrit,
2441 2558 2612 2610 eaque
2635 2544 2712 2592 le-

1632 2622 1753 2673 nior
1769 2621 2082 2673 emendandi
2101 2624 2251 2680 ratio,
2264 2628 2322 2671 ut
2339 2634 2548 2683 nempe,
2565 2618 2710 2685 qnod

1612 2699 1739 2767 'jem
1761 2699 1943 2763 Lipsie
1970 2704 2190 2749 venerat
2219 2699 2271 2748 iu
2307 2698 2556 2756 animum,
2587 2698 2711 2761 pro.

1632 2778 1926 2843 baruntque
1949 2775 2181 2826 Boudius
2220 2782 2275 2825 et
2317 2774 2554 2831 Hearne,
2575 2772 2710 2822 dun·

1606 2864 1613 2870 ·
1634 2859 1786 2903 taxat
1810 2861 2055 2902 numerus
2079 2850 2351 2915 singularis
2386 2849 2709 2914 pronominis

1610 2929 1709 2979 viui
1732 2927 1897 2993 (quod
1924 2942 2206 2992 pronomen
2223 2927 2474 2979 Quartius
2499 2934 2710 2990 prorsus

1633 3004 1835 3068 omisit)
1871 3011 2107 3054 mutetur
2148 3005 2495 3053 iti-numerum
2522 3002 2705 3052 mulli·

1634 3082 1849 3139 tudinis,
1904 3082 2025 3132 illis.
2088 3082 2234 3131 Tunc
2289 3080 2426 3129 enim
2480 3093 2709 3145 sequens

1631 3156 1873 3221 formula,
1932 3163 2127 3222 propter
2180 3172 2303 3221 quos
2355 3156 2491 3206 illum
2544 3158 2707 3207 Deum

1620 3236 1847 3300 fecimus,
1884 3249 1983 3284 non
2008 3233 2237 3285 refertur
2262 3235 2327 3284 ad
2350 3241 2430 3284 tot
2450 3246 2553 3294 res,
2576 3243 2708 3298 quas

1631 3313 1884 3376 Trajanus
1904 3313 2025 3361 Tito
2056 3311 2344 3376 adjecerat,
2377 3310 2467 3360 sed
2492 3309 2707 3374 conjun-

1633 3388 1774 3451 gitur
1797 3403 1915 3439 cum
1938 3388 2037 3437 illis
2062 3388 2202 3438 rebus
2238 3394 2286 3437 et
2314 3387 2573 3450 institutis,
2592 3386 2707 3454 qui·

1632 3464 1730 3515 bus
1765 3464 1879 3529 ipse
1901 3464 2059 3515 Titus
2096 3472 2457 3529 promeruerat
2495 3464 2706 3514 coelum.

1632 3541 1851 3601 Verum,
1889 3541 2047 3591 nihilo
2082 3541 2249 3590 minus
2285 3541 2600 3603 relinquitur
2628 3540 2706 3590 in-

1632 3628 1782 3680 grata
1805 3615 2053 3680 repetitio
2074 3614 2391 3680 pronominis
2404 3617 2562 3672 illum,
2586 3623 2704 3679 qu‘ae

1631 3693 1887 3742 Plinianae
1914 3693 2164 3742 orationis
2188 3691 2500 3742 suavitatem
2537 3692 2706 3742 minus

1633 3769 2090 3821 decerevidetur.
2130 3766 2436 3833 ·Equidem,
2471 3768 2590 3817 loco
2613 3769 2704 3817 lin·

1624 3846 1716 3909 jus
1765 3845 2081 3909 pronominis
2119 3844 2275 3906 illum,
2319 3845 2527 3894 codices
2573 3845 2707 3895 Mas.

1632 3923 1917 3972 Vaticanus
1959 3925 2105 3972 1776.
2156 3920 2487 3978 Parisiensis,
2528 3921 2708 3972 Vene-

1633 4005 1738 4060 tus,
1772 4012 1938 4059 mens,
1972 4005 2027 4047 et
2061 3996 2533 4060 liber-Vossianus,
2560 3996 2705 4047 exbi-

1632 4072 1763 4123 bent
1779 4087 1956 4123 vocem
1979 4073 2141 4122 olium.
2172 4071 2328 4123 Unde
2345 4072 2543 4121 librarii
2563 4073 2703 4123 illam

1632 4149 1841 4214 quidem
1864 4150 2129 4199 molestam
2168 4148 2485 4212 pronominis
2499 4150 2703 4213 repeti-

1635 4226 1828 4276 tionem
1848 4227 2015 4276 vitare
2032 4226 2336 4286 volueruut3
2357 4224 2449 4274 sed
2469 4224 2570 4290 ipsi
2585 4239 2703 4276 sen·

1636 4304 1814 4356 tentiae
1855 4303 2054 4355 nullum
2085 4302 2311 4353 attulere
2347 4301 2542 4353 lumen.
2596 4302 2699 4353 Ne·
