3017 4942
477 337 610 403 690
1173 350 1393 400 Norzn
1442 348 1852 399 vAaioRuM
1906 350 1989 399 m
2031 342 2042 351 ·

475 495 795 562 ‘scriberis,’
835 495 1041 547 scilicet
1072 495 1243 545 heres.
1304 493 1544 560 Utroque

477 573 640 624 verbo
664 573 858 623 dicitur
878 573 1063 637 aliquis
1096 572 1276 622 ‘heres
1301 570 1545 634 institui,'

476 649 585 700 sive
619 650 881 715 designari
909 651 1156 699 bonorum
1188 658 1302 713 post
1327 658 1544 698 mortem

462 727 693 795 ‚alienjus
708 727 946 776 domiuus
964 726 1169 776 futurus
1185 742 1201 787 ;
1233 726 1332 775 ista
1350 734 1546 786 tamen,

473 804 677 853 ratione
700 803 857 865 modi,
880 804 1206 865 distinguunt
1222 803 1547 867 jureconsul-

475 880 553 942 τίς
589 894 637 929 v.
662 894 712 944 g.
734 880 989 944 Ulpianus
1012 880 1125 942 lege
1149 882 1229 930 21.
1251 895 1330 943 pr.
1352 898 1405 929 π.
1441 879 1546 930 Qui

476 962 797 1008 testamenta
819 955 996 1007 facere
1020 958 1240 1021 possint,
1265 961 1367 1007 dte.
1399 958 1415 985 ‘
1437 957 1545 1006 He·

477 1033 629 1083 redes
655 1034 844 1097 palam,
872 1035 963 1091 ita,
993 1041 1051 1083 ut
1068 1033 1302 1082 exaudiri
1331 1032 1546 1096 possint,

477 1110 814 1174 nuncupandi
850 1118 990 1160 suut.
1060 1110 1266 1160 Licebit
1289 1125 1414 1173 ergo
1441 1121 1545 1160 tes·

479 1189 640 1244 tanti,
689 1188 772 1238 vel
819 1202 1123 1252 nuncupare
1167 1187 1407 1245 heredes,
1464 1187 1549 1236 vel

472 1265 744 1327 scribere3
799 1258 909 1324 sed,
943 1267 987 1315 si
1041 1273 1330 1328 nuncupat,
1376 1266 1546 1328 palam

476 1340 657 1393 debet.
685 1341 822 1393 Quid
850 1349 932 1392 est
952 1345 969 1372 ⁸
990 1343 1160 1405 palam
1173 1341 1209 1391 ?’
1233 1356 1334 1391 uon
1362 1341 1548 1404 utique

472 1418 529 1469 iu
576 1418 875 1483 publicum;
931 1418 1022 1467 sed
1059 1426 1117 1468 ut
1161 1417 1396 1468 exaudiri
1435 1432 1549 1481 pos·

474 1495 576 1546 sit:
613 1495 846 1545 exaudiri
869 1502 1042 1545 autern
1069 1509 1167 1543 non
1194 1494 1259 1544 ah
1294 1494 1551 1551 omnibus,

475 1572 571 1623 sed
593 1588 622 1623 a
647 1572 906 1624 testibus.'
941 1573 1059 1622 Nou
1075 1573 1234 1636 igitur
1253 1570 1394 1620 nefas
1417 1579 1549 1628 erat,

475 1650 768 1714 principem
788 1648 945 1700 scribi
963 1649 1202 1698 heredem
1224 1665 1238 1709 ς
1272 1646 1550 1697 dummodo

474 1715 539 1776 id'
554 1725 708 1777 fieret
728 1727 842 1775 sine
866 1725 1068 1782 fraude,
1092 1732 1146 1774 et
1164 1726 1273 1772 sine
1296 1723 1549 1786 legitimo·

478 1818 592 1854 rum
617 1803 866 1854 heredum
891 1803 1097 1851 damno·
1130 1801 1294 1850 Immo
1316 1815 1381 1848 ex
1410 1814 1551 1850 more

475 1882 626 1931 istius
653 1881 770 1943 mvi,
791 1894 887 1945 pro
905 1879 1097 1927 indicio
1112 1877 1384 1940 singularis
1409 1891 1548 1925 amo·

480 1957 553 2007 ris
575 1956 885 2011 habebatur,
903 1955 948 2004 si·
964 1953 1209 2018 princeps
1222 1954 1372 2017 justo
1395 1954 1551 2002 modo

477 2032 801 2083 scriberetur
815 2032 977 2081 heres.
1011 2030 1165 2079 Unde
1177 2030 1393 2080 Sueton.
1410 2028 1548 2094 Aug.

480 2123 527 2159 c.
552 2113 635 2159 66.
671 2109 783 2158 haec
821 2113 1032 2156 narrati
1067 2107 1298 2169 ‘Exegit
1337 2115 1392 2156 et
1433 2106 1549 2170 ipse

478 2183 790 2255 invicemqab
807 2182 985 2233 amicis
1006 2183 1419 2233 benevolentiam
1436 2198 1547 2232 mu·

478 2266 640 2317 tuam,
668 2266 775 2310 tam
802 2275 832 2309 a
855 2257 1139 2322 defunctis,
1169 2274 1320 2323 quam
1346 2275 1375 2308 a
1400 2260 1552 2309 vivis.

479 2339 636 2393 Nam,
659 2338 891 2403 quamvis
917 2336 1126 2385 minime
1149 2344 1429 2401 appeteret
1458 2337 1547 2385 be·

480 2415 752 2479 reditates‚
786 2424 846 2466 ut
870 2415 957 2480 qui
980 2429 1240 2479 nunquam
1283 2428 1347 2464 ex
1381 2415 1547 2478 ignoti

477 2499 794 2544 testamento
811 2507 1003 2556 capere
1023 2491 1301 2558 quidquam
1322 2493 1546 2543 sustinu-¹

477 2570 581 2621 erit
603 2587 618 2632 ;
654 2572 937 2621 amicorum
956 2577 1128 2620 tamen
1146 2584 1389 2634 suprema
1404 2571 1550 2635 judi-

477 2647 561 2698 cia
597 2648 941 2698 morosissime
1000 2647 1285 2711 pensitavit
1307 2663 1325 2709 ς
1379 2661 1553 2712 neque

479 2724 661 2776 dolore
685 2724 1032 2785 dissimulato,
1054 2723 1098 2772 si
1113 2723 1338 2787 parcius,
1362 2730 1452 2774 aut
1475 2723 1552 2774 ci·

480 2810 561 2852 tra
599 2802 842 2852 bonorem
879 2800 1189 2863 verborum;
1224 2814 1390 2865 neque
1423 2815 1551 2865 gan·

475 2879 582 2936 dio,
606 2880 647 2929 si
676 2887 828 2944 grate
856 2879 1049 2943 pieque
1072 2878 1185 2942 quis
1209 2892 1265 2928 se
1305 2893 1551 2941 prosecu-

477 2965 562 3006 tus
577 2956 756 3007 esset.'
777 2956 911 3007 Vide
929 2955 1347 3005 dissertationem
1365 2956 1549 3007 Guud-
1579 2959 1584 2965 “

475 3033 764 3096 lingianam
810 3031 876 3081 de
927 3031 1179 3095 Principe
1224 3030 1441 3083 Herede
1485 3049 1551 3083 ex

475 3111 815 3161 Testameuto
839 3111 1062 3162 Civium.
1084 3111 1234 3161 Idem.

540 3188 778 3240 Scriberis
821 3188 882 3239 ab
918 3190 1110 3254 amicis]
1170 3190 1278 3239 Pro
1311 3204 1456 3241 more
1493 3197 1551 3241 et

470 3264 606 3328 jure.
674 3264 852 3330 Atque
877 3268 951 3315 ita
977 3266 1240 3330 Augustus
1268 3265 1552 3331 professus,

471 3343 488 3368 ‘
510 3340 692 3404 viginti
717 3341 964 3403 proximis
984 3342 1154 3406 annis,
1180 3342 1548 3405 quaterdecies

477 3418 663 3468 millies
692 3418 802 3469 HS.
821 3433 884 3467 ex
911 3418 1232 3470 testamentis
1263 3419 1546 3471 amicorum

474 3492 812 3558 percepisse,’
830 3496 1054 3546 Suetou.=
1072 3496 1209 3560 Lips.

535 3571 616 3622 Ab
637 3572 820 3635 ignotis
847 3572 1142 3638 prater-iris]
1184 3574 1231 3624 1.
1271 3588 1321 3623 e.
1346 3574 1550 3623 non'iu·
1592 3625 1598 3632 ,

473 3648 707 3700 stitueris
728 3647 900 3698 heres.
966 3649 1059 3698 Uti
1082 3650 1296 3698 Romani
1315 3650 1456 3700 velut
1471 3650 1550 3713 ig·

473 3726 817 3778 nominiosnm
854 3727 1332 3789 existimarunt,ab
1368 3728 1551 3778 amicis

478 3805 742 3867 prateriri
778 3805 829 3855 in
875 3805 1238 3866 testamentis3
1290 3797 1425 3871 qn'od
1460 3806 1552 3856 ha·

475 3880 706 3938 buerunt
742 3896 840 3945 pro
884 3881 1100 3939 indicio,
1137 3883 1433 3946 praeteritos
1459 3897 1551 3947 pa·

473 3971 586 4006 rum
622 3958 822 4019 smari;
875 3972 976 4022 qna
1015 3957 1084 4008 de
1119 3973 1175 4009 re
1222 3958 1341 4008 vide
1383 3957 1552 4020 Abra-

473 4045 614 4085 mum
657 4035 721 4084 ad
761 4035 875 4087 Cic.
923 4036 1155 4101 Philipp.
1195 4050 1261 4086 u..
1301 4051 1423 4101 cap.
1469 4042 1550 4089 16.

476 4117 532 4162 et
558 4127 708 4177 quam
735 4114 800 4163 ob
825 4111 1055 4164 caussam
1081 4114 1235 4165 etiam
1262 4117 1552 4180 Augustus,

477 4189 544 4237 de
564 4204 666 4254 quo
704 4190 860 4240 modo
885 4190 1013 4247 dixi,
1035 4190 1089 4241 id
1114 4190 1316 4255 siguum
1356 4200 1550 4243 mutuae

475 4266 856 4318 benevolentiae
895 4268 962 4316 ah
1002 4267 1183 4318 amicis
1218 4269 1551 4333 requirebat:

472 4344 551 4394 ita
583 4348 754 4395 tamen
793 4357 860 4395 ex
887 4344 1216 4396 testamentis
1254 4345 1550 4411 ignotorum

1618 494 1743 544 nihil
1767 493 2041 556 capiebst3
2078 488 2504 558 quemadmodum
2526 475 2696 542 etTiJ

1618 571 1814 634 ben-ius,
1835 571 1886 620 in
1912 570 2093 635 primis
2130 570 2331 635 imperii
2357 571 2524 630 anuis,
2551 575 2691 618 teste

1618 649 1803 700 Tacito
1827 648 2015 699 Annal.
2035 662 2097 699 ιι.
2117 653 2201 700 48.
2221 654 2236 677 ·
2256 649 2480 712 ignotos,
2496 653 2552 697 et
2576 645 2693 695 aliis

1620 725 1870 783 infensos,
1894 740 2060 790 eoque
2079 724 2365 789 principem
2385 736 2694 785 nuncupan-

1622 810 1721 865 tes,
1747 804 1943 866 ‘procul
1983 801 2233 852 arcebat?
2294 801 2551 851 Similiter
2580 801 2693 849 Ha·

1622 881 1849 937 drianus,
1871 887 2114 930 narrante
2139 879 2440 942 Spartiauo,
2462 891 2582 942 cap.
2610 880 2694 927 18.

1621 959 1950 1022 ‘ignotorum
1997 955 2318 1007 hereditates
2374 954 2698 1019 repudiavit,

1624 1051 1723 1086 nec
1763 1044 2000 1086 notorum
2027 1034 2250 1098 accepit,
2280 1033 2326 1082 si
2362 1032 2495 1082 filios
2536 1032 2690 1082 habe·

1624 1115 1778 1164 rent.’
1841 1116 2009 1166 Immo
2033 1120 2088 1162 et
2110 1114 2217 1177 jam
2251 1113 2303 1162 in
2337 1111 2607 1174 republica
2631 1110 2695 1160 li:-

1628 1190 1753 1239 bera
1777 1191 1886 1240 Cic.
1911 1189 2146 1253 Philipp.
2181 1202 2247 1239 ιι.
2287 1191 2362 1238 16.
2403 1186 2697 1251 exprobrat

1626 1269 1872 1328 Antonio,
1885 1267 2018 1333 quod
2033 1268 2096 1316 ah
2111 1268 2288 1328 ignoto
2301 1266 2524 1320 homine,
2541 1279 2572 1313 a
2588 1279 2697 1329 quo

1624 1351 1769 1393 certe
1787 1341 2044 1406 nunqu‘am
2062 1351 2215 1393 antea
2230 1343 2486 1391 salutatus
2499 1339 2701 1406 fuerat,

1626 1419 1796 1470 factus
1829 1419 1986 1469 fuerit
2022 1421 2208 1469 lieres:
2255 1419 2272 1446 ⁴
2294 1417 2372 1468 Te
2402 1416 2484 1479 is‚'
2506 1418 2700 1482 iuquit,

1626 1497 1642 1525 ‘
1662 1513 1814 1562 quem
1841 1505 1897 1547 tu
1923 1497 2093 1546 vidisti
2117 1510 2396 1561 uunquam,
2419 1496 2480 1544 1..
2504 1495 2696 1545 Rubri-

1627 1589 1682 1623 us
1724 1575 1979 1632 cassinas,
2019 1572 2151 1623 fecit
2182 1572 2446 1623 heredem.
2470 1603 2486 1619 .
2509 1603 2524 1618 .
2568 1605 2582 1622 .
2624 1572 2698 1621 Et

1627 1651 1833 1714 quidem
1864 1650 2002 1711 vide,
2042 1665 2194 1716 quam
2222 1657 2274 1699 te
2298 1649 2485 1698 amarit
2519 1648 2583 1704 is,
2605 1647 2699 1713 qui

1627 1727 1772 1775 albus
1796 1735 1980 1776 aterne
2016 1725 2192 1787 fueris,
2231 1725 2493 1788 ignorans,
2514 1722 2700 1774 fratris

1625 1803 1787 1853 filium
1814 1804 2067 1868 praeteriit
2084 1803 2115 1852 !’
2137 1803 2378 1854 Schmun.

1689 1881 1733 1931 Δ
1758 1881 1995 1944 pluribus]
2019 1882 2159 1946 Ergo
2179 1886 2236 1931 et
2258 1871 2287 1930 a
2309 1878 2544 1944 pluribus
2567 1877 2700 1930 scri-
2727 1849 2732 1858 ι

1627 1958 1785 2009 beris.
1816 1960 1968 2009 Beris.

1692 2036 1869 2086 Plures
1886 2035 2037 2099 amns]
2061 2037 2208 2086 Siris
2232 2035 2408 2090 amari,
2432 2048 2567 2084 ama.
2585 2031 2603 2061 ⁴
2622 2033 2701 2084 Ut

1627 2113 1836 2174 ameris,
1858 2112 2092 2163 amabilis
2117 2112 2267 2163 estol
2314 2111 2470 2162 Ovid.
2497 2117 2512 2140 ‘
2529 2110 2702 2161 Amor

1626 2204 1798 2240 amore
1826 2189 2177 2254 provocatur!
2199 2192 2351 2241 Beris.

1694 2269 1837 2330 Tene,
1864 2268 2055 2332 Caesar]
2081 2270 2228 2318 Tenes
2245 2270 2426 2318 Coesur
2449 2265 2619 2317 Livin.
2645 2266 2699 2316 in

1625 2350 1805 2407 textu3
1842 2347 1932 2395 sed
1968 2346 2019 2394 in
2042 2361 2201 2409 marg.
2231 2346 2354 2396 Tene
2380 2346 2544 2395 Coesar
2567 2345 2631 2396 C.

1694 2423 1835 2487 Tene,
1864 2422 2053 2486 Caesar]
2077 2421 2123 2472 1.
2138 2437 2186 2472 e.
2204 2423 2530 2486 Proseqnere
2548 2420 2698 2471 insti·

1627 2506 1793 2550 tutum
1829 2505 1995 2549 tuum.
2063 2499 2151 2549 Ita
2189 2499 2498 2563 exprimitur
2534 2497 2704 2561 impes

1630 2577 1827 2625 rativus
1850 2574 2035 2625 modus
2053 2588 2157 2625 uon
2182 2576 2343 2624 solum
2365 2575 2415 2623 in
2433 2573 2698 2638 impressis

1629 2653 1776 2703 libris
1793 2652 2119 2716 cuspiniani,
2134 2651 2318 2714 Lipsii,
2333 2650 2573 2706 Gmteri,
2593 2650 2699 2699 Pu·

1630 2729 1792 2787 teani,
1828 2729 2176 2792 Berneggeri,
2199 2726 2417 2783 Groevii,
2439 2725 2697 2783 Pataroli,

1629 2807 1805 2864 Cevae,
1841 2814 1896 2857 et
1935 2806 2151 2854 aliorum
2183 2804 2570 2863 recentiorum3
2603 2795 2708 2851 sed'

1629 2885 1787 2934 etiam
1816 2885 1867 2932 in
1891 2882 2161 2932 codicibus
2176 2882 2306 2931 Mss.
2329 2880 2575 2931 Vatican.
2594 2879 2698 2928 Pa·

1628 2960 1852 3024 risiensi,
1884 2961 2109 3020 Veneto,
2134 2965 2187 3008 et
2222 2972 2357 3008 meo.
2427 2957 2498 3006 At
2521 2957 2578 3006 in
2610 2961 2698 3007 ce'·

1629 3037 1754 3087 teris
1780 3043 1955 3086 exstat
1979 3035 2161 3085 modus
2201 3034 2510 3084 indicativus
2546 3039 2698 3085 renes.

1626 3114 1914 3177 Praeterea,
1954 3112 2243 3177 Gryphius,
2276 3112 2350 3161 H.
2381 3110 2699 3174 Stephanus,

1626 3197 1682 3241 et
1707 3191 2010 3248 Sichardus,
2043 3204 2139 3255 pro
2176 3189 2385 3264 nornine
2412 3202 2621 3251 cursum,
2643 3187 2726 3236 iu‘

1626 3269 1864 3333 margine
1888 3273 2205 3318 annotarunt
2224 3281 2383 3317 cosam
2402 3282 2423 3324 ,-
2458 3279 2576 3330 quae
2608 3277 2699 3314 au-

1627 3354 1729 3396 tem
1765 3346 1994 3396 variatio
2017 3345 2165 3394 nihili
2200 3350 2303 3395 est.
2371 3343 2549 3391 Etiam
2586 3340 2702 3391 Cic:

1627 3423 1692 3473 de
1718 3422 1874 3473 Orat.
1901 3435 1940 3471 1.
1959 3426 2006 3473 1.
2029 3421 2184 3477 dixit,
2205 3422 2220 3448 ‘
2245 3419 2364 3470 vitae
2388 3432 2597 3469 cursum
2621 3423 2699 3467 te·

1630 3498 1792 3548 uere!
1821 3499 2071 3548 Schwnrz.

1629 3654 1879 3705 diderunt
1903 3653 2270 3716 cuspinianus,
2295 3652 2526 3716 Lipsius,
2562 3651 2700 3714 Gry·

1630 3732 1804 3798 pbius,
1827 3732 2117 3789 Puteanus,
2136 3730 2418 3784 Gruterus,
2435 3728 2704 3793 (Μενίου,

1628 3810 1954 3873 Beruegger,
1976 3807 2217 3869 Patami,
2236 3806 2399 3871 Cera,
2419 3812 2477 3856 et
2500 3806 2590 3855 alii
2617 3807 2700 3855 re-'

1631 3885 1927 3949 centiores3
1962 3885 2046 3935 cui
2069 3884 2281 3935 lectioni
2304 3884 2433 3933 bene
2457 3882 2703 3933 convenit

1629 3976 1749 4013 cum
1797 3960 2148 4012 antecedente
2209 3957 2520 4023 imperativo
2579 3945 2704 4008 tene.⁴

1631 4039 1799 4090 Simili
1820 4037 2062 4089 hortandi
2086 4035 2323 4093 formula,
2345 4049 2461 4085 cum
2485 4048 2702 4100 sequeu-

1630 4124 1683 4167 te
1717 4115 1878 4166 verbo
1902 4113 2148 4179 temporis
2172 4111 2355 4178 futuri,
2389 4111 2562 4161 utitur
2590 4110 2701 4161 Pli-

1629 4193 1743 4243 nius
1762 4191 1920 4250 iufra,
1945 4204 2073 4242 xxv.
2093 4195 2145 4240 6.
2166 4190 2182 4220 ‘
2201 4189 2372 4251 Perge
2392 4187 2568 4251 modo,
2584 4186 2697 4237 Cre·

1630 4283 1733 4325 sar,
1755 4276 1812 4318 et
1835 4268 1938 4317 vim
1973 4265 2321 4328 effectumque
2353 4278 2594 4314 censurae
2619 4271 2699 4311 tu·

1597 4365 1605 4371 ·
1633 4360 1717 4396 um
1732 4344 2075 4410 propositum,
2087 4337 2701 4406 tuiactus,obtinebuut.'
2797 4387 2806 4394 ,

1700 3577 1770 3625 Ee
1791 3574 2091 3640 probabitur]
2111 3573 2263 3623 Hauc
2276 3573 2560 3623 lectionem
2576 3563 2702 3644 proi
2743 3594 2757 3604 ·

2971 583 2972 718 ᾼᾼᾼ
2963 147 2976 534 ω--ι---
