3017 4942
768 415 833 462 c.
882 413 1125 462 Ριιιιιι
1174 412 1508 463 suenum
1558 412 1835 464 nuno.
1911 417 1958 462 ι.
2002 396 2113 463 66.

328 558 462 604 δοσιν
491 553 736 613 inseritur
767 556 1007 618 orationi,
1034 555 1101 606 ab
1136 553 1390 606 inertibus

323 632 558 681 librariis
578 632 632 680 in
655 632 962 697 quibusdem
980 632 1249 683 codicibus
1265 632 1393 682 Mse-

322 708 493 763 fuisse
535 711 878 762 obscuratum.
944 712 1008 761 In
1052 727 1169 760 meo
1210 711 1391 761 codice

320 787 576 851 scriptum
591 796 693 852 est,
715 787 839 838 Erat
850 793 1010 838 eutem
1027 787 1091 837 R.
1107 788 1175 838 P.
1184 788 1391 837 omniuo.

321 862 391 914 Iu
416 865 719 922 Perisiensi.
748 875 966 930 utroque
990 867 1212 929 Veneto,
1233 866 1389 921 Sulis·

323 941 596 1006 burgensi,
635 950 692 994 et
735 943 1012 1000 Patavina.
1068 945 1190 993 Erat
1233 949 1394 994 auten

321 1019 517 1068 omuino
537 1018 799 1083 respublica
820 1034 841 1078 ‚⁶
874 1034 991 1068 cum
1013 1033 1194 1069 sensus
1218 1020 1392 1085 requi·

321 1104 489 1151 reret,
535 1101 593 1145 ut
631 1097 763 1146 nulle
801 1096 1065 1160 respublica
1105 1096 1390 1150 diceretur.

321 1170 646 1236 Respublica
680 1175 817 1223 enim
848 1175 1082 1224 hocloco
1106 1176 1393 1238 opponitur

315 1250 657 1312 monarchia,
695 1258 751 1301 et
796 1259 922 1300 tunc
963 1252 1099 1301 nullu
1128 1252 1393 1316 respublica

319 1322 543 1388 dicitur,
564 1340 596 1374 e
615 1340 718 1391 que
737 1326 954 1377 libertas
978 1329 1177 1392 populi,
1202 1328 1389 1392 pri-eae

318 1401 470 1464 leges
506 1409 562 1452 et
596 1404 1013 1461 consuetudines,
1046 1411 1102 1455 et
1126 1405 1251 1470 jure
1283 1421 1390 1457 me-

315 1478 661 1541 gistrntuum,
714 1489 837 1531 sunt
881 1482 1106 1537 sublate,
1160 1490 1216 1532 et
1270 1497 1389 1548 quae

313 1556 476 1619 quusi
498 1556 553 1605 iu
582 1571 689 1607 rem
712 1558 969 1622 privatum
991 1559 1143 1608 unius
1165 1566 1247 1609 est
1268 1572 1390 1610 con-

315 1645 498 1683 verse.
546 1633 657 1685 Cic.
696 1634 764 1684 de
810 1633 966 1686 Offic.
1005 1650 1045 1685 1.
1079 1639 1162 1685 11.
1195 1643 1211 1666 ¹
1235 1637 1389 1699 Paci,

313 1723 437 1773 qne
491 1710 619 1761 nibil
672 1711 915 1764 habiture
958 1714 1030 1763 sit
1071 1714 1388 1774 insidiarum,

314 1800 532 1851 semper
560 1796 642 1841 est
672 1791 1082 1844 consulendum:
1119 1792 1171 1841 in
1208 1806 1310 1858 quo
1345 1792 1388 1841 si

311 1864 449 1914 mibi
486 1874 631 1917 esset
662 1866 1118 1932 obtemperetum3
1153 1871 1249 1919 etsi
1283 1883 1386 1920 non

311 1941 592 2006 optimam,
632 1950 690 1994 et
726 1944 950 2010 aliquem
991 1945 1387 2009 rempublicam,

311 2032 438 2081 quie
497 2034 637 2070 nunc
687 2021 828 2071 nullu
880 2027 983 2079 est,
1043 2020 1388 2072 haberemus!

312 2092 473 2145 Idem
508 2096 575 2145 de
606 2095 764 2147 Offic.
784 2112 849 2148 ιι.
871 2101 922 2149 8.
956 2098 1046 2148 ubi
1069 2099 1135 2150 de
1159 2099 1386 2163 Syllanis

310 2173 646 2236 temporibus
682 2174 943 2240 loquitur:
976 2182 993 2206 ‘
1019 2176 1211 2241 Itaque
1247 2178 1385 2240 pari-

311 2257 435 2300 etes
481 2249 624 2302 urbis
666 2253 822 2305 modo
868 2262 1013 2303 stant
1057 2262 1116 2304 et
1156 2264 1385 2319 manent,

307 2324 464 2391 iique
501 2327 603 2392 ipsi
628 2329 741 2394 jam
776 2337 1016 2381 extrema
1044 2332 1246 2382 scelere
1275 2347 1384 2382 me·

310 2408 558 2455 tuentes=
598 2419 704 2455 rem
730 2420 856 2457 vero
877 2406 1138 2470 publicem
1173 2408 1383 2472 penitus

309 2481 618 2532 emisimus.'
662 2481 813 2532 Idem
848 2483 914 2532 nd
936 2479 1175 2533 'Brutum
1211 2485 1383 2550 Epist.

310 2559 398 2606 15.
433 2564 450 2587 ⁶
476 2557 543 2608 In
581 2574 684 2623 qno
719 2559 860 2610 bello
898 2575 1019 2623 uon,
1054 2569 1383 2626 utracunque

309 2645 439 2696 pars
484 2634 713 2693 vicisset,
769 2644 946 2687 temen
996 2637 1174 2702 ulique
1216 2637 1385 2688 forme

308 2717 459 2762 esset
501 2711 683 2763 future
724 2714 1066 2777 reipublicae:
1101 2716 1199 2764 boc
1243 2712 1384 2764 bello

307 2787 544 2839 victores
594 2805 749 2855 quam
804 2790 1176 2855 rempublicam
1226 2792 1384 2842 simus

304 2865 565 2930 habituri,
602 2882 707 2918 non
729 2865 885 2918 facile
909 2867 1242 2931 affirmarim,
1277 2869 1381 2919 vic·

307 2941 379 2991 tis
400 2951 551 2994 certe
572 2945 716 2995 nulle
737 2959 964 3009 unquam
988 2944 1124 2997 erit.’
1176 2945 1242 2995 In
1265 2945 1382 2996 cod.

308 3018 560 3070 vatican.
591 3029 648 3071 et
671 3022 997 3087 Guelpberb.
1025 3022 1230 3088 integre
1262 3039 1380 3074 seu·

301 3098 485 3147 tentia
500 3112 565 3147 ex
575 3099 833 3163 primitur,
848 3100 941 3150 sed
955 3101 1085 3150 ordo
1101 3102 1380 3151 verborum

306 3186 413 3222 non
438 3173 566 3222 nibil
589 3184 838 3239 mutetur,
860 3178 997 3227 nulla
1013 3183 1171 3228 autem
1191 3178 1380 3229 omnino

301 3255 417 3298 erut
438 3252 721 3314 respublica.
751 3252 924 3304 Idem.

376 3327 536 3378 Nulla
549 3328 837 3395 respublica]
867 3330 974 3381 Sed
996 3332 1147 3383 unius
1170 3347 1253 3384 res
1274 3331 1380 3398 pri·

306 3410 450 3454 vate.
485 3404 617 3468 Lips-

372 3480 739 3546 Aeerteremus]
774 3482 839 3532 ln
861 3497 965 3548 qua
990 3484 1116 3535 nibil
1145 3485 1383 3550 honeste,

308 3555 439 3605 nibil
474 3556 661 3622 libere,
690 3557 770 3609 fes
798 3567 942 3610 esset
982 3560 1160 3611 dicere
1192 3572 1281 3612 sut
1306 3561 1380 3614 fe·

310 3643 453 3681 cere.
489 3633 643 3684 Idem.

380 3708 485 3758 Tne
503 3711 705 3761 dextera
723 3711 908 3776 turisque
918 3713 1188 3779 promissis]
1223 3716 1380 3778 Figu-

310 3798 389 3839 ra.
412 3787 579 3849 qualis
609 3787 661 3835 iu
697 3787 795 3837 boc
820 3802 972 3839 versu
992 3790 1218 3857 Virgilii,
1255 3799 1378 3856 ‘pe-

311 3861 444 3910 teris
472 3862 692 3911 libemus
714 3872 770 3912 et
799 3864 962 3921 auro,⁹
1002 3880 1096 3929 pro
1126 3868 1144 3896 ‘
1165 3869 1380 3932 promie-

310 3937 381 3985 sis
416 3937 545 3986 date
575 3940 795 3989 dextera
821 3938 979 3990 fectis
999 3951 1056 3992 et
1079 3943 1384 4008 conceptis.'

311 4011 451 4064 Pliu.
482 4028 565 4064 xi.
599 4018 683 4064 45.
718 4023 733 4046 ⁸
757 4016 962 4067 Dextra
984 4019 1172 4069 osculis
1195 4036 1381 4072 eversa

310 4093 595 4154 appetitur.
617 4093 672 4142 in
694 4091 799 4143 fide
827 4095 1147 4159 porrigitur.’
1179 4097 1354 4148 Lirin.

375 4168 623 4234 Dextera]
658 4170 832 4226 Quem
862 4169 987 4222 fidei
1015 4179 1267 4225 tesseram
1286 4175 1377 4228 de-

311 4242 445 4296 disti.
479 4244 618 4309 Lips.

2398 396 2530 463 885

1538 554 1749 620 Obsepte
1767 555 1877 619 ore]
1928 556 2098 607 Recte
2123 555 2372 606 observet
2393 557 2529 607 Beb-

1465 633 1590 691 rius.
1614 634 1691 684 bis
1728 634 1900 685 verbis
1939 634 2203 684 translatis
2227 634 2278 683 id
2304 632 2415 683 fere
2438 649 2529 683 ex-

1465 711 1640 775 primi,
1681 710 1819 777 quod
1855 712 1967 762 Cic.
2005 726 2099 775 pro
2135 710 2215 760 M.
2254 711 2528 776 Marcello,

1464 802 1583 853 cup.
1606 793 1653 838 1.
1675 789 1837 852 magis
1861 790 2070 852 proprie
2092 787 2256 837 dixitz
2279 794 2297 816 ‘
2315 787 2531 836 Diutur-

1464 866 1520 916 ni
1552 867 1766 931 silentii,
1794 880 1899 932 quo
1930 879 2071 915 eram
2100 863 2175 913 bis
2208 863 2526 927 temporibus

1464 958 1608 1008 usus,
1627 944 1755 1010 (nou
1781 943 1970 995 timore
1993 942 2187 1007 aliquo,
2219 942 2313 992 sed
2335 941 2527 1006 partim

1465 1020 1667 1083 dolore,
1714 1020 1902 1085 partim
1957 1016 2320 1081 verecundie)
2371 1015 2528 1067 finem

1462 1095 1740 1146 hodiernus
1780 1095 1894 1145 dies
1929 1096 2129 1158 attulit,
2150 1095 2394 1159 idemque
2431 1093 2528 1143 ini-

1465 1177 1613 1233 tium,
1634 1191 1751 1242 qum
1783 1175 1991 1238 vellem,
2026 1188 2245 1239 queque
2266 1172 2530 1229 sentirem,

1463 1267 1583 1301 meo
1614 1252 1837 1317 pristino
1874 1265 2017 1302 more
2052 1247 2293 1300 dicendi.’
2326 1252 2343 1277 ⁶
2362 1248 2531 1299 Obse-

1464 1329 1612 1393 pire’
1655 1330 1868 1394 proprie
1909 1336 1995 1380 est
2032 1328 2177 1394 qussi
2224 1329 2437 1390 cingere
2474 1335 2531 1376 et

1464 1407 1777 1457 concludere
1818 1405 2033 1470 aliquid,
2077 1403 2143 1454 ed
2185 1403 2384 1453 editum
2419 1404 2529 1453 exi-

1465 1491 1640 1534 tumve
1668 1484 2062 1549 prohibendum.
2117 1481 2232 1532 Liv.
2268 1494 2410 1531 xxv.
2443 1484 2529 1531 ³9.

1460 1569 1477 1594 ⁶
1497 1559 1603 1610 Alii
1636 1561 1872 1624 obsepti·
1915 1557 2192 1610 itineribus
2226 1571 2384 1620 super
2423 1558 2528 1606 vel·

1463 1637 1569 1686 lum
1599 1636 1829 1688 “liunt-⁹
1882 1636 2052 1687 Tacit.
2090 1635 2280 1686 Annel.
2313 1647 2422 1684 ιιι.
2442 1638 2528 1684 81.

1462 1720 1479 1743 ‘
1515 1713 1769 1778 Obseptis
1810 1712 2032 1777 effugiis,
2077 1713 2241 1762 multe
2282 1720 2340 1762 et
2383 1712 2529 1761 clare

1459 1790 1694 1842 facinora
1727 1790 1940 1842 fecere?
1992 1790 2172 1840 Plaut.
2205 1788 2378 1840 Cesiu.
2402 1802 2457 1838 v.
2476 1791 2529 1841 2.

1458 1871 1544 1921 42.
1578 1868 1952 1933 metaphorice,
1993 1867 2132 1918 ‘Ubi
2167 1867 2310 1917 illum
2337 1866 2526 1916 saltum

1461 1946 1612 1996 video
1634 1946 1932 2010 obseptum,
1956 1958 2101 2009 rogo.
2122 1950 2182 1994 ut
2199 1942 2365 1993 altero
2387 1942 2528 1992 sinet

1458 2022 1574 2075 ire.'
1642 2022 1732 2073 Sic
1761 2027 1816 2072 et
1836 2037 1922 2072 ora
1941 2022 2223 2084 bominum,
2253 2020 2339 2084 qui
2364 2018 2529 2068 servi·

1457 2107 1577 2149 tute
1617 2099 1855 2164 oppressi
1896 2105 1952 2148 et
1986 2103 2130 2146 metu
2175 2095 2526 2160 periculorum

1457 2192 1559 2227 non
1578 2178 1775 2227 nudent
1795 2178 1879 2241 loq
1888 2176 1937 2226 ui
1957 2190 2075 2241 qun
2092 2173 2341 2236 sentiunt,
2354 2183 2523 2222 trans-

1458 2256 1566 2307 late
1598 2256 1790 2320 obsepta
1824 2254 2088 2306 dicuutur.
2154 2253 2264 2304 Pro
2313 2253 2410 2303 boc
2449 2252 2525 2302 di-

1456 2334 1600 2383 citur
1655 2333 1802 2397 alies,
1858 2339 1873 2362 ‘
1893 2332 2143 2390 obturare
2197 2329 2295 2387 os,’
2347 2329 2526 2380 Pleut.

1456 2410 1623 2460 Stich.
1668 2423 1707 2459 ι.
1737 2412 1788 2459 2.
1831 2412 1915 2460 67.
1950 2410 1967 2437 ⁸
1994 2406 2251 2458 Omnibus
2285 2420 2341 2456 os
2375 2406 2527 2456 obtu-

1457 2493 1599 2551 rent,
1630 2500 1697 2536 ne
1721 2487 1836 2551 quie
1866 2485 2051 2534 merito
2084 2481 2366 2533 maledicet
2389 2481 2534 2532 sibi.'

1458 2564 1618 2619 Item,
1661 2569 1749 2613 ‘os
1782 2558 2115 2626 opprimere,’
2157 2561 2337 2611 Pleut.
2377 2559 2526 2609 Asin.

1458 2654 1551 2690 ιιι.
1574 2645 1626 2690 2.
1645 2642 1729 2690 40.
1782 2638 1939 2696 Item,
1977 2639 2238 2701 ‘linguam
2265 2637 2416 2686 alicui
2440 2650 2526 2685 oc-

1456 2715 1709 2767 cludere-³
1777 2715 1928 2766 Idem
1971 2716 2203 2765 Trinum.
2244 2728 2282 2764 ι.
2319 2718 2369 2764 2.
2409 2717 2524 2763 151.

1459 2793 1787 2845 ‘Occlusisti
1833 2794 2094 2856 liugusm3
2138 2791 2263 2840 nibil
2296 2797 2401 2850 est,
2435 2789 2527 2853 qui

1459 2869 1841 2934 respondeum.’
1898 2867 1984 2921 Cf.
2006 2868 2146 2918 idem
2168 2866 2330 2919 Milit.
2361 2880 2452 2917 nt.
2477 2870 2525 2916 l.

1458 2951 1542 2997 ll.
1577 2947 1818 2997 Schmun.

1522 3024 1744 3088 Denique
1775 3023 1926 3087 nihil]
1979 3021 2068 3072 lta
2088 3027 2171 3071 est
2197 3019 2448 3082 scriptum
2471 3019 2525 3067 iu

1454 3102 1625 3152 codic.
1641 3101 1815 3152 Vetic.
1832 3100 2057 3163 Guelpb.
2071 3106 2126 3147 et
2143 3098 2198 3148 in
2210 3098 2344 3148 libro
2352 3095 2528 3146 Vossi-

1455 3195 1576 3231 eno.
1622 3180 1792 3244 Vulgo
1814 3178 2077 3228 omittitur
2093 3189 2192 3224 vox
2210 3174 2353 3226 siha.
2389 3172 2526 3224 Ges·

1455 3273 1612 3308 uerus
1635 3257 1710 3308 its
1731 3258 1847 3306 hnc
1876 3255 2034 3305 verbe
2057 3254 2393 3316 interpuncta
2414 3250 2524 3301 edi·

1455 3335 1565 3385 dit:
1590 3333 1770 3384 ‘Nihil
1791 3331 2067 3382 subdolum
2101 3330 2349 3393 denique,
2382 3325 2523 3392 quod

1453 3413 1754 3464 credentem
1778 3410 1959 3461 fellere
1979 3407 2165 3473 paret?
2189 3408 2241 3458 N
2245 3421 2312 3457 ou
2331 3408 2525 3456 incoru-

1455 3489 1633 3540 mode.
1688 3489 1764 3539 At
1786 3488 1986 3547 dubito,
2007 3501 2071 3535 en
2096 3494 2304 3536 veteres
2332 3484 2384 3533 in
2409 3498 2518 3547 per·

1458 3567 1664 3629 titione,
1705 3565 1819 3613 sive
1858 3563 2270 3622 enumeratione,
2303 3560 2523 3609 duorum

1454 3642 1645 3691 saltem
1690 3639 2059 3694 membrorum,
2099 3637 2337 3686 lubenter
2377 3635 2524 3683 dixe-

1455 3718 1582 3773 rint,
1621 3717 1840 3780 denique,
1885 3716 1921 3764 i.
1964 3729 2013 3765 e.
2058 3706 2158 3763 ‘'sd
2199 3712 2528 3762 extremum?

1454 3796 1544 3846 De
1567 3796 1756 3858 tribus,
1777 3796 1862 3844 vel
1888 3793 2121 3858 pluribus
2150 3792 2411 3853 membris,
2441 3807 2522 3840 se-

1454 3872 1524 3921 tis
1561 3871 1717 3921 obvia
1758 3879 1880 3921 sunt
1925 3870 2193 3933 exempla;
2234 3883 2282 3917 v.
2321 3884 2370 3932 g.
2409 3868 2522 3919 Cic.

1454 3949 1616 4000 Cutil.
1649 3962 1689 4000 ι.
1726 3953 1807 4000 13.
1846 3956 1861 3979 ⁸
1880 3948 2075 4004 Quare,
2098 3948 2163 3996 P.
2187 3947 2247 3997 C.
2270 3948 2522 3997 secedant

1454 4027 1699 4092 improbi,
1734 4031 2011 4077 secernant
2032 4041 2088 4075 se
2110 4041 2142 4075 a
2165 4026 2334 4088 bonis,
2363 4041 2522 4075 unum

1451 4104 1509 4155 iu
1545 4106 1716 4156 locum
1749 4113 2165 4169 congregentur-3
2197 4118 2345 4154 muro
2376 4104 2524 4153 deni·

1453 4196 1574 4246 que,
1606 4180 1660 4231 id
1694 4180 1835 4248 quod
1870 4195 2013 4245 saepe
2039 4181 2152 4244 jam
2188 4180 2313 4239 dixi,
2350 4194 2522 4230 secer·

1451 4264 1648 4311 nentur
1665 4271 1698 4308 ι
1720 4256 1903 4310 nobis.’
1956 4256 2106 4308 Idem
2132 4256 2291 4308 Catil.
2328 4271 2417 4308 ιιι.
2443 4261 2521 4307 11.
