3017 4942
511 402 655 492 &52
729 506 734 513 .

509 585 666 651 ‘cujus
710 577 891 634 statim
932 579 1170 632 ‘meminit
1208 577 1430 643 Plinius,
1470 588 1574 629 non

514 662 621 713 dici
649 668 826 727 potest
849 660 1075 725 proprius
1099 658 1345 723 spectandi
1369 657 1581 706 Coescris

509 743 770 804 suggestus
792 754 812 796 ,-
860 736 951 786 sed
997 736 1105 787 dici
1147 734 1307 786 debet
1356 735 1580 798 proprius

511 814 771 881 spectantis
777 812 1111 876 Cesar-isael,
1122 812 1356 877 spectanti
1372 812 1580 876 Goesari,

510 897 793 955 suggestus.-
826 895 1124 955 propterea,
1146 889 1285 954 quod
1318 888 1501 939 Caesar
1523 888 1576 938 in

512 968 761 1021 cubiculo
787 964 990 1024 sede'us,
1029 966 1377 1023 accubansve,
1409 966 1576 1030 magis

510 1052 777 1110 spectare,
791 1057 941 1109 qnam
961 1044 1212 1108 spectari,
1223 1050 1314 1093 aut
1333 1049 1576 1108 spectan-

509 1121 613 1173 dus
636 1120 751 1171 aliis
773 1120 1013 1186 proponi,
1034 1120 1238 1185 potuit3
1272 1119 1514 1181 maxime,
1530 1118 1574 1168 si

511 1196 577 1256 is,
612 1198 858 1264 exemplo
898 1198 1144 1255 Neronis,
1176 1210 1333 1262 quem
1370 1197 1573 1246 Plinius

510 1273 778 1340 sigillatim
815 1280 1034 1337 tangere
1075 1273 1306 1337 videtur,
1341 1287 1442 1323 non
1476 1271 1574 1322 nisi

507 1362 606 1417 per
640 1366 805 1418 parva
832 1350 1059 1402 cubiculi
1092 1348 1345 1402 foramina
1366 1357 1575 1415 specta·

507 1427 626 1490 vitg
661 1428 728 1479 de
762 1443 868 1494 qno
901 1424 1125 1478 Sueten.
1151 1442 1202 1478 c.
1238 1430 1319 1477 12.
1351 1428 1368 1457 ⁶
1389 1427 1573 1478 Icarus

508 1505 678 1568 primo
699 1504 878 1555 statim
896 1513 1084 1555 conatu
1098 1504 1259 1569 juxta
1273 1504 1572 1555 cubiculum

507 1581 624 1646 ejus
666 1580 886 1644 decidit,
927 1581 1201 1646 ipsumque
1257 1594 1444 1631 cruore
1488 1595 1572 1632 re-

505 1659 722 1724 spersit.
756 1658 804 1708 N
812 1673 892 1708 am
918 1673 1135 1723 perraro
1156 1658 1461 1723 praesidere,
1481 1670 1572 1709 ce-

506 1737 676 1785 terum
711 1735 969 1787 accubans
994 1737 1214 1799 primum
1240 1737 1412 1798 parvis
1434 1734 1571 1785 fora-

501 1813 729 1863 minibus
748 1820 1005 1877 spectare‚
1023 1811 1402 1881 consueverat-f
1427 1812 1572 1863 Hinc

504 1888 709 1941 Plinius
731 1892 843 1954 ipse
866 1890 1051 1948 innuit,
1073 1891 1114 1939 si
1134 1896 1312 1940 utatur
1326 1890 1569 1954 princeps

503 1966 743 2017 cubiculo
763 1967 814 2016 iu
840 1967 1172 2031 spectaculis,
1197 1975 1322 2017 tnnc
1350 1981 1452 2016 non
1488 1968 1569 2031 lp-

505 2055 616 2092 sum
640 2044 947 2108 principem,
983 2044 1075 2093 sed
1099 2043 1391 2095 cubiculum
1427 2046 1568 2108 prin·

503 2116 656 2182 cipis,
673 2120 814 2171 cerni
829 2136 976 2185 posse
990 2138 1007 2184 ς
1031 2122 1251 2186 ideoque
1263 2121 1568 2185 Trajanum,

506 2196 619 2245 sine
664 2197 805 2247 omni
839 2205 1088 2263 suggestu
1122 2204 1179 2247 et
1213 2197 1476 2255 cubiculo,
1512 2197 1567 2247 in

506 2274 699 2337 populo
715 2273 932 2338 sedisse,
957 2283 1009 2325 et
1032 2276 1201 2326 locum
1224 2275 1369 2339 plebi
1392 2289 1566 2340 equa·

505 2354 628 2407 tum,
652 2364 932 2415 paremque
969 2352 1220 2414 tenuisse,
1249 2356 1309 2400 nt
1341 2351 1564 2401 invicem

503 2426 650 2477 cerni
673 2428 904 2494 potuerit
926 2444 958 2478 a
980 2429 1191 2492 populo.
1254 2428 1360 2478 Ubi
1389 2433 1565 2477 tamen

501 2502 658 2554 facile
700 2504 877 2562 credo,
914 2506 1193 2569 Trajanum
1243 2504 1409 2568 primo
1451 2504 1569 2568 qui*-

502 2581 643 2645 dem,
686 2580 780 2632 sed
825 2590 999 2632 tamen
1036 2596 1138 2632 non
1179 2581 1421 2638 editiore,
1464 2594 1567 2632 nec

501 2658 682 2709 clauso
704 2664 951 2725 tectoque
969 2659 1101 2715 loco,
1122 2658 1334 2708 sedisse.
1365 2705 1378 2720 ,
1400 2657 1566 2708 Vides

501 2745 648 2800 ergo,
670 2735 715 2786 si
737 2736 1032 2786 accuratius
1057 2750 1165 2785 rem
1189 2734 1566 2800 expendamus,

498 2811 567 2861 ad
588 2826 764 2863 veram
789 2820 844 2863 et
864 2820 1235 2877 congruentem
1250 2812 1563 2862 sententiam

498 2884 675 2940 Plinio
702 2891 1052 2948 asserendam,
1084 2904 1301 2941 necesse
1328 2903 1463 2952 esse,
1484 2897 1566 2954 ut,

500 2965 657 3016 etiam
678 2966 790 3017 sine
813 2966 1063 3032 suffragio
1083 2967 1350 3032 librorum,
1372 2967 1428 3016 iu·
1447 2968 1564 3031 ipsa

500 3038 760 3106 scriptura
800 3050 1051 3106 corrupta
1103 3043 1337 3093 remedia
1384 3042 1563 3103 mendi

500 3122 811 3181 quaeramus,
856 3119 1335 3184 amplectamurque
1382 3119 1563 3169 lectioss

497 3200 619 3242 nem
650 3195 988 3259 propositam.
1054 3196 1248 3260 Neque
1271 3210 1474 3260 vereor,
1496 3211 1562 3246 ne

497 3269 734 3320 audaciae
765 3277 942 3321 notam
977 3271 1252 3328 incurram,
1283 3271 1327 3320 si
1354 3273 1560 3322 unicam

491 3345 710 3396 literam
733 3354 895 3411 muto,
919 3354 976 3398 et
1000 3361 1096 3411 pro
1126 3349 1161 3397 d
1191 3361 1388 3412 repono
1415 3355 1438 3399 t
1451 3365 1472 3407 ;
1507 3350 1560 3401 in

493 3421 686 3487 quibus
698 3423 864 3473 literis
883 3425 1255 3475 commutandis
1271 3440 1424 3491 qnam
1441 3439 1560 3489 pro·

495 3498 635 3550 clive
655 3497 757 3551 fuit
790 3501 1003 3551 rudibus
1035 3503 1256 3553 librariis
1279 3504 1559 3554 hallucina-

494 3576 571 3628 ri!
622 3579 871 3629 Ceterum
895 3592 1006 3630 mos
1031 3580 1119 3630 ille
1152 3582 1313 3646 coepit
1342 3595 1458 3631 cum
1481 3583 1560 3646 ip-

494 3668 556 3704 so
600 3654 921 3721 principatu,
953 3663 1013 3707 ut
1047 3657 1259 3722 plurimi
1296 3659 1560 3724 principes

495 3729 736 3796 Romani,
769 3733 919 3784 ludos
955 3735 1267 3797 spectaturi,
1296 3735 1395 3785 sibi
1419 3736 1561 3800 ejus·

494 3806 633 3856 modi
656 3816 975 3872 suggestum,
1001 3810 1087 3859 vel
1121 3808 1434 3870 cubiculum,
1467 3827 1560 3863 ex·

394 3910 399 3916 -
493 3888 758 3934 struerent
791 3884 846 3934 in
870 3886 1159 3939 orchestra.
1223 3887 1343 3939 Jam
1368 3887 1435 3937 de
1462 3887 1561 3940 Ju-

493 3957 568 4008 lio
592 3960 820 4024 efflare,
850 3974 897 4013 c.
921 3966 1009 4013 76.
1039 3964 1138 4014 hoc
1169 3962 1336 4014 refert
1371 3965 1558 4016 Sueto-

492 4035 639 4087 nius:
674 4037 931 4103 ‘Recepit
950 4036 1251 4105 suggestum
1275 4041 1326 4091 in
1349 4043 1560 4094 orches·

495 4109 612 4160 traa'
677 4111 785 4164 Ubi
815 4114 1146 4166 Casaubonus
1171 4127 1370 4183 monet,
1406 4125 1558 4184 ‘sug-

490 4186 735 4249 gestum'
768 4191 962 4250 vocari,
998 4194 1123 4256 quia
1150 4194 1245 4245 hoc
1273 4208 1459 4259 pegma
1481 4199 1560 4246 in-

494 4262 606 4312 stal-
630 4258 903 4316 tribunalis
923 4267 1143 4319 sublime
1162 4268 1324 4322 fuerit
1343 4287 1360 4335 3
1382 4274 1398 4301 ⁸
1415 4272 1560 4323 cubi·

494 4332 669 4394 culum
688 4342 705 4367 ’
737 4356 866 4397 vero
889 4361 921 4398 a
950 4344 1150 4413 ton-mn
1187 4350 1309 4416 quia
1346 4351 1559 4404 solitum

1209 430 1432 485 1401·AE
1479 432 1889 484 VARIORUM
1943 426 2029 481 m

1654 577 1828 628 extrui
1846 577 1896 627 ln
1915 575 2125 626 modum
2145 573 2295 639 parvi
2311 572 2558 625 cubiculi.
2590 562 2722 624 For}

1654 666 1789 705 mam
1825 661 1999 705 tamen
2029 651 2323 715 hujusmodi
2349 651 2493 701 sedis
2526 650 2720 715 princi-

1653 732 1805 797 palis,
1838 746 1935 796 pro
1967 728 2277 780 diversitate
2312 736 2629 793 temporum,
2659 729 2723 778 'et

1653 823 1747 874 pro
1784 808 1957 859 lubitu
1992 804 2274 869 Caesamm,
2312 804 2592 869 aliquando
2634 819 2727 872 va·-

1652 887 1836 941 rtasse,
1880 883 2061 936 credo.
2138 881 2432 933 Bandurius
2474 882 2527 931 in
2565 881 2720 932 Com·

1651 971 1875 1015 mentar.
1912 962 1978 1013 ad
2017 961 2280 1026 Antiquit·
2313 961 2720 1025 constantinop.

1649 1041 1742 1091 lib.
1766 1055 1808 1092 ι.
1834 1055 1887 1106 p.
1909 1043 2024 1091 489.
2047 1037 2335 1095 annotavit,
2358 1037 2500 1087 illam
2524 1038 2723 1101 sedem,

1649 1114 1705 1167 in
1737 1131 1838 1183 qua
1873 1108 2159 1181 imperator
2190 1114 2405 1185 sederit,
2437 1130 2559 1165 cum
2594 1116 2721 1166 ede-

1649 1200 1833 1243 rentur
1854 1192 1962 1243 lndi
1987 1192 2277 1250 Circenses,
2290 1193 2615 1263 appellatam
2640 1207 2722 1242 es-

1648 1284 1705 1319 se
1731 1266 1911 1335 ovdpa,
1921 1269 2049 1319 item
2066 1267 2126 1318 rb
2135 1267 2340 1330 ’κόθισμα
2355 1269 2445 1318 τοῦ
2459 1267 2723 1330 Rasilibus,

1648 1346 1860 1411 κάθισμα
1879 1347 2154 1411 βασιλικὸν,
2168 1347 2379 1410 κάθωμαι
2393 1346 2607 1413 θεωρίαν,
2621 1346 2724 1411 θρύ-

1647 1442 1733 1476 vor
1752 1425 2010 1483 βασιλέως.
2064 1427 2399 1477 Casanbonus
2427 1427 2533 1476 hnc
2555 1427 2721 1495 etiam

1645 1504 1807 1555 trahit
1822 1519 2013 1556 nomen
2029 1501 2323 1569 οὐρανίσκον,
2338 1503 2460 1568 quia
2480 1496 2723 1567 aliquan·=

1646 1581 1716 1631 do
1745 1587 2090 1638 cameratum,
2123 1589 2180 1631 et
2221 1579 2503 1631 testudinis
2532 1580 2725 1644 specie

1643 1656 1962 1710 fornicatum
1996 1657 2167 1722 ipsum
2207 1657 2395 1707 solium
2427 1655 2726 1713 obtexerit,

1645 1737 1723 1786 nti
1744 1738 1929 1787 coelum
1955 1742 2146 1786 terram
2170 1735 2325 1799 tegit.
2379 1734 2540 1785 Anno
2567 1739 2722 1784 166⁵.

1644 1814 1842 1879 prodiit
1879 1814 2097 1864 Arelate
2135 1812 2273 1863 liber
2316 1810 2577 1876 Gallicus,
2618 1811 2721 1862 sub'

1643 1892 1741 1942 hoc
1763 1893 1948 1943 titulo:
1987 1890 2296 1955 Descriptio„
2325 1892 2408 1940 des
2436 1893 2626 1948 menes,
2663 1903 2726 1940 ou

1642 1971 1704 2018 de
1724 1967 2131 2034 l'Amphitlredire
2157 1962 2351 2018 &Aries
2368 1982 2388 2026 3
2419 1966 2511 2016 nbi
2550 1966 2605 2015 in
2643 1972 2720 2016 ta*

1645 2046 1766 2094 bula
1785 2044 2058 2109 adjuncta,
2078 2051 2134 2094 et
2156 2057 2265 2093 aere
2288 2043 2581 2105 exscripta,
2601 2043 2725 2106 pul⁴

1642 2120 1767 2170 chre
1789 2121 2104 2184 exprimitur
2122 2117 2335 2181 κάθισμα
2355 2118 2440 2168 τοῦ
2458 2118 2729 2182 βασιλέως,

1643 2200 1755 2249 sive
1779 2199 1997 2262 thronus,
2014 2211 2046 2248 e
2068 2212 2170 2263 quo
2191 2196 2471 2262 spectabat
2485 2196 2721 2260 impera-

1643 2281 1726 2326 tor
1747 2289 1764 2337 3
1788 2275 1959 2340 qualis
1977 2276 2135 2325 etiam
2156 2275 2208 2325 in
2225 2275 2384 2325 circo.
2409 2274 2668 2324 Schwarz.

1707 2353 2007 2418 Suggestus]
2054 2352 2260 2403 Editior
2298 2353 2465 2408 locus,
2507 2352 2564 2400 in
2610 2365 2722 2416 quo

1639 2428 1756 2493 ipse
1803 2437 2030 2493 spectet.
2114 2429 2214 2480 Cui
2255 2429 2438 2479 honori
2485 2428 2638 2491 origo
2686 2436 2720 2478 a

1638 2505 1783 2557 Julio
1805 2506 2037 2568 Caesare,
2058 2519 2211 2571 quem
2233 2505 2515 2555 Suetonius
2540 2511 2718 2561 notat,

1644 2581 1783 2630 inter
1807 2582 1990 2631 nimios
2009 2583 2251 2646 honores,
2275 2582 2536 2645 recepisse
2561 2587 2577 2610 ‘
2593 2595 2719 2643 sug·

1643 2667 1846 2721 gestum
1881 2659 1933 2707 in
1969 2656 2279 2709 orchestra?
2344 2657 2485 2707 Vide
2519 2668 2604 2707 me
2645 2654 2716 2707 de

1642 2733 2043 2798 Amphitheatro
2068 2746 2185 2799 cap.
2209 2739 2260 2785 2.
2292 2734 2431 2798 Lips.

1706 2812 1893 2862 Licebit
1921 2827 2036 2875 ergo
2061 2812 2264 2877 civibus]
2297 2811 2482 2862 Licebit
2517 2826 2637 2874 crgo
2667 2817 2718 2862 le
2756 2825 2766 2833 ·

1639 2887 1820 2939 civibus
1840 2890 1905 2938 V.
1930 2890 1991 2940 C.
2017 2889 2091 2939 G.
2120 2888 2289 2939 Licin.

1715 2967 1847 3028 Ergo
1890 2966 2099 3031 civibus]
2153 2965 2215 3015 In
2261 2965 2535 3016 codicibus
2581 2965 2720 3017 Mss-

1638 3044 1934 3106 Vaticauis,
1971 3043 2275 3100 Parisiensi‚
2310 3045 2521 3093 Veneto
2566 3043 2719 3101 ntro:

1641 3134 1764 3185 que,
1779 3120 2180 3184 salisburgensi,
2200 3132 2333 3175 meo,
2349 3128 2404 3168 et
2421 3120 2554 3169 libro
2574 3120 2715 3170 Vos·

1640 3196 1804 3253 siano,
1827 3196 2077 3259 scriptum
2102 3204 2182 3245 est
2206 3194 2398 3245 Licebit
2415 3208 2532 3258 ergo
2564 3200 2615 3245 te
2641 3186 2713 3246 ci?

1637 3274 1774 3325 vibus
1796 3275 1910 3325 mis.
1934 3275 1998 3324 In
2017 3273 2499 3340 Guelpberbytano,
2522 3289 2618 3337 pro
2644 3280 2712 3338 te,

1639 3359 1787 3402 extat
1810 3361 1875 3401 et.
1911 3351 2111 3402 Vocula
2135 3355 2183 3401 te
2203 3365 2303 3400 non
2327 3356 2408 3401 est
2429 3351 2495 3400 de
2517 3351 2709 3416 nihilo,

1639 3442 1792 3492 quam
1839 3429 1999 3478 etiam
2056 3427 2401 3490 cuspinianus
2455 3432 2512 3476 et
2563 3428 2709 3477 Livi-

1637 3505 1783 3554 neius
1821 3504 2071 3566 edidere;
2118 3504 2216 3553 nisi
2256 3503 2393 3568 quod
2433 3518 2535 3553 non
2575 3506 2709 3555 satis

1636 3594 1762 3646 apto
1782 3583 1897 3633 loco
1917 3583 2174 3634 collocata
2197 3581 2451 3632 videatur.
2477 3582 2711 3632 Schwnr-

1632 3660 1750 3711 zius.

1704 3738 1819 3788 Non
1852 3737 2118 3788 cubiculum
2145 3736 2398 3802 principis]
2434 3737 2707 3790 Neronem

1636 3814 1858 3879 indicat,
1901 3828 2055 3879 quem
2100 3829 2131 3864 e
2176 3815 2415 3865 cubiculo
2459 3823 2707 3878 spectare

1634 3890 1844 3941 solitum
1881 3891 2021 3942 idem
2048 3897 2227 3941 auctor
2249 3897 2351 3955 est,
2382 3891 2516 3942 Ner.
2547 3906 2596 3945 c.
2620 3895 2706 3961 12.

1638 3967 1805 4018 Licin.
2088 3998 2091 4001 -

1701 4044 1817 4094 Non
1845 4042 2110 4094 cubiculum
2134 4042 2395 4108 principis]
2427 4042 2536 4093 Ubi
2561 4043 2707 4094 velut

1634 4121 1857 4182 clausus,
1911 4126 2161 4186 tutusque
2215 4112 2283 4170 ab
2326 4121 2520 4185 injuria
2560 4121 2704 4185 coeli,

1634 4197 1876 4248 sedebat.
1939 4197 2279 4263 Populariter
2309 4197 2564 4261 Trajanus
2602 4197 2703 4269 hoc

1633 4275 1855 4340 sprevit,
1881 4282 1934 4324 et
1956 4274 2218 4339 spectavit
2251 4274 2383 4342 ipse,
2407 4281 2704 4341 spectatus-

1634 4367 1739 4420 que
1759 4360 1859 4404 est.
1891 4353 2024 4419 Lips.
