3017 4942
456 400 592 470 492

458 561 747 629 requirere,
769 567 830 616 ut
862 562 1184 616 rescribatur
1204 563 1526 628 barbarorum,

461 655 558 704 per
579 655 708 706 quos
740 655 811 691 ex
842 655 985 692 more
1007 642 1352 692 Romanorum
1373 639 1527 692 intel⁴

458 717 690 782 ligantur
743 718 992 768 Germani
1014 734 1030 780 ς
1097 719 1281 783 quibus
1335 732 1526 782 magno

461 802 661 846 terrore
692 795 958 860 cohibitis,
980 796 1255 862 victisque,
1275 796 1527 859 Trajanus

461 871 762 923 Germanici
794 886 1079 938 cognomen
1114 873 1365 924 meruisse
1396 872 1528 923 dici-

462 954 567 1000 tur.
637 949 790 1000 Hanc
815 952 1224 1017 qualemcunque
1259 948 1527 1015 conjectu-

464 1041 573 1076 ram
596 1034 820 1078 nostram
836 1029 945 1093 jam
969 1029 1185 1094 probam
1209 1036 1264 1079 et
1282 1028 1532 1090 ἀποδοχῆς

463 1104 594 1167 ὕειον
609 1106 871 1169 judicavit
894 1100 1527 1170 Gesnerus,’aeqnissimus

462 1179 643 1230 harum
667 1194 839 1231 rerum
862 1183 1209 1233 existimator.
1248 1182 1399 1232 Idem.

517 1259 606 1308 Ex
616 1261 836 1323 proximo
850 1261 1065 1326 auditus]
1090 1259 1342 1313 Alberttts
1359 1259 1530 1310 Chris

465 1334 639 1385 tianus
676 1335 914 1399 Rotliius,
942 1337 1029 1401 ‘qui
1072 1336 1334 1401 Epistolas
1370 1335 1532 1386 Plinii

466 1424 531 1460 ex
568 1411 797 1462 editione
827 1412 950 1464 Jac.'
977 1413 1240 1464 Thomasii
1275 1427 1358 1464 an.
1384 1417 1531 1463 1686.

448 1488 620 1557 ,Hatae
657 1490 909 1554 Magdeb·
939 1498 996 1542 et
1031 1506 1116 1542 an.
1140 1496 1288 1543 1695.
1321 1491 1537 1556 Lipsiae,

464 1566 790 1618 recudendas
848 1569 1071 1626 curavit,
1126 1569 1533 1633 Panegyricum-

465 1656 566 1708 que
587 1644 903 1710 Plinianum,
918 1647 1109 1695 notulis
1126 1645 1466 1709 quibusdam·
1454 1660 1533 1693 in·

465 1726 741 1786 structum,
766 1721 977 1787 adjecit,
1002 1722 1067 1771 ad
1099 1722 1238 1772 hunc
1270 1722 1438 1772 locum
1463 1723 1534 1771 ri-

465 1796 645 1847 dicule
661 1798 775 1848 baec
797 1806 1179 1848 commentatus
1214 1808 1330 1848 est:
1367 1799 1385 1828 ‘
1405 1798 1533 1849 For-

466 1875 620 1924 tassis
642 1881 908 1925 stentorea
933 1888 1059 1925 voce
1087 1872 1344 1940 Trajanus
1371 1882 1535 1925 terro·

466 1964 576 2002 rem
601 1952 818 2004 incussit
840 1954 990 2010 hosti,
1009 1967 1125 2003 cum
1138 1954 1311 2018 vpatris
1329 1955 1382 2004 iu
1401 1954 1534 2004 Par.

465 2029 612 2079 tbica
634 2030 971 2095 expeditione
989 2045 1161 2080 comes
1177 2029 1354 2081 esset?
1397 2031 1532 2083 Haec

467 2111 643 2156 tamen
677 2102 754 2157 ita
787 2107 1072 2157 arriserunt
1099 2106 1405 2158 Godofredo
1432 2109 1533 2159 Lu-

465 2180 655 2239 dovici‚
679 2188 740 2234 ut
773 2182 955 2232 eadem
990 2198 1082 2234 sua
1114 2182 1312 2235 faceret
1334 2185 1385 2235 in
1406 2187 1421 2214 ‘
1443 2200 1533 2236 au·

465 2257 862 2322 notationibus,'
886 2267 942 2309 ut
964 2267 1138 2317 vocat,
1159 2269 1175 2294 ⁸
1193 2262 1536 2325 necessariis,'

469 2333 534 2383 ad
559 2333 945 2400 Panegyricum
977 2336 1158 2397 Plinii,
1180 2338 1531 2402 schleusingae

469 2425 554 2461 an.
574 2415 720 2463 1⁷0⁰.
741 2427 997 2464 recusum.
1059 2414 1263 2467 Plinius
1283 2429 1405 2466 vero
1429 2431 1532 2466 non

468 2489 534 2538 de
557 2503 704 2546 voce,
728 2490 821 2540 sed
844 2489 912 2541 de
933 2489 1074 2542 fama
1096 2493 1301 2557 Trajani
1337 2492 1533 2544 adven·

467 2566 631 2621 tantis
659 2568 906 2632 loquitur,
931 2583 1033 2635 qua
1065 2568 1240 2620 hostes
1266 2571 1378 2634 jam
1416 2586 1534 2635 per·-

466 2644 681 2694 territos
730 2643 891 2696 fuisse
939 2646 1031 2696 ait.
1109 2652 1127 2676 ⁸
1150 2646 1342 2697 Fama'
1392 2649 1533 2698 enim

468 2722 488 2749 ⁸
508 2719 644 2770 bella
665 2721 846 2785 stare,'
866 2721 1000 2772 dixit
1022 2723 1174 2774 Curt.
1198 2738 1290 2773 111.
1306 2728 1356 2774 8.
1375 2732 1533 2789 atque

466 2796 629 2862 idem,
651 2811 703 2849 v.
726 2803 810 2861 18.
833 2801 850 2829 ‘
873 2800 1116 2859 Nomen‚’
1138 2801 1324 2866 inquit,
1341 2799 1532 2851 ‘Alex-

467 2872 704 2939 andri,et
722 2873 875 2939 fama,
893 2877 1171 2926 maximum
1191 2880 1243 2926 in
1266 2877 1403 2927 bello
1427 2879 1533 2927 uti-

467 2965 570 3016 que
620 2960 955 3008 momentum.
1001 2951 1215 3013 pavidos
1258 2952 1309 3000 in
1354 2950 1532 3016 fugam

468 3026 766 3079 convertit.’
834 3030 924 3079 Sic
958 3034 1012 3079 et
1034 3029 1217 3078 Stilico
1242 3029 1532 3080 Honorium

470 3105 771 3169 alloquitur.
804 3104 940 3170 apud
977 3105 1250 3157 claudian.
1285 3105 1351 3154 de
1375 3106 1438 3154 Β.
1461 3106 1536 3157 G.

467 3194 545 3230 vs.
570 3185 687 3232 ⁸84.
705 3184 721 3210 ‘
738 3181 868 3233 Plus
904 3182 1123 3231 nominis
1143 3183 1341 3245 horror,
1362 3183 1533 3235 Quam

469 3264 591 3308 tuus
613 3258 769 3321 ensis,
794 3256 951 3322 aget?
1001 3258 1142 3308 Hinc
1166 3258 1276 3308 Cic.
1298 3274 1392 3322 pro
1415 3261 1533 3322 lege

469 3333 657 3384 Manil.
679 3348 727 3382 c.
753 3337 834 3383 15.
868 3347 986 3383 cum
1006 3332 1074 3383 de
1110 3336 1423 3385 auctoritate
1455 3334 1532 3385 fa·

468 3422 657 3474 tuaque
680 3409 922 3475 Pompeii
955 3416 1169 3473 ageret:
1203 3417 1218 3440 ⁴
1236 3411 1534 3462 Vehemen-

466 3486 588 3543 ter:
623 3486 815 3551 iuquit,
843 3488 1139 3551 ‘pertinere
1170 3488 1236 3538 ad
1271 3488 1409 3538 bella
1443 3489 1532 3539 ad·

470 3561 831 3619 ministranda.
854 3562 976 3628 quid
1009 3563 1208 3626 hostes,
1227 3564 1351 3628 quid
1385 3566 1533 3624 socii,

470 3637 540 3690 de
572 3639 979 3702 imperatoribus
1005 3640 1187 3689 vestris
1216 3641 1537 3706 existiment,

471 3715 587 3781 quis
617 3715 854 3779 ignorat3
887 3728 1003 3765 cum
1039 3716 1278 3774 sciamus,
1302 3719 1538 3769 homines

473 3793 527 3843 in
563 3793 723 3843 tantis
758 3792 933 3854 rebus,
968 3798 1046 3855 ut,
1065 3801 1154 3842 aut
1178 3803 1537 3859 contemnant,

471 3873 565 3919 aut
587 3876 842 3931 metuant,
863 3878 954 3920 aut
981 3869 1207 3932 oderint,
1231 3879 1322 3922 aut
1344 3880 1540 3928 ament

474 3946 720 4009 opinione
750 3960 851 3995 non
886 3946 1053 3997 minus
1074 3945 1248 4008 famae,
1269 3962 1419 4012 quam
1443 3950 1540 3998 ali·

476 4036 580 4087 qua
597 4028 740 4070 certa
762 4022 963 4071 ratione
985 4026 1295 4073 commoveri
1311 4024 1349 4074 ?’
1363 4026 1517 4076 Idem.

482 4136 493 4139 -
542 4098 850 4161 Rhenumque
890 4105 938 4149 et
978 4100 1294 4164 Euphratem]
1348 4102 1538 4153 Orien·

475 4182 580 4227 tem
605 4182 659 4225 et
677 4174 1021 4225 occidentem.
1053 4176 1205 4226 Beru.

541 4251 894 4303 Admirationis
927 4257 1022 4299 tuoe
1039 4250 1205 4313 forna]
1240 4251 1329 4301 Ita
1365 4252 1414 4301 in
1447 4267 1539 4302 an-

477 4326 786 4396 tiquioribus
825 4327 1043 4391 pariter,
1078 4335 1132 4378 et
1165 4328 1540 4381 recentioribus

431 4748 559 4910 Ι

1595 1117 1753 1166 geres.

1152 418 1375 471 No‘rAE
1422 418 1833 472 VAmoRUM
1884 423 1972 474 11(

1598 562 1763 622 libris,
1783 565 1897 616 baec
1920 564 2082 617 verba
2104 572 2227 619 sunt
2247 580 2462 623 excusa·
2512 566 2585 623 At
2609 570 2666 622 in

1600 642 1866 693 codicibus
1890 646 2021 696 Μαι.
2053 652 2108 696 et
2137 646 2189 696 in
2227 648 2528 712 cuspiniani
2554 650 2666 699 edi·

1601 718 1763 783 tione,
1784 721 2023 785 legimns,
2044 723 2379 774 admirationis
2403 730 2500 774 lucr
2520 726 2669 775 socie—

1598 801 1718 847 tate.
1800 797 1882 847 Ex
1927 799 2234 862 conjectura
2274 800 2669 850 rescribendum

1600 873 1885 930 videretur,
1938 874 2255 925 admiratione
2326 880 2424 924 1¹1ae
2494 874 2670 935 fame.

1599 948 1732 999 Vide
1757 950 1977 1000 Excurs.
2001 964 2105 1001 xx.
2130 952 2181 1000 in
2203 950 2325 1001 tine.
2357 952 2603 1002 Schwart-

1666 1027 1819 1077 Fuma
1845 1028 2171 1095 conjungeres]
2208 1028 2445 1080 δαίεται
2473 1029 2671 1091 conjun-

1799 1106 1862 1153 V.
1886 1104 1948 1154 C.
1983 1104 2147 1156 Livia.

1670 1180 1783 1229 Non
1811 1181 2010 1245 pedibus
2029 1180 2210 1246 mogis]
2241 1181 2410 1244 Magis
2430 1178 2580 1231 abest
2597 1178 2674 1231 V

1603 1255 1753 1307 Idem.

1672 1333 1990 1399 contiguus]
2038 1333 2304 1396 Contigisti
2350 1332 2519 1385 Lirin.
2573 1330 2671 1383 sed

1601 1410 1976 1471 cntigissesv.
2002 1413 2064 1462 C.
2089 1413 2159 1462 G
2181 1413 2245 1463 R.
2277 1412 2431 1462 Idem.

1672 1487 1980 1538 Germaniam
2002 1489 2211 1552 quidem]
2252 1478 2671 1552 Germaniamquess

1605 1563 1883 1615 Desectam
1909 1566 2133 1630 aliquem
2158 1564 2327 1628 video,
2363 1563 2453 1615 sed
2478 1566 2669 1617 levem·

1672 1717 1982 1769 Germaniam
2024 1716 2237 1782 quidem]
2286 1715 2572 1782 Hucusque
2616 1716 2672 1767 in

1603 1793 1842 1843 omnibus
1867 1795 2027 1857 libris,
2040 1794 2250 1858 scriptis
2276 1795 2474 1858 pariter
2496 1805 2552 1847 et
2576 1795 2672 1845 im·

1605 1871 1817 1933 pressis,
1838 1871 1937 1933 legi
1978 1872 2377 1935 Germaniamque
2389 1888 2410 1931 ,·
2445 1871 2523 1922 ita
2556 1872 2677 1937 qui·

1605 1945 1742 2002 dem,
1768 1955 1825 1997 ut
1847 1947 1924 1996 lioe
1950 1961 2104 1997 voces
2129 1949 2213 1997 vix
2239 1948 2409 2012 aliter,
2444 1948 2545 1998 nisi
2576 1962 2676 2013 per

1605 2022 1927 2084 intercisum,
1945 2033 2036 2074 aut
2058 2025 2359 2082 semicolon,
2384 2040 2415 2075 a
2437 2025 2675 2090 superio·

1608 2100 1749 2150 ribus
1785 2100 2252 2163 distinguerentur.
2329 2102 2484 2153 Unde
2525 2103 2674 2157 locus

1604 2174 1687 2227 hic
1734 2177 2080 2241 perobscurus
2136 2178 2352 2247 extitit„
2380 2178 2675 2246 meritoque

1606 2267 1817 2304 mancus
1840 2254 2043 2304 babitus
2065 2260 2164 2305 est.
2218 2254 2349 2305 Levi
2379 2256 2542 2321 igitur
2562 2271 2677 2306 mii-

1608 2330 1824 2386 tatione‚
1861 2345 1956 2393 pro
1992 2332 2251 2394 particula
2279 2331 2532 2399 ἐγκλιτικῇ
2563 2347 2674 2398 que,

1607 2407 1914 2469 particulam
1958 2408 2283 2472 transeundi,
2322 2412 2407 2461 vel
2450 2425 2675 2463 connec-

1608 2483 1774 2545 tendi,
1805 2484 2011 2548 qus‘dem,
2042 2485 2459 2536 substituendam
2494 2488 2676 2551 opina·

1607 2568 1708 2618 tus,
1745 2568 1865 2626 post
1899 2562 2109 2612 verbum
2139 2577 2261 2619 eras,
2295 2564 2677 2629 interpunctio·

1604 2652 1721 2689 nem
1760 2636 2051 2702 perfectam
2078 2640 2280 2690 interea
2313 2642 2478 2705 posui,
2505 2656 2675 2707 nsque

1606 2715 1728 2765 dum
1766 2730 1832 2764 ex
1861 2716 1973 2764 aliis
2007 2716 2246 2766 subsidiis
2279 2718 2476 2768 certior
2498 2718 2676 2784 profe-

1605 2800 1753 2843 ratur
1775 2793 2090 2845 emendatio.
2155 2795 2441 2846 Particulae
2473 2812 2580 2847 cum
2617 2805 2678 2848 et

1605 2878 1727 2935 tam,
1748 2887 1867 2936 qnae
1898 2872 1950 2921 iu
1987 2872 2082 2922 hac
2121 2874 2339 2937 periodo
2373 2882 2677 2938 occurrunt,

1607 2963 1751 2999 more
1774 2956 2025 2998 consueto
2047 2947 2186 2998 idem
2202 2949 2678 3016 significant,quo‹1

1606 3029 1657 3074 et
1692 3051 1710 3063 -
1744 3030 1828 3081 et,·
1870 3025 1995 3082 sive,
2035 3040 2131 3074 nou
2171 3027 2341 3089 solum,
2383 3029 2468 3078 sed
2508 3027 2676 3083 ceiam.

1607 3099 1747 3153 Vide
1769 3101 1990 3155 Excurs.
2015 3114 2142 3159 xxi.
2173 3102 2417 3155 Schwurz.

1678 3177 1796 3225 Tum
1836 3176 2121 3241 Pyreneus]
2170 3177 2310 3229 Quid
2348 3180 2448 3228 hoc
2487 3178 2680 3241 attilio}

1607 3254 1937 3305 Germaniam
1976 3261 2180 3306 montes
2222 3254 2469 3321 Pyrenaei
2510 3258 2679 3311 muni.

1608 3340 1721 3394 unt,
1768 3332 2161 3395 dirimuntque?
2244 3332 2364 3383 Non
2406 3333 2507 3385 boc
2553 3347 2677 3399 geo·

1608 3410 1809 3475 graphi,
1844 3424 1947 3459 non
1980 3406 2087 3459 fert
2122 3415 2306 3458 natura
2339 3423 2545 3472 rerum3
2581 3410 2679 3466 sed

1608 3482 1837 3551 suspicio
1859 3486 1999 3546 mibi,
2022 3491 2267 3548 respectu
2287 3485 2509 3549 quodam
2540 3487 2680 3550 posi-

1608 3572 1713 3626 tus,
1761 3573 1817 3613 et
1870 3562 2072 3612 itineris
2106 3561 2317 3626 Trajani
2363 3562 2684 3626 nominatos,

1606 3655 1760 3706 quem
1787 3639 2110 3691 Domitianus
2135 3637 2199 3687 ab
2225 3635 2484 3702 Hispania
2507 3654 2680 3704 nsque

1610 3724 1667 3766 ut
1692 3714 2063 3769 validissimum
2095 3713 2393 3777 praesidium
2425 3714 2492 3764 ad
2520 3715 2682 3780 bella,

1606 3808 1722 3859 quae
1747 3793 1797 3841 in
1821 3791 2105 3843 Germania
2127 3799 2358 3857 gereret,
2379 3794 2608 3856 excivit,
2616 3784 2692 3846 ιη’

1608 3885 1726 3923 mox
1752 3870 2002 3933 sequitur.
2036 3869 2203 3919 Liviu-

1678 3948 1797 3997 Tum
1834 3947 2144 4011 Pyrenoeus]
2184 3946 2342 3996 Itane
2386 3922 2688 4012 Pyrenaeus:

1609 4023 1749 4075 iuter
1786 4022 2080 4073 Germauiae
2124 4022 2407 4072 terminos?
2452 4024 2544 4080 ita,
2580 4026 2678 4075 sed

1558 4148 1562 4155 ,
1610 4101 1716 4150 late
1763 4100 1906 4155 illius·¹
1938 4105 2141 4158 sumtae,
2176 4106 2237 4148 ut
2275 4099 2473 4157 Gallias
2514 4101 2684 4179 etiam!

1611 4173 2036 4239 comprehendat·
2107 4174 2220 4222 Nec
2253 4174 2306 4223 id
2343 4189 2533 4250 novum
2558 4185 2676 4228 est:

1609 4259 1664 4302 et
1685 4252 1823 4300 sicut
1845 4252 2024 4301 Celtas
2046 4264 2136 4299 eos
2158 4250 2314 4314 prisci
2333 4251 2509 4301 Graeci
2533 4267 2686 4311 comq

1612 4327 1838 4381 muniter
1874 4333 2143 4385 vocarunt,
2184 4325 2259 4380 sic
2281 4327 2474 4403 „Latini
2520 4331 2683 4409 modo,
