3017 4942
508 414 684 487 1056

513 585 664 650 probi
684 588 738 634 et
760 581 891 644 frugi
912 577 1353 629 existimarentur.
1401 573 1582 626 Quod-

514 663 558 712 si
585 676 709 710 vero
729 675 865 709 saum
896 656 1021 706 iilud
1058 655 1352 714 adsciscas;
1387 651 1584 700 inutilis

516 746 571 788 et
595 749 920 800 supervacua
955 731 1091 782 foret
1129 728 1395 779 restrictio
1421 742 1451 775 a
1474 725 1583 774 Pii-

515 816 602 864 nio
628 812 830 874 addita,
848 811 932 860 sed
953 814 1176 872 tauquam
1198 805 1403 866 libertis,
1427 803 1588 852 habes.

517 892 606 942 Sic
628 903 754 938 vero
778 896 834 937 et
854 887 996 936 Simo
1016 882 1388 935 Terentianus,
1421 877 1588 928 Andr.

439 966 448 977 “
520 981 559 1016 1.
584 971 630 1015 1.
656 969 737 1014 10.
775 961 1219 1012 manumissionem
1255 956 1411 1006 etiam
1436 959 1590 1003 vocat

519 1051 534 1072 ‘
555 1055 806 1092 summum
837 1039 1064 1104 pretium
1084 1035 1099 1056 ’
1123 1034 1289 1084 fidelis
1324 1043 1379 1082 et
1404 1031 1588 1081 iibera-

524 1121 588 1169 lis
613 1116 812 1168 servitii
839 1133 852 1165 ε
887 1115 905 1142 ⁴
921 1115 1063 1170 Feci,
1088 1128 1155 1162 ex
1182 1112 1333 1162 s‘ervo
1355 1114 1414 1159 ut
1446 1123 1590 1158 esses

522 1195 741 1245 libertus
778 1190 934 1252 mihi3
969 1188 1285 1252 Propterea,
1309 1185 1445 1251 quod
1483 1199 1593 1234 ser-

525 1270 705 1322 viebas
731 1269 1017 1319 liberaliter
1039 1282 1054 1326 3
1090 1264 1244 1316 Quod
1266 1262 1439 1321 habui,
1459 1275 1594 1310 snm-

525 1362 662 1399 mum
682 1345 909 1411 pretium
928 1340 1149 1404 persolvi
1169 1338 1302 1388 tibi.'
1335 1338 1580 1387 Schmun.

593 1420 906 1484 Abundeque]
932 1417 1135 1482 Copula
1151 1430 1237 1480 que
1253 1414 1403 1463 abest
1428 1429 1457 1461 a
1481 1427 1597 1461 meo

527 1500 737 1563 codice;
786 1500 940 1546 immo
986 1496 1037 1544 in
1083 1493 1267 1544 codice
1303 1491 1597 1540 ‘Parisiensi

529 1591 707 1628 omnes
727 1577 806 1624 hae
823 1572 1186 1623 desiderantur
1203 1582 1374 1631 voces,
1393 1567 1597 1617 abunde-

531 1669 619 1719 que
642 1650 849 1719 sufficere
866 1650 943 1699 hic
964 1649 1136 1698 credis.
1171 1646 1340 1696 Idem.
1578 1642 1585 1649 “

599 1730 750 1779 Probi
767 1734 815 1778 et
822 1726 996 1791 frugi]
1021 1728 1153 1778 Quae
1178 1730 1318 1773 notae
1339 1727 1399 1771 et
1420 1719 1602 1771 laudes

532 1810 655 1861 boni
675 1808 807 1859 servi
822 1814 919 1856 aut
941 1804 1139 1855 liberti.
1174 1802 1310 1865 Lips.

584 1886 902 1950 Praecipuum
941 1897 1043 1931 esse
1080 1875 1331 1940 indicium]
1359 1873 1604 1928 'Quando

533 1964 713 2013 liberti
743 1967 988 2010 crescunt
1037 1955 1371 2008 auctoritate,
1406 1953 1605 2014 siguum

535 2047 635 2095 est,
694 2039 830 2101 ipsos
878 2032 1134 2084 dominari
1188 2027 1606 2094 imperatoribus,

537 2115 758 2178 ideoque
781 2111 1047 2175 principes
1073 2106 1244 2171 pusilii
1281 2105 1436 2153 animi
1472 2116 1608 2153 esse.

537 2192 766 2240 Ῥαίανυί.

606 2269 722 2317 Non
763 2263 951 2328 magni]
1004 2260 1277 2314 Quomodo
1326 2258 1464 2309 enim
1522 2255 1609 2305 iile

539 2358 775 2409 magnus,
798 2351 890 2392 aut
914 2342 1009 2391 sibi
1034 2339 1218 2400 fidens,
1245 2336 1333 2401 qui
1368 2342 1471 2385 tam
1489 2333 1609 2382 viii·

542 2423 637 2472 bus
658 2435 714 2470 se
734 2419 942 2483 subjicit
967 2418 986 2466 ?
1022 2416 1156 2480 Lips-

609 2499 722 2546 Non
760 2497 948 2560 magni]
987 2494 1204 2543 Animus
1247 2490 1363 2539 vilis
1401 2488 1610 2553 vilibus,

544 2588 759 2636 magnus
785 2571 1001 2634 'magnis
1044 2569 1376 2617 delectatur:
1415 2566 1431 2591 ‘
1464 2564 1611 2614 Nihil

545 2651 764 2700 arduum
812 2647 1089 2697 videbatur
1145 2646 1197 2694 in
1237 2642 1420 2692 ⁴animo
1466 2642 1610 2704 prin·

545 2728 694 2791 cipis,
725 2725 810 2775 cui
850 2738 964 2774 nou·
979 2722 1256 2787 judicium,
1292 2734 1397 2768 uon
1434 2717 1609 2767 odium

547 2811 681 2858 erat,
716 2802 816 2852 nisi
854 2799 1022 2850 indita
1055 2807 1111 2850 et
1139 2794 1321 2862 jussa?
1349 2795 1520 2846 Tacit.
1544 2793 1610 2844 Α.

550 2894 655 2930 xn.
680 2880 730 2930 3.
767 2878 919 2930 Rern.
1086 2876 1090 2885 ‘

609 2957 676 3006 'In
698 2971 785 3005 usa
807 2952 975 3016 habes]
1014 2954 1186 3003 Rebus
1222 2952 1326 3002 tuis
1364 2957 1455 3002 aut
1493 2964 1613 3015 pro-

549 3033 906 3085 curationibus
931 3030 1172 3095 praeficis.
1206 3031 1341 3094 Lips-

620 3112 869 3160 Neminem
891 3110 944 3159 in
965 3123 1054 3157 usa
1072 3107 1236 3171 habes]
1260 3108 1306 3158 Ι.
1328 3122 1375 3157 e.
1398 3106 1617 3157 neminis

551 3186 784 3251 servitio,
809 3194 864 3238 et
888 3188 1190 3247 ministerio,
1225 3191 1319 3237 aut
1342 3191 1617 3236 consuetu·

552 3267 693 3329 dine,
736 3265 918 3326 uteris,
962 3264 1071 3312 sive
1116 3269 1272 3326 prout
1316 3262 1439 3314 satis
1482 3262 1617 3311 bene

555 3344 933 3405 interpretatus
972 3346 1053 3388 est
1094 3339 1319 3401 Lipsius,
1358 3339 1618 3388 neminem

554 3420 708 3469 rebus
731 3418 851 3479 tuis,
881 3423 973 3465 ‘aut
998 3414 1465 3479 procurationibus,
1484 3405 1620 3478 praess

524 3500 527 3509 ’
556 3497 686 3547 ficis.
781 3494 961 3543 Rarior
1002 3492 1246 3556 loquendi
1295 3489 1517 3541 formula
1554 3491 1621 3542 de

539 3568 818 3637 personis,
854 3570 920 3619 de
942 3569 1094 3619 rebus
1112 3567 1468 3632 frequentium
1502 3583 1552 3617 v.
1569 3583 1621 3633 g.

555 3651 772 3699 Sueton-
792 3645 991 3695 Domit.
1007 3649 1190 3708 cap.·l.
1210 3647 1226 3672 ‘
1245 3644 1624 3709 Tautainopia,

560 3731 621 3774 ut
643 3725 840 3773 nulium
865 3735 951 3770 vas
976 3727 1278 3784 argenteum
1304 3721 1361 3769 in
1388 3729 1497 3769 ‘usu
1533 3721 1625 3771 ha-

560 3800 745 3852 beret?
791 3799 1013 3859 Noster,
1055 3796 1225 3860 Epist.
1261 3810 1301 3845 1.
1339 3801 1419 3846 lo.
1454 3797 1470 3826 ⁶
1492 3797 1627 3847 Haec

560 3874 899 3944 philosophias
922 3872 1265 3936 pulcherrima
1286 3886 1425 3937 pars,
1442 3904 1456 3919 .
1472 3904 1487 3921 .
1505 3887 1626 3939 quae

563 3955 662 4018 ipsi
699 3953 946 4015 doceant,
980 3949 1032 3997 in
1061 3963 1155 3997 usu
1192 3948 1423 3999 babere)
1455 3951 1629 4014 Epist.

564 4044 693 4080 v111.
719 4034 767 4077 3.
790 4033 805 4056 ‘
825 4034 883 4075 ut
902 4026 1030 4074 velit
1045 4024 1271 4089 discere,
1294 4026 1431 4091 quod
1442 4028 1508 4076 in
1533 4041 1629 4077 usu

566 4121 665 4156 non
685 4105 752 4153 sit
767 4100 1076 4151 habiturus!
1118 4101 1295 4166 Ipsum
1319 4110 1491 4153 autem
1518 4119 1632 4154 ver·

566 4183 688 4233 bum
708 4184 723 4209 ⁶
743 4187 862 4228 utor
875 4177 890 4200 ’
906 4178 1110 4227 omnino
1129 4180 1284 4228 etiam
1302 4180 1365 4228 ad
1383 4195 1632 4244 personas

567 4250 1005 4308 accommodatur.
1074 4254 1215 4304 Vide'
1234 4258 1453 4308 Excurs.
1475 4272 1544 4308 ῃ.
1566 4258 1631 4309 ad

573 4336 837 4398 Panegyr.
861 4343 923 4379 ιι.
938 4334 990 4380 5.
1013 4329 1029 4359 ‘
1049 4331 1351 4400 Dignosque
1376 4348 1468 4385 nos
1492 4335 1632 4386 illius

1214 426 1434 479 NO'I'AE'
1481 422 1826 481 vanlono
1842 426 1892 474 M
1942 424 2033 477 m.

1659 587 1753 622 usu
1779 568 2092 636 probemus-⁹
2126 568 2369 620 Schmun-z.

1729 647 1922 712 Optimo
1976 648 2142 710 cuique
2195 645 2503 710 principum]
2545 640 2729 693 Codex

1661 724 1967 780 Patavinns,
2004 730 2058 772 et
2093 716 2145 771 in
2178 722 2440 786 impressis
2477 719 2732 769 Puteola-

1661 815 1775 861 nus,
1821 799 2003 861 Aldus,
2043 798 2392 862 Philomusus,
2445 797 2733 856 Gruterus,

1664 876 1913 940 Batauus,
1936 883 1991 926 et
2014 876 2249 936 Pataroi,
2275 888 2367 938 pro
2393 874 2569 936 cuique
2592 870 2734 921 exbi-

1666 954 1792 1003 bent
1842 955 2078 1017 cuiquam.
2145 951 2401 1017 Equidem
2455 952 2564 998 ista
2621 961 2736 1011 pro-

1666 1026 1891 1088 nomina,
1925 1031 2118 1094 quisque
2144 1037 2199 1079 et
2230 1028 2494 1092 quisquam,
2520 1030 2739 1089 propter

1666 1108 1925 1157 scribendi
1948 1106 2434 1172 compendia‘etiam
2461 1102 2594 1151 alibi
2622 1114 2738 1149 con·

1667 1183 1812 1234 fundi
1832 1186 1999 1234 solere
2015 1190 2251 1244 constat3
2270 1183 2426 1231 satius
2446 1189 2627 1230 tamen
2647 1182 2744 1232 est,

1671 1261 1752 1310 bic
1776 1261 2111 1324 plurimorum
2129 1260 2373 1310 librorum
2394 1271 2556 1307 manu
2581 1254 2742 1318 typis-

1671 1353 1770 1405 que
1810 1340 2194 1402 exscriptorum
2234 1337 2519 1386 lec'tionem
2577 1331 2743 1396 sequi,

1671 1429 1822 1480 quam
1840 1421 1893 1464 et
1906 1413 2215 1464 Arutzenius
2228 1419 2422 1467 tuetur,
2437 1412 2588 1459 ‘cnm
2604 1407 2744 1455 addi-

1675 1499 1758 1541 tus
1781 1490 2125 1555 superlativus
2148 1490 2300 1538 istam
2316 1489 2561 1537 voculam
2580 1482 2743 1547 requi·

1674 1566 1796 1618 rat.'
1861 1564 2085 1617 Deinde'
2108 1567 2320 1616 alterius
2355 1565 2476 1613 libri
2515 1560 2747 1613 Gudiani

1676 1649 1831 1695 aucto
1839 1644 1993 1693 ritate
2012 1642 2168 1692 etiam
2181 1655 2359 1691 vocem
2372 1639 2672 1704 principum,
2684 1651 2746 1685 ex

1673 1722 1773 1772 hoc
1795 1724 1911 1772 loco
1932 1717 2316 1782 eiiminandam,
2337 1728 2425 1767 aut
2450 1724 2607 1767 certe
2632 1722 2750 1764 nota

1678 1792 2004 1862 signandam,
2027 1786 2223 1846 censui.
2291 1796 2434 1847 Quot
2456 1793 2607 1843 enim
2632 1798 2751 1840 aute

1676 1877 1957 1940 'l'rajanum
1979 1881 2032 1924 et
2051 1875 2281 1924 Nervam
2305 1877 2455 1921 erant
2481 1869 2751 1934 principes

1678 1955 1883 2019 optimi,
1903 1953 2107 2019 quibus,
2129 1953 2215 2015 qui
2248 1958 2372 2001 tuuc
2396 1950 2653 1999 vivebant
2677 1960 2755 1995 re-

1681 2044 1792 2079 rum
1828 2027 2189 2094 principalium
2222 2026 2539 2081 administri,
2571 2030 2757 2087 potue-

1683 2108 1789 2157 rint
1826 2105 2067 2170 probari?
2133 2102 2230 2167 Ac,
2264 2103 2309 2152 si
2347 2101 2594 2150 nomines
2627 2101 2753 2148 Ves-

1684 2185 1952 2249 pasianum
2007 2191 2081 2233 et·
2111 2183 2305 2239 Titum,
2346 2181 2520 2229 minus
2581 2185 2757 2228 tamen

1685 2261 1955 2313 commode
1979 2259 2293 2309 Plinius-eos
2315 2257 2411 2307 boc
2446 2257 2503 2305 in
2544 2257 2684 2317 loeo,
2707 2253 2757 2303 in

1684 2353 1786 2404 quo
1820 2338 1913 2388 soii
1953 2335 2173 2400 principi
2204 2333 2427 2398 Trajauo
2467 2344 2756 2397 cognomen

1683 2417 1700 2443 ‘
1744 2414 1967 2481 optimi’
2012 2412 2328 2477 vindicabat,
2374 2411 2507 2461 alios
2553 2421 2756 2476 quoque

1687 2494 1952 2558 principes
1978 2491 2352 2541 antecedentes
2372 2491 2388 2517 ‘
2404 2488 2729 2553 optimorum
2742 2484 2758 2508 ’

1689 2569 1857 2634 elogio
1879 2574 2203 2618 mactaturus
2226 2565 2524 2615 videbatur.
2563 2563 2759 2612 Adhaec

1687 2647 1813 2696 satis
1837 2644 1901 2694 ad
1926 2645 2133 2694 laudem
2169 2644 2472 2693 libertorum
2499 2642 2759 2691 ministro·

1691 2726 1908 2787 rumque
1932 2722 2134 2771 illorum
2160 2726 2294 2776 erat,
2326 2720 2369 2768 si
2398 2727 2489 2769 ant
2512 2717 2758 2781 Trajano,

1694 2807 1786 2849 aut
1823 2799 2036 2855 Nervae,
2072 2803 2162 2847 aut
2195 2797 2381 2861 cuique
2420 2796 2648 2859 optimo,
2674 2807 2759 2843 cn·

1686 2877 1982 2941 juscunque
2028 2873 2254 2924 fortunae
2292 2872 2507 2937 bomini,
2555 2868 2763 2936 probati

1695 2960 1886 3004 essent.
1955 2953 2124 3004 Quam
2148 2951 2572 3002 observationem
2599 2961 2760 2998 meam

1696 3038 1909 3082 secutus
1951 3030 2219 3080 Gesnerus
2265 3041 2445 3078 vocem
2492 3026 2761 3092 principum·

1698 3108 1750 3157 iu
1772 3123 1863 3157 sua
1887 3104 2068 3156 ἐκδόσει
2094 3105 2296 3167 omisit3
2329 3119 2486 3169 quam
2524 3112 2582 3154 et
2614 3115 2761 3151 nemo

1696 3183 1849 3234 facile
1867 3185 1945 3235 ibi
1971 3183 2304 3233 desiderabit.
2348 3182 2480 3231 Cum
2508 3194 2637 3230 vero
2654 3192 2763 3228 eam

1698 3264 1751 3312 in
1787 3263 1928 3312 nuilo
1954 3262 2065 3312 ‘alio
2097 3261 2231 3310 libro
2265 3260 2510 3309 omissam
2536 3254 2766 3306 animad-

1700 3340 1965 3401 verterim,
1981 3339 2317 3402 incertusque
2333 3335 2445 3392 sim,
2462 3341 2639 3383 utrum
2658 3331 2765 3381 Gu-

1700 3414 1818 3464 dins
1850 3429 1963 3464 eam
1996 3428 2062 3463 ex
2091 3412 2280 3462 indicio
2314 3411 2536 3474 aiicujus
2571 3405 2763 3458 codicis

1703 3495 1810 3544 Ms.
1848 3508 1914 3542 an
1949 3506 2016 3542 ex
2048 3491 2350 3554 conjectura
2373 3501 2463 3537 sua
2489 3485 2763 3551 rejecerit;

1704 3569 1923 3620 eandem
1948 3570 2132 3618 saltem
2166 3565 2369 3616 uncinis
2403 3565 2654 3614 inclusam
2679 3560 2763 3610 ali·

1705 3636 1851 3696 orum
1890 3643 2108 3709 judicio,
2157 3645 2241 3692 vel
2290 3640 2640 3702 retinendam,
2687 3636 2763 3686 vei

1706 3721 2171 3795 exterminandam,
2191 3719 2453 3784 permitto.
2487 3718 2640 3767 Idem.

1761 3801 1971 3864 *Optimo
2024 3797 2215 3862 cuique]
2287 3796 2482 3859 Optimo
2535 3794 2761 3856 cuiquam.

1708 3867 1891 3941 Forte,
1923 3876 2108 3939 cuique.
2143 3873 2310 3924 Lirin.
2333 3872 2571 3935 Optime·
2609 3871 2733 3918 Βία.

1779 3953 1974 4017 Optimo
2009 3952 2174 4016 cuique
2212 3948 2482 4015 principum
2516 3949 2763 3997 delectum:

1709 4031 1881 4080 deinde
1900 4029 2066 4079 statim
2087 4022 2170 4078 lios
2192 4029 2317 4093 ipsos
2337 4024 2548 4091 quotidie
2568 4025 2639 4073 ita
2660 4023 2761 4084 sor·

1706 4109 1833 4171 mas]
1865 4106 2185 4156 Hariolabar
2222 4094 2341 4154 oiim
2381 4103 2605 4152 dilectam
2639 4099 2763 4148 ‹esti-

1709 4190 1994 4247 matumque.
2062 4182 2170 4231 Hos
2200 4170 2327 4244 ipsos
2357 4178 2568 4243 quotidie
2586 4177 2762 4231 deinde,

1709 4263 1791 4325 &sc-
1824 4261 1980 4311 Grut.

1740 4338 1745 4343 '
1777 4337 1967 4389 Deinde
2002 4337 2184 4394 statim,
2220 4333 2329 4401 ξω]
2373 4334 2546 4398 Vulgo
2579 4340 2680 4385 tam
2712 4331 2765 4383 in
