3017 4942
762 412 830 463 Ω.
876 410 1121 462 manu
1171 411 1504 463 suevum
1555 410 1833 464 PANEG‘.

316 555 562 616 tempore
593 550 717 603 belli
754 552 932 605 hostes
961 556 1116 606 tectis
1151 556 1393 621 agrisque
1423 597 1431 606 .

314 627 783 694 depopulationum
820 632 1222 697 vastitatemque
1255 632 1391 684 infe·

318 712 464 753 runt·
508 708 524 737 ‘
551 706 772 757 Obsidio
791 706 805 728 '
839 707 923 757 bic
947 712 1271 772 μεταφορικῶς
1296 725 1389 774 pro

312 797 476 840 noxa,
513 784 873 847 incommodis,
908 793 964 835 et
1001 788 1274 850 angustiis,
1310 788 1386 837 di·

312 858 488 920 citui-3
523 860 598 909 uti
624 859 760 923 apud
786 862 898 912 Cic.
924 863 1068 912 Fam.
1094 877 1149 912 v.
1172 868 1223 912 6.
1250 872 1265 894 ·
1299 865 1384 928 qui

313 949 386 983 ex
427 934 693 985 obsidione
722 936 1066 988 foeneratores
1102 940 1390 992 exemerit.’

318 1009 404 1059 Ad
470 1027 622 1075 quem
687 1014 856 1064 locum
913 1015 1031 1065 vide
1096 1016 1384 1068 Graevium.

315 1087 480 1139 Ovio.
519 1091 654 1142 Met.
694 1106 824 1141 vnt.
859 1097 976 1142 290.
1013 1109 1159 1157 seqq.
1201 1110 1381 1158 aprum

313 1165 677 1230 Calydonium,
718 1176 967 1234 tanquam
1014 1172 1171 1220 talem
1218 1180 1383 1223 vastu-

313 1250 487 1292 torem
534 1259 795 1307 agrorum,
838 1245 1053 1308 pulchre
1098 1245 1379 1298 describit:

307 1321 327 1347 ‘
357 1317 410 1367 Is
434 1319 588 1369 modo
610 1323 869 1373 crescenti
885 1329 1091 1385 segetes
1114 1325 1382 1386 proculcat

306 1393 368 1444 in
404 1396 597 1460 herba;
630 1398 748 1448 Nec
781 1405 986 1466 matura
1021 1401 1173 1448 metit
1206 1397 1379 1451 fleturi

308 1477 438 1521 vota
484 1474 694 1536 coloni;
729 1476 817 1537 Et,
841 1476 1087 1526 Cererem
1126 1475 1177 1525 iu
1220 1478 1378 1541 spicis

307 1548 622 1612 intercipit:
643 1556 745 1602 ὅτε.
776 1553 1021 1603 Schwarz.

381 1626 681 1692 Usurpubunt
696 1632 908 1692 glorium
932 1632 1098 1696 fitam]
1121 1632 1246 1682 Seii.
1269 1634 1378 1696 glo·

304 1701 441 1753 riam
466 1707 776 1757 venationis.
825 1709 938 1759 Etsi
965 1711 1177 1759 verbum
1199 1716 1216 1740 ⁴
1233 1725 1378 1759 usur·

302 1794 439 1845 pare
456 1781 470 1803 '
494 1785 782 1846 generatim
803 1786 927 1834 nihil
945 1787 1081 1836 alind
1101 1787 1378 1852 significet,

301 1874 462 1923 quam
491 1861 546 1911 in
571 1877 719 1912 usum
747 1878 960 1929 cepere,
1000 1866 1148 1929 item,
1182 1868 1233 1915 in
1268 1866 1375 1916 fre-

299 1938 492 2002 quenti
521 1954 617 1988 usu
649 1940 857 2000 babere,
893 1942 1026 1991 sicut
1068 1944 1268 1992 Plinius
1291 1959 1375 1993 sn-

297 2026 421 2078 pra,
441 2028 481 2066 1.
498 2019 547 2065 2.
568 2016 734 2067 dixit:
770 2019 786 2048 ‘
806 2020 910 2071 Qui
933 2035 1057 2078 mos,
1079 2021 1163 2071 cui
1185 2024 1374 2086 potius,

298 2105 457 2155 quam
480 2094 697 2157 consuli,
711 2103 802 2146 aut
820 2097 1022 2160 quando
1045 2099 1208 2162 magis
1231 2115 1373 2148 usur·

293 2170 526 2232 pandus,
550 2172 900 2237 colendusque
921 2173 1042 2223 esti'
1068 2180 1372 2225 mavum-⁰„

293 2245 315 2273 ‘
346 2245 517 2297 Quem
544 2259 671 2311 ergo
694 2248 942 2298 honorem
979 2252 1143 2312 magis
1182 2266 1374 2311 amare,

292 2322 439 2386 quod
455 2336 641 2372 nomen
662 2339 908 2387 usurpare
924 2326 1131 2390 saepins,
1154 2327 1316 2378 debes
1335 2329 1373 2377 ?'

293 2398 423 2448 Hoc
458 2407 629 2450 tamen
668 2402 782 2450 loco
815 2401 1173 2465 significanter
1204 2404 1271 2454 de
1308 2405 1370 2455 iis

292 2474 402 2527 dici
428 2477 655 2540 videtur,
687 2481 774 2543 qni
799 2480 993 2544 aliquid
1019 2481 1287 2546 invadunt,
1311 2491 1369 2533 et

291 2566 392 2602 sua
438 2553 537 2603 sibi
582 2555 898 2605 auctoritate
952 2565 1178 2620 sumunt,
1222 2559 1367 2622 cujus

290 2630 493 2679 nullum
524 2630 614 2694 jus
651 2631 864 2682 habent.
931 2633 1022 2682 Sic
1058 2639 1114 2683 et
1151 2634 1367 2685 Sueten.

291 2706 521 2756 Claudio
557 2722 676 2770 cap.
697 2698 827 2758 25.“
851 2708 1157 2771 Peregrinae
1182 2712 1368 2762 condi·

291 2783 454 2833 tionis
488 2785 718 2833 homines
766 2785 931 2834 vetuit
967 2800 1224 2849 usurpare
1263 2788 1365 2837 Ro·

288 2874 449 2910 muna
496 2862 743 2919 nomina,
774 2861 1031 2912 duntaxat
1085 2864 1363 2926 gentilitia.

289 2938 574 2989 Civitatem
623 2938 911 2987 Romanam
956 2947 1265 3003 usurpantes
1310 2941 1362 2991 iu

284 3029 478 3079 campo
525 3016 797 3081 Esquilino
841 3016 1013 3066 securi
1068 3016 1363 3081 percussit.'

289 3092 422 3154 Hic,
456 3101 472 3124 ⁶
495 3094 764 3142 civitatem
801 3093 1080 3142 Romanam
1107 3107 1360 3159 usurpan-

286 3169 412 3232 tes‚’
468 3169 733 3231 dicuntur,
777 3171 865 3233 qui
911 3183 968 3218 se
1017 3182 1111 3232 pro
1156 3169 1359 3220 civibus

285 3253 580 3310 gesseruut,
608 3261 724 3295 cum
762 3259 863 3293 uon
891 3251 1086 3306 esseut,
1107 3248 1203 3294 ὅτε.
1274 3245 1361 3296 Ita

283 3330 343 3372 et
363 3323 540 3371 Tacit.
564 3323 753 3371 Annal.
781 3335 869 3370 111.
891 3325 974 3371 6⁰.
1005 3328 1021 3351 ‘
1048 3321 1224 3384 Igitur
1245 3323 1358 3386 pla·

283 3400 473 3461 citum,
513 3405 572 3448 ut
616 3400 888 3448 mitterent
933 3398 1179 3448 civitates
1218 3399 1359 3464 jure,

282 3485 447 3541 atque
496 3477 713 3542 legatos.
793 3477 864 3525 Et
910 3476 1170 3540 quaedain,
1216 3477 1356 3541 quod

276 3552 415 3602 falso
447 3558 849 3617 usurpaverant,
879 3558 1069 3616 sponte
1101 3552 1360 3602 omisere-³

283 3631 536 3680 Ceterum
564 3631 643 3679 his
682 3629 851 3678 verbis
883 3625 1151 3692 sigillatim
1180 3629 1356 3678 Domi-

278 3708 482 3755 tianum
520 3705 796 3767 designari,
830 3705 917 3754 alii
942 3698 1054 3769 jam
1094 3713 1357 3755 notarunt.

226 3768 243 3785 x
279 3783 367 3831 De
416 3796 521 3846 quo
559 3781 778 3831 Sueten.
815 3795 934 3845 cap.
971 3784 1051 3829 19.
1094 3782 1110 3809 ‘
1137 3781 1353 3831 Laboris

277 3859 582 3923 impatiens,
629 3872 725 3921 per
766 3857 948 3906 urbem
989 3856 1210 3920 pedibus
1253 3871 1353 3907 non

275 3941 480 3984 temere
518 3932 820 3984 ambulavit.
902 3933 967 3982 In
1011 3933 1352 3996 expeditione

277 4021 335 4063 et
359 4012 583 4076 agmine,
615 4027 750 4076 equo
779 4011 967 4075 rarius,
1008 4009 1193 4060 lectica
1227 4012 1351 4060 assi-

274 4091 403 4150 due,
430 4096 608 4138 vectus
633 4095 730 4137 est.
784 4087 1057 4137 Armorum
1082 4089 1246 4146 nullo,
1268 4103 1349 4137 su-

274 4169 529 4231 gittarum
562 4167 643 4215 vel
676 4166 943 4228 praecipuo
978 4164 1169 4222 studio,
1202 4171 1347 4214 tene·

273 4245 450 4294 batur.
519 4243 785 4293 Centenas
815 4241 946 4290 varii
976 4242 1184 4304 generis
1205 4240 1348 4292 feras

271 4338 418 4388 saepe
442 4320 496 4370 in
520 4318 728 4370 Albano
750 4332 958 4369 secessu
980 4316 1345 4370 conficientem

1910 415 1962 465 ι.
1990 400 2097 467 81.

1466 565 1776 620 spectavere
1816 559 2089 626 plerique.'

1468 635 1677 696 regibus
1722 637 1946 698 Curtius,
1988 651 2114 686 vul.
2151 642 2202 687 9.
2246 638 2260 665 ‘
2300 638 2533 691 Venatus

1465 713 1723 763 maximus
1763 714 1909 763 labor
1946 722 2063 775 est;
2099 716 2298 765 inclusa
2339 718 2533 768 vivario

1467 790 1714 838 animalia
1745 790 1883 840 inter
1919 800 2040 841 vota
2072 800 2359 856 cantusque
2386 795 2532 855 pelli-

1464 879 1581 914 cum
1627 864 1826 928 figere.'
1894 868 2318 917 Luculentiorem
2361 870 2530 921 locunt

1465 941 1532 991 de
1572 943 1851 992 Persarum
1886 944 2098 1008 regibus
2122 960 2149 993 e
2174 945 2342 995 Dione
2364 947 2530 1011 Chry-

1464 1027 1694 1070 sostomo
1718 1025 1994 1071 annotavit
2011 1023 2307 1085 Livineius3
2334 1026 2530 1087 quippe

1462 1095 1553 1157 qui
1576 1094 1821 1145 dicuntur
1841 1095 1981 1146 feras
2002 1097 2166 1146 hortis
2200 1099 2441 1163 inclusas,
2474 1106 2531 1150 et

1460 1171 1704 1235 domita«,
1749 1174 2086 1238 custodiaque
2129 1172 2339 1233 fractas,
2379 1192 2527 1240 pere·

1461 1247 1636 1308 misse,
1678 1250 1973 1312 pariterque
2008 1257 2062 1299 et
2100 1249 2525 1302 inveniendarum

1461 1325 1750 1389 voluptate,
1792 1334 1848 1378 et
1890 1328 2373 1391 praevenieudarum
2415 1338 2526 1380 stu-

1458 1401 1564 1458 dio,
1590 1404 1954 1469 pugnandique
1971 1404 2264 1467 alacritate,
2278 1408 2523 1457 caruisse.

1458 1479 1614 1528 Idem.
1877 1522 1882 1527 .

1526 1556 1624 1611 Qui
1643 1556 1773 1605 obire
1793 1571 1884 1605 nou
1902 1554 2148 1621 poteraut]
2184 1557 2291 1607 Pro
2311 1559 2390 1607 liis
2414 1574 2522 1609 ver-

1455 1629 1533 1680 bis
1556 1631 1852 1695 christoph.
1883 1632 2104 1681 Bebrins
2127 1634 2402 1694 legendum
2428 1650 2524 1699 pu-

1454 1707 1608 1764 tavit,
1651 1708 1733 1770 qui
1776 1707 1982 1757 laborem
2018 1709 2381 1770 venabantur,-
2426 1711 2521 1761 sed

1453 1784 1639 1833 nullius
1673 1786 1788 1834 libri
1824 1786 2057 1849 auspicio
2089 1786 2384 1837 addicente.
2449 1789 2521 1839 Et

1452 1861 1576 1923 quid
1612 1877 1739 1924 opus
1781 1871 1862 1911 est
1898 1863 2225 1913 mutatione?
2258 1879 2374 1914 cum
2406 1870 2462 1915 et
2485 1867 2521 1915 ii

1450 1954 1544 1987 nou
1572 1938 1703 1988 obire
1734 1954 1890 2001 posse,
1931 1939 2036 1989 dici
2073 1948 2292 2004 queant,
2332 1941 2520 2004 quibu·

1450 2016 1662 2077 inertia,
1697 2025 1751 2065 et
1781 2017 2005 2080 ignavia,
2038 2018 2405 2082 mollitiaque,
2437 2028 2520 2069 est

1448 2091 1846 2154 impedimento.
1947 2094 2227 2145 Catanaeus
2304 2095 2516 2147 verbum

2405 406 2537 472 997

2160 562 2244 612 De
2282 562 2533 615 Indorum

1446 2167 1578 2218 obire
1603 2169 1785 2218 retulit
1808 2168 1872 2218 ad
1893 2182 2080 2217 nomen
2098 2169 2322 2230 gloriam,
2348 2177 2402 2219 et
2425 2186 2516 2220 ex·
2614 2182 2619 2186 ·

1447 2245 1683 2307 plicavit,
1722 2247 1737 2274 ‘
1762 2246 1852 2310 qui
1885 2260 1996 2294 eam
2030 2246 2246 2313 gloriam
2278 2247 2518 2311 assequi,'

1445 2328 1502 2371 et
1550 2322 1754 2383 mereri,
1804 2323 1818 2350 ‘
1856 2336 1957 2371 nou
2001 2321 2279 2384 poterant-⁹
2347 2323 2514 2375 Quem

1445 2413 1653 2448 sensum
1677 2398 1858 2447 horum
1881 2397 2153 2448 verborum
2171 2400 2327 2449 etiam
2351 2400 2515 2450 inter·

1443 2483 1619 2538 pretes
1638 2481 2000 2539 respexerunt,
2021 2475 2206 2538 Italus,
2231 2476 2432 2535 Gallus,
2456 2486 2515 2527 et

1443 2551 1755 2602 Germanus.
1801 2550 1953 2603 Quod
1978 2551 2023 2599 si
2046 2564 2171 2599 vero
2192 2550 2511 2615 aliquantum

1442 2628 1749 2678 insolentior
1783 2626 2029 2691 loquendi
2071 2625 2294 2676 formula
2336 2628 2511 2677 videa-

1443 2711 1547 2762 tur,
1579 2705 1788 2767 gloriam
1807 2703 1955 2762 obire,
1991 2717 2257 2767 possumus
2291 2703 2387 2752 sub
2411 2705 2509 2755 hoc

1439 2785 1602 2836 verbo
1626 2784 1907 2835 subaudire
1943 2798 2225 2847 pronomen
2261 2785 2275 2812 ‘
2302 2784 2390 2841 id,'
2424 2788 2508 2835 vel

1438 2869 1455 2892 ⁸
1478 2861 1581 2927 ea‚’
1609 2878 1801 2926 nempe
1838 2877 1952 2926 quae
1978 2861 2043 2910 ad
2074 2863 2405 2911 venationem
2428 2871 2506 2910 at-

1439 2928 1637 3001 tinent,¹
1664 2939 1730 2988 de
1763 2952 1861 3002 qua
1883 2952 2081 2998 serm03
2117 2952 2326 3000 nempe,
2356 2938 2371 2964 ‘
2399 2953 2506 2988 non

1436 3022 1683 3078 poterant
1736 3016 1959 3064 lustrare
2015 3014 2196 3074 saltus,
2251 3022 2506 3063 excutere

1437 3092 1691 3141 cubilibus
1747 3090 1909 3154 feras,
1964 3105 2210 3153 superare
2258 3091 2506 3155 immensa

1434 3168 1862 3233 montiumjuga,'
1882 3172 1981 3219 ὅτε.
2026 3167 2204 3232 Atque
2219 3168 2321 3218 huc
2342 3169 2504 3220 etiam

1435 3244 1713 3296 referenda
1767 3251 1850 3296 est
1903 3245 2191 3308 explicatio
2249 3246 2459 3299 Cellarii
2485 3262 2500 3296 z

1431 3331 1447 3354 ‘
1470 3324 1572 3376 Qui
1599 3334 1814 3388 propter
1837 3323 2108 3373 mollitiem
2130 3337 2230 3373 non
2255 3330 2504 3388 poterant

1432 3400 1483 3449 id
1508 3400 1700 3449 laboris
1724 3398 2014 3449 sustinere!
2051 3399 2187 3447 Plin.
2216 3399 2387 3462 Epist.
2423 3413 2501 3452 vt.

1432 3482 1514 3527 16.
1547 3480 1562 3507 ‘
1585 3477 1739 3529 Quod
1776 3477 2003 3526 studioso
2031 3476 2201 3526 animo
2231 3478 2500 3525 inchoave-

1430 3561 1533 3615 rat}
1569 3552 1677 3618 (id)
1710 3553 1824 3601 obit
1866 3551 2123 3602 maximo.’
2171 3552 2282 3600 Cic.
2331 3551 2496 3602 Attic.

1429 3644 1558 3679 viu.
1585 3634 1666 3678 12.
1704 3636 1719 3658 ·
1744 3627 1933 3677 Id'etsi
1952 3635 2068 3676 erat
2093 3626 2499 3691 deliberationis,
2525 3660 2530 3665 ·

1429 3706 1573 3757 obire
1593 3720 1695 3756 non
1724 3705 1904 3768 potui.'
1924 3706 1990 3757 Q.
2012 3705 2122 3754 Cic.
2144 3704 2209 3753 de
2229 3705 2493 3754 Petitioue

1429 3782 1638 3833 Consul.
1680 3796 1795 3845 cap.
1834 3785 1911 3831 12.
1944 3782 1959 3808 ⁶
2001 3781 2186 3844 Neque
2214 3795 2365 3843 posse
2403 3781 2494 3829 ‹lo-

1428 3873 1565 3909 mum
1590 3857 1706 3922 ejus
1729 3856 1997 3921 compleri,
2021 3857 2108 3919 qui
2135 3859 2492 3905 tantummodo

1427 3935 1710 3998 reciperet,
1745 3941 1996 3998 quantum
2021 3933 2243 3995 videret,
2268 3947 2324 3979 se
2346 3933 2492 3982 obire

1427 4009 1614 4075 posse.'
1682 4009 1823 4061 Quid
1859 4023 1983 4058 vero
2007 4007 2329 4071 frequentius
2360 4009 2490 4058 dici·
2549 4056 2560 4071 ,

1425 4097 1718 4152 tui-,quam
1740 4087 1885 4141 obire,
1921 4086 1955 4134 i.
1979 4100 2027 4134 e.
2068 4099 2246 4147 egere,
2279 4088 2491 4150 exequi,

1424 4164 1698 4228 perficere,
1751 4161 2039 4226 negotium,
2082 4175 2233 4223 opus,
2259 4209 2264 4213 ,
2288 4175 2490 4218 munus.
2565 4204 2568 4207 .

1423 4256 1543 4293 enas
1580 4254 1679 4301 res,
1709 4239 1930 4302 labores,
1965 4239 2313 4299 venationem,
2347 4247 2401 4288 et
2424 4242 2491 4289 si-

1421 4318 1596 4370 milia?
1633 4317 1811 4369 Verba
1834 4317 2111 4383 sequeutia
2128 4318 2489 4382 cuspinianus.
