3017 4942
788 431 850 478 c.
899 427 1143 479 Ρωιιιι
1195 427 1534 479 saeuum
1580 429 1860 479 nuuc.
1938 430 1984 476 ι.
2031 415 2098 481 2.

339 573 522 624 eodem
541 586 681 623 auno
698 573 1085 638 Panegyricum
1109 572 1271 625 Plinii
1291 587 1407 638 per-

339 661 500 716 petuo
525 654 898 703 commentario
935 653 1249 704 illustratum
1283 654 1406 704 edc-

338 739 440 794 ret,
474 728 744 794 professus
780 731 868 793 sit,
903 744 960 780 se
986 730 1102 794 jam
1140 731 1260 780 olim
1282 745 1408 780 eun-

339 807 457 856 dem
509 807 682 856 locum
734 807 834 857 hoc
889 806 1043 856 modo
1086 807 1411 858 emendasse.

342 881 519 948 Atque
558 884 697 934 idem
734 884 788 934 iu
823 884 1216 936 Quaestionibus
1240 885 1412 949 Epist.

342 973 396 1025 v.
419 965 499 1009 16.
522 960 636 1024 jam
660 975 746 1011 au.
779 963 925 1011 15⁷6.
962 960 1240 1024 evulgatis,
1275 962 1411 1011 hane

340 1038 758 1089 emendationem
800 1036 1124 1088 ostenderat.
1213 1037 1411 1088 Quidni

343 1129 465 1165 vero
489 1115 599 1166 dno
618 1115 859 1180 pluresve
881 1114 981 1167 viri
1003 1114 1198 1165 eruditi
1228 1115 1412 1165 iisdem

343 1191 576 1254 vestigiis
600 1191 818 1241 eandem
841 1190 1099 1243 veriorem
1129 1190 1413 1243 lectionem

342 1267 593 1331 indagare
617 1267 849 1332 possint?
871 1267 1026 1319 Hauc
1048 1268 1217 1330 ipsam
1241 1274 1413 1319 autem

340 1345 761 1396 emendationem
790 1344 947 1401 etiam
985 1346 1292 1410 comprobat
1326 1361 1415 1398 co-

343 1420 446 1471 dex
502 1422 1023 1486 Guelpherbytauus,
1077 1423 1130 1473 in
1183 1438 1287 1488 quo
1340 1424 1415 1475 ita

340 1500 594 1565 seriptum
612 1500 820 1564 legitur,
845 1500 923 1550 οιιι·
941 1501 1127 1564 quando
1143 1500 1244 1553 sint
1262 1506 1416 1552 ecta.-

342 1591 577 1639 ausquam
609 1581 664 1625 ιιι
696 1576 822 1638 Deo,
859 1590 1088 1640 mquam
1119 1581 1177 1627 ut
1212 1577 1417 1643 numini,

339 1650 661 1704 blan-dimam.
726 1653 846 1704 Sola
864 1653 1115 1717 particula
1134 1668 1277 1717 ιιιιιισ,
1296 1660 1418 1717 post

344 1744 545 1783 vocem,
572 1730 699 1793 Deo,
754 1728 838 1779 bic
894 1730 1245 1792 praetermissa
1295 1738 1415 1792 est;

345 1821 467 1871 qum
489 1812 566 1870 et,
590 1806 734 1857 salva
765 1807 1045 1871 sententia,
1080 1807 1417 1871 praetermitti

345 1890 545 1947 potest.
612 1883 1004 1934 Kirchmaierus
1032 1884 1107 1935 sic
1145 1882 1417 1948 legendum

346 1960 574 2023 censuit,
601 1961 683 2011 cui
715 1961 902 2023 qnando
936 1960 1036 2013 sint
1059 1966 1180 2012 actae
1202 1967 1258 2011 ut
1284 1962 1421 2021 Deo,-

349 2050 472 2085 mmc
513 2049 746 2099 nusquam
789 2040 846 2084 ut
877 2036 1064 2086 numini
1098 2035 1418 2089 blandiamur.

351 2112 579 2161 Bebrius
621 2113 717 2174 ita,
771 2112 850 2162 eui
890 2114 1078 2176 quaudo
1127 2114 1227 2164 siut
1280 2118 1420 2164 ηοω.

351 2191 466 2240 Non
486 2196 543 2240 ut
565 2191 674 2240 Deo
694 2194 863 2243 ,norm
883 2205 1026 2247 nunc,
1056 2204 1150 2243 non
1182 2196 1239 2241 ut
1270 2192 1422 2242 donii-

347 2284 429 2330 ιιο,
456 2268 772 2319 blandiamur.
838 2267 913 2318 At
938 2284 1040 2333 quo
1064 2283 1286 2334 quaeque
1317 2269 1421 2320 lec-

350 2346 426 2395 tio
481 2346 695 2409 propior
729 2344 928 2399 insistit
985 2346 1222 2410 pristinis
1265 2346 1422 2396 vesti-

350 2421 489 2483 giis3
546 2435 612 2471 eo
648 2421 796 2472 uobis
835 2421 1041 2472 videtur
1078 2424 1422 2477 verisimilior.

349 2498 599 2548 Selium.

415 2575 551 2641 Deo]
589 2576 735 2626 Deos
769 2574 909 2625 enim
949 2590 1007 2627 se
1043 2575 1306 2642 putabant
1328 2576 1422 2626 im-

349 2658 626 2715 peratores
667 2651 763 2715 illi,
795 2659 851 2702 et
884 2667 916 2703 a
954 2636 1159 2703 civibus
1184 2667 1279 2716 pro
1308 2652 1422 2703 Diis

351 2729 455 2778 coli
477 2729 741 2780 volebant.
808 2730 925 2781 Qua
960 2738 1086 2781 uota
1127 2744 1227 2779 uon
1254 2732 1426 2782 caruit

349 2806 467 2870 ipse
485 2783 773 2870 Augubtue,
797 2808 1044 2872 princeps
1063 2808 1291 2872 alioquin
1311 2810 1424 2858 lau-

350 2880 575 2944 dabilis3
597 2883 858 2946 gaudebat
875 2884 1034 2946 enim,
1051 2892 1189 2934 teste
1212 2884 1428 2947 Saueton.

354 2973 473 3022 cap.
496 2964 584 3010 79.
616 2969 632 2992 ‘
650 2962 706 3012 Si
728 2962 845 3026 quis
865 2962 962 3011 sibi
988 2962 1157 3013 acrius
1177 2962 1426 3025 intuenti,

353 3035 500 3098 quasi
526 3037 592 3085 ad
615 3035 868 3099 fulgorem
901 3039 1041 3103 solis,
1072 3039 1272 3089 vultum
1305 3038 1426 3090 sub·

353 3111 629 3165 mitteret!
663 3115 888 3165 Pater-ol.
1086 3148 1091 3152 -
1202 3120 1207 3126 “

427 3189 500 3238 Ut
533 3189 666 3252 Deo]
707 3189 922 3242 Initium
967 3193 1205 3258 epistolas
1241 3193 1426 3245 Domi·

356 3263 482 3314 tiani
508 3281 522 3314 ι
564 3265 582 3293 ‘
605 3267 935 3319 Domitianus
969 3277 1027 3320 et
1058 3271 1203 3323 Deus
1248 3277 1430 3321 noster

353 3341 429 3393 sic
464 3340 576 3391 fieri
606 3342 807 3408 jubet!
851 3347 1000 3397 Suet.
1035 3361 1084 3396 c.
1115 3351 1201 3402 1⁸.
1233 3347 1427 3399 Assen-

361 3423 502 3467 tator
539 3417 743 3468 Domit.
777 3421 939 3471 Mart.
972 3435 1104 3474 vm.
1127 3427 1180 3475 2.
1210 3424 1429 3475 ‘Terra-

362 3506 475 3542 rum
500 3496 747 3558 Domino,
770 3498 990 3563 Deoque
1015 3498 1227 3551 rerum.’
1249 3501 1410 3553 Rern.

423 3569 541 3620 Non
577 3571 707 3621 enim
737 3574 798 3622 de
837 3579 1060 3639 tyranno,
1095 3578 1180 3626 sed
1212 3578 1271 3628 de
1301 3575 1429 3642 eise]

356 3647 560 3701 Noster
582 3647 726 3699 iufra
747 3662 868 3701 mu.
894 3656 943 3703 l.
975 3654 992 3681 ‘
1010 3653 1137 3705 Siue
1162 3669 1430 3719 compara-

355 3725 504 3776 tione
547 3725 676 3776 nihil
710 3741 812 3777 non
840 3743 1022 3793 parum
1062 3737 1216 3795 grate
1249 3731 1430 3785 landa-

357 3806 464 3849 tur.
533 3801 602 3851 Et
627 3805 851 3857 maxime
881 3806 1131 3859 laudatur
1157 3802 1432 3861 incolumis

302 3899 327 3916 s
355 3876 669 3940 imperator,
708 3879 752 3929 si
801 3882 1000 3945 priores
1059 3897 1212 3935 secus
1255 3885 1433 3935 meriti

357 3952 848 4014 repreliendautur.'
922 3958 1090 4011 Civem
1125 3974 1268 4018 vero,
1294 3966 1356 4010 ut
1376 3966 1434 4011 et

355 4029 413 4078 in
439 4030 654 4080 Novell.
685 4031 785 4095 ipsi
820 4046 877 4082 se
909 4033 1083 4098 lmpp.
1115 4034 1324 4086 πολίτας
1345 4050 1449 4093 vo·v

359 4111 483 4156 eant
528 4106 595 4156 ob
637 4104 896 4171 ἲιτονομίιιιο,>
935 4112 1261 4174 equalitatem
1296 4111 1435 4173 ,iuris

356 4181 536 4244 ciuilis,
555 4188 618 4233 ut
647 4183 850 4235 Seneca
874 4187 1053 4242 vertit,
1079 4202 1232 4252 quani
1268 4185 1434 4238 ἅπλῶς

360 4258 416 4307 iu
440 4258 680 4324 principe
721 4261 990 4326 damnare,
1029 4270 1110 4314 est
1145 4277 1298 4315 omne
1333 4264 1433 4329 ipsi

356 4334 445 4399 jus
468 4349 739 4387 commune
761 4353 881 4388 cum
905 4338 1130 4391 subditis
1151 4341 1433 4405 denegare,

490 4416 672 4482 Dekpk.
692 4424 742 4470 et
771 4419 886 4472 Var.
917 4420 1047 4472 Clas.
1116 4444 1133 4453 κ

1328 4423 1519 4484 Paneg.
1552 4421 1661 4472 Vct.

2413 418 2558 534 «149ς

1480 586 1724 640 eumque,
1750 580 1807 624 ut
1834 573 2145 625 Aristoteles
2179 574 2429 639 loquitur,
2463 580 2546 628 rel

1484 653 1677 708 Deum.
1693 653 1778 702 vel
1800 649 1964 703 feratu
1988 649 2186 702 facere.
2252 653 2324 703 Et
2345 667 2448 703 uon
2465 668 2547 706 ra·

1486 743 1546 779 ro
1563 738 1705 779 sunt.
1747 729 1890 779 Vere
1914 736 1969 779 et
1994 737 2148 779 acute
2163 729 2410 782 Juvenal.
2432 730 2547 782 Sat.

1484 817 1611 854 vm.
1674 805 1840 856 Rarus
1900 803 2093 870 (enim)
2148 803 2314 857 ferme
2367 821 2548 860 sensus

1482 882 1775 933 communis
1819 882 1874 932 in
1913 882 2000 932 illa
2043 880 2254 938 fortuna
2268 899 2285 944 ;
2318 883 2408 934 ubi
2454 899 2548 949 per

1487 972 1694 1011 sensum
1719 974 2063 1024 communem,
2084 967 2300 1013 notante
2324 960 2549 1015 casaub.

1485 1034 1540 1086 iu
1573 1035 1801 1101 August·
1832 1051 1879 1086 c.
1910 1041 1992 1086 51.
2023 1036 2154 1088 banc
2185 1037 2435 1088 virtutem
2473 1038 2550 1088 iu·

1488 1113 1699 1175 telligit.
1745 1114 1816 1163 Et
1835 1129 1983 1178 quem
2003 1129 2104 1165 uon
2128 1129 2245 1165 cum
2267 1115 2409 1167 Julio
2432 1116 2551 1169 Cae·

1486 1205 1607 1243 sare
1637 1192 1652 1219 ‘
1669 1192 1927 1243 Concessa
1950 1191 2110 1254 pudet
2135 1192 2209 1241 ire
2234 1193 2338 1255 via,
2359 1192 2549 1245 civem-

1489 1282 1590 1334 que
1614 1266 1779 1317 videri
1802 1265 1839 1316 Ρ
1876 1267 2070 1317 Lucan.
2104 1268 2258 1319 Idem.

1557 1343 1683 1393 Non'
1701 1344 1760 1393 de
1779 1342 1991 1406 domino]
2022 1344 2328 1408 Appellatio
2351 1345 2367 1374 ⁴
2388 1344 2551 1397 domi-

1489 1419 1578 1473 ui'
1612 1420 1776 1470 libero
1811 1420 2002 1484 populo
2035 1423 2281 1483 molesta3
2317 1422 2554 1483 Augusto

1491 1498 1794 1563 opprobrio.
1860 1498 2011 1548 Suet.
2034 1497 2172 1562 Aug.
2204 1513 2254 1548 c.
2273 1503 2355 1550 53.
2390 1514 2555 1565 quan»

1490 1589 1648 1640 quam
1694 1583 1819 1625 tunc
1866 1583 2110 1638 parentes
2148 1575 2321 1641 liberi,
2361 1575 2554 1628 fratres

1491 1651 1824 1716 (grandiores
1853 1649 2010 1715 natu)
2030 1649 2245 1716 fratres,
2266 1653 2339 1702 sic
2374 1655 2555 1718 appel-

1492 1729 1690 1780 labant.
1728 1729 1934 1792 Lampr.
1956 1729 2008 1778 in
2031 1727 2278 1779 Diadum.
2301 1730 2436 1781 Caes.
2461 1730 2557 1795 Vi,-

1493 1817 1567 1861 ta.
1635 1809 1783 1859 Bene
1807 1810 2008 1859 Tertul.
2047 1808 2099 1859 in
2129 1809 2355 1874 Apolog.
2392 1825 2438 1861 e.
2474 1814 2557 1863 34.

1495 1890 1514 1915 ‘
1535 1886 1642 1943 Qui
1664 1892 1820 1950 pater
1844 1885 2028 1950 patriae
2052 1891 2149 1949 est,
2181 1886 2438 1952 quomodo
2461 1887 2556 1938 do-

1494 1963 1664 2015 minus
1685 1963 1812 2013 est?
1854 1963 2074 2013 Gratius
2107 1971 2190 2014 est
2220 1978 2408 2015 nomen
2447 1964 2560 2029 pie·

1496 2040 1643 2102 tntis,
1666 2054 1820 2105 quam
1844 2038 2155 2104 potestatis.'
2210 2041 2345 2092 Post
2367 2041 2456 2091 illa
2481 2050 2558 2090 ta-

1494 2131 1616 2169 men
1651 2116 1726 2168 sic
1749 2117 1879 2167 dicti
1903 2116 2262 2181 imperatores.
2329 2117 2467 2169 Pun.
2491 2119 2562 2168 E·

1496 2194 1624 2256 pist.
1647 2206 1706 2243 x.
1724 2197 1775 2243 2.
1798 2197 1847 2242 8.
1864 2197 1915 2243 6.
1934 2200 1988 2242 et
2006 2207 2119 2258 seq.
2137 2195 2295 2244 etiam
2320 2200 2336 2223 ‘
2352 2194 2559 2257 pessimi

1497 2268 1729 2337 quique‚’
1762 2269 2000 2320 Martial.
2036 2271 2207 2335 Epist.
2249 2269 2315 2320 ad
2358 2270 2562 2323 Domit.

1497 2347 1589 2397 lib.
1616 2362 1691 2398 vr.
1726 2346 1961 2411 praefixa.
1992 2349 2010 2378 ⁴
2030 2346 2232 2408 Obvii‚’
2253 2348 2460 2399 Seneca
2493 2348 2561 2399 E·

1494 2427 1621 2490 pist.
1665 2430 1715 2476 ⁸.
1769 2425 2001 2476 Martini.
2045 2438 2087 2476 1.
2136 2429 2247 2477 11⁸.
2299 2423 2567 2482 ‘aruicae,'

1500 2501 1659 2557 ovid.
1701 2500 1817 2552 Am.
1849 2515 1937 2552 ιιι.
1965 2506 2016 2553 6.
2051 2504 2066 2530 ⁸
2087 2500 2373 2566 conjuges,’
2415 2500 2566 2553 Suet.

1498 2578 1682 2631 Claud.
1704 2583 1849 2631 edio.
1884 2580 2036 2631 Idem.

1564 2655 1800 2725 Domino]
1857 2657 1988 2706 Erat
2037 2657 2135 2706 lioc
2183 2653 2415 2720 tyrannis
2460 2653 2561 2705 illis

1499 2739 1804 2797 usurpatum
1847 2745 2051 2792 nomen,
2092 2747 2124 2780 a
2162 2732 2406 2795 nulloque
2447 2732 2563 2794 plus

1501 2806 1827 2869 affectatum,
1852 2822 2006 2872 quam
2028 2822 2058 2854 a
2080 2806 2403 2857 Domitiano.
2440 2806 2564 2855 vid.

1500 2885 1651 2935 Suet.
1683 2899 1732 2935 c.
1759 2888 1841 2934 13.
1912 2883 1979 2933 At
2005 2883 2263 2946 Tiberius,
2298 2883 2567 2946 sagacissi-

1500 2977 1621 3014 mus
1639 2962 1726 3011 ille
1758 2970 2027 3024 tyrannus,
2049 2962 2064 2988 ⁸
2087 2959 2272 3014 acerbe
2303 2958 2569 3022 increpuit

1501 3052 1611 3096 eos,
1634 3038 1722 3102 qui
1746 3037 1949 3089 divinas
1970 3038 2359 3100 occupationes,
2375 3036 2570 3099 ipsum·

1500 3127 1605 3178 que
1642 3113 1925 3169 dominum,
1961 3109 2241 3161 dixerant?
2308 3111 2444 3161 Haec
2468 3111 2568 3161 Ta-

1502 3188 1599 3240 cit.
1626 3188 1814 3238 Annal.
1837 3202 1899 3240 ιι.
1932 3188 2154 3238 Patarol.

1571 3266 1687 3315 Non
1718 3266 1778 3316 de
1810 3263 2023 3326 domino]
2057 3263 2261 3316 Quaerit
2294 3263 2380 3313 liic
2420 3263 2571 3328 quasi

1502 3341 1736 3392 Baudius
1761 3342 2007 3397 Plinium,
2031 3355 2125 3390 cur
2147 3354 2274 3404 ergo
2300 3339 2414 3403 ipse
2445 3340 2570 3389 Tra·

1491 3417 1677 3485 janum
1714 3418 1996 3482 appellarit
2029 3416 2045 3445 ‘
2067 3417 2347 3466 Dominum
2374 3419 2388 3442 '
2418 3416 2473 3465 iu
2513 3415 2571 3465 li·
2617 3436 2624 3441 ·

1507 3496 1634 3545 teris
1656 3495 1676 3544 ἓ
1711 3508 1759 3543 v.
1784 3510 1835 3560 g.
1869 3508 1926 3544 x.
1950 3498 1999 3544 2.
2020 3498 2071 3544 4.
2092 3499 2142 3544 5.
2161 3498 2213 3545 6.
2248 3497 2296 3544 7.
2331 3499 2387 3542 et
2424 3507 2574 3559 seqq.

1490 3570 1584 3637 ‚At
1606 3570 1828 3622 fortasse
1851 3579 1980 3622 tuuc
2003 3572 2157 3621 aliter
2179 3570 2408 3635 publice.
2428 3576 2484 3619 et
2517 3572 2572 3619 in

1507 3650 1690 3712 curia3
1736 3649 1893 3699 aliter
1930 3647 2074 3713 quasi
2123 3647 2387 3711 privatim,
2431 3648 2573 3710 loqui

1506 3726 1720 3777 licebat.
1784 3727 1876 3777 Sic
1900 3740 2022 3775 vero
2045 3731 2103 3775 et
2141 3724 2378 3790 Martial.
2402 3738 2459 3776 x.
2487 3728 2573 3776 ⁷2.

1507 3802 1691 3866 tradit,
1712 3802 1851 3867 apud
1885 3802 2168 3865 Trajauum
2203 3801 2397 3850 nullum
2429 3801 2574 3851 blan·

1508 3879 1677 3941 ditiis,
1702 3879 1959 3943 tituloque
1981 3877 2192 3934 domiui,
2215 3889 2331 3947 csse
2364 3878 2536 3928 locum
2557 3893 2575 3927 x

1506 3955 1765 4005 ‘Frustra
1810 3953 2080 4004 blanditiae
2127 3954 2314 4004 venitis
2360 3954 2425 4003 ad
2474 3968 2573 4010 me.

1508 4030 1727 4082 Attritis
1777 4030 2097 4080 miserabiles
2139 4030 2379 4082 labellis:
2445 4032 2573 4081 Dic-

1511 4119 1657 4160 turus
1680 4108 1978 4165 Doufiuum,
2005 4111 2297 4174 Deumque,
2323 4119 2424 4160 nnn
2446 4124 2575 4159 sum.

1509 4187 1630 4239 Jam
1670 4200 1770 4235 non
1809 4193 1892 4236 est
1922 4187 2075 4237 locus
2099 4187 2197 4236 bac
2233 4188 2284 4236 in
2320 4187 2449 4236 urbe
2486 4200 2576 4236 vo-

1514 4265 1624 4326 bis;
1664 4263 1744 4313 Ad
1783 4263 2007 4313 Parthos
2033 4263 2213 4328 procul
2240 4265 2313 4311 ite
2338 4263 2575 4326 pileatos,

1513 4341 1583 4391 Et
1608 4347 1807 4406 turpes,
1827 4341 2157 4405 humilesque,
2188 4340 2574 4404 supplicesque,

2335 4424 2367 4468 2
2400 4418 2443 4467 F
