3017 4942
430 391 598 460 -750

471 549 746 605 Romanis:
768 551 784 581 ‘
798 548 861 602 Iu
873 547 1140 614 suppliciis
1150 549 1380 599 Deorum
1392 558 1533 609 mag·

468 631 632 696 nifici,
655 629 793 681 domi
824 628 988 694 parci,
1010 626 1064 678 iu
1093 626 1290 676 amicos
1318 620 1537 673 fideles.'

473 709 718 760 Serimon.
1528 742 1531 751 .

537 784 600 834 In
633 781 898 850 publicum]
943 780 1114 830 Multa
1146 778 1283 829 enim
1324 775 1534 840 publice

472 859 755 919 aedificavit
783 866 874 908 aut
901 856 1186 921 repararit.
1254 853 1535 916 Eutropius

472 933 745 999 magnifice
769 934 835 984 de
868 934 979 995 illo,
1013 935 1028 961 ⁸
1049 930 1246 982 Orbem
1278 937 1535 993 terrarum

473 1012 795 1065 aediflcassm’
889 1013 1092 1068 Victor,
1156 1008 1174 1036 ‘
1208 1010 1398 1060 Castra
1449 1022 1537 1056 sn·

470 1089 818 1156 spectioribus
859 1095 1017 1153 atque
1059 1086 1369 1151 opportunis
1406 1083 1537 1135 locis

471 1174 760 1229 exstructa,
791 1180 1024 1232 ponsque
1058 1163 1297 1216 Danubio
1331 1161 1536 1225 imposi-

471 1254 577 1309 tus,
617 1260 678 1296 ac
720 1244 959 1296 deductae
999 1241 1313 1293 coloniarum
1354 1241 1536 1304 plerae-

472 1336 594 1389 que.
683 1321 889 1382 Adhoc‚
934 1319 1113 1369 Romae
1158 1333 1189 1368 a
1237 1316 1536 1368 Domitiano

474 1406 649 1464 coepta
685 1397 819 1461 fora,
850 1405 1005 1462 atque
1041 1396 1142 1445 alia
1178 1395 1361 1456 multa,
1396 1393 1539 1457 plus·

473 1491 629 1542 quam
672 1474 945 1541 magnifice
969 1473 1150 1530 ‚coluit
1190 1468 1538 1535 ornavitque.’

473 1554 577 1606 Sed
602 1560 659 1605 et
678 1554 784 1604 Dio
809 1552 1036 1610 Cassius,
1054 1553 1069 1579 ⁸
1085 1549 1403 1600 exstruxisse
1424 1548 1538 1612 plu-

471 1630 623 1689 rima,
658 1637 714 1680 et
748 1630 971 1679 maxime
1007 1625 1305 1677 necessaria
1338 1625 1390 1674 in
1423 1624 1538 1688 viis,

473 1706 967 1773 portibus,publicis
990 1700 1266 1754 aedificiis?
1314 1702 1541 1755 Exstant

472 1785 727 1850 hodieque
771 1786 959 1850 aliqua,
1000 1784 1053 1833 in
1097 1782 1275 1847 primis
1315 1781 1540 1844 vestigia

474 1861 764 1913 admirandi
801 1862 938 1911 illius
978 1861 1031 1912 in
1068 1859 1315 1911 Danubio
1347 1857 1542 1923 pontis,

472 1957 632 2007 super
674 1942 898 1992 humana
946 1939 1147 2002 ingenia
1190 1944 1344 2002 atque
1375 1953 1539 2002 opes:

474 2019 601 2073 item
658 2018 792 2069 alter
846 2016 1105 2081 egregius.
1140 2015 1194 2065 in
1263 2014 1543 2079 Hispania,

475 2109 629 2160 quem
652 2095 668 2125 ‘
695 2095 990 2144 Alcantarae
1006 2091 1021 2114 '
1045 2098 1252 2149 vocant,
1273 2092 1421 2155 Tago
1446 2091 1541 2145 im.

474 2172 707 2238 positus:
752 2179 813 2221 et
855 2172 1007 2236 plura
1048 2170 1364 2220 monimenta
1401 2181 1539 2217 verae

367 2269 372 2273 ’
471 2249 661 2311 laudis.
726 2248 893 2300 Quam
927 2249 1150 2299 dicterio
1186 2254 1356 2296 tamen
1391 2259 1542 2308 carp-

475 2328 549 2389 sit
580 2334 634 2378 et
667 2328 871 2390 libavit,
904 2328 993 2392 qui
1027 2324 1278 2376 ‘herbam
1313 2323 1539 2389 parieta-⁴

473 2401 637 2463 riam’
664 2405 943 2469 Trajanum
977 2402 1143 2463 dixit3
1180 2400 1316 2467 quod
1350 2413 1542 2449 nomen

475 2479 671 2546 ubique
690 2480 996 2531 inscriberet
1017 2477 1261 2543 operibus
1283 2476 1363 2524 vel
1382 2474 1546 2536 novis,

479 2559 562 2635 lvel
585 2558 806 2609 novatis.
868 2555 1006 2609 Quid
1033 2554 1189 2606 mali?
1222 2551 1422 2602 faciant
1453 2550 1542 2600 alii

475 2634 742 2700 principes
768 2649 784 2697 3
847 2631 1066 2695 faciant,
1121 2637 1176 2680 et
1235 2626 1541 2679 inscribant.

478 2712 615 2777 Εὗρε.

545 2790 609 2840 In
643 2787 903 2854 publicum]
943 2787 1067 2838 Non
1102 2784 1297 2848 absque
1337 2780 1542 2831 cavillo.

476 2863 780 2916 Ammianus
807 2865 1045 2917 Marcell.
1065 2863 1101 2912 l.
1123 2875 1306 2911 xxvii.
1329 2874 1376 2910 c.
1400 2864 1447 2909 5.
1476 2857 1544 2908 de

476 2942 761 3007 Lampadio
794 2942 934 2992 urbis
976 2938 1245 3005 praefecto,
1284 2938 1373 3003 qui
1407 2943 1422 2967 ⁸
1449 2950 1547 3000 per

479 3019 651 3069 omnia
680 3019 910 3070 civitatis
940 3017 1189 3080 membra,
1222 3031 1339 3081 quae
1374 3014 1547 3064 diver-

479 3109 651 3145 sorum
682 3095 973 3159 principum
1000 3096 1318 3142 exornarunt
1345 3090 1546 3154 impen-

479 3188 574 3239 sae,
594 3187 779 3224 nomeu
802 3172 1068 3237 proprium
1088 3170 1427 3226 inscribebat,
1442 3184 1545 3221 uon

479 3259 539 3302 ut
563 3257 791 3301 veterum
810 3251 1145 3313 instaurator,
1162 3248 1252 3297 sed
1272 3245 1551 3305 conditor?

481 3325 647 3387 addit,
687 3328 705 3357 ‘
729 3328 847 3380 Quo
884 3326 1010 3375 vitio
1050 3325 1316 3374 laborasse
1356 3322 1548 3373 dicitur

479 3404 727 3471 princeps
766 3403 1041 3467 Trajanus,
1083 3399 1221 3450 unde
1266 3413 1382 3448 eum
1428 3400 1547 3448 her—

477 3481 599 3545 bam
632 3481 940 3547 parietinam
964 3477 1195 3544 jocando
1217 3476 1547 3542 cognomina-

476 3557 644 3609 runt?
675 3559 827 3609 Rern.
1534 3598 1541 3604 .

550 3633 797 3697 Porticus]
832 3633 982 3692 Quae,
1013 3630 1211 3694 nescio,
1242 3643 1341 3680 nec
1374 3634 1547 3680 tamen

477 3710 760 3774 suspicioni
785 3709 1018 3759 Catauaei
1039 3707 1231 3757 accedo
1250 3711 1418 3770 portus
1433 3721 1549 3769 sug-

484 3787 688 3851 gerenti
707 3801 724 3847 ;
759 3800 875 3834 nain
898 3785 1010 3832 haec
1032 3783 1097 3831 de
1117 3783 1227 3846 ipsa
1244 3782 1394 3831 urbe.
1414 3781 1549 3844 Lips-

549 3863 685 3912 Hiac
703 3861 936 3926 porticus]
963 3862 1239 3911 Catauaeus
1256 3859 1460 3920 optavit
1478 3859 1549 3908 le·

484 3953 610 4003 gere
639 3939 774 3988 Hinc
802 3944 987 4001 portus,
1022 3937 1142 4001 quia
1181 3935 1371 3984 nesciit
1423 3947 1550 3999 quas

476 4015 693 4079 punicus
709 4012 1030 4063 exstruxerit
1049 4012 1330 4076 TraJanus3
1366 4010 1552 4068 nesciit

484 4097 541 4140 et
577 4090 800 4151 Lipsius.
866 4090 1018 4138 Publ.
1053 4095 1226 4137 tamen
1262 4087 1447 4136 Victor
1483 4086 1552 4136 de

484 4167 800 4230 Regionibus
822 4163 1165 4227 Urbis,l.1.de
1185 4163 1395 4226 regione
1415 4175 1553 4211 nona

486 4243 756 4294 annotavit
774 4243 791 4270 ‘
811 4241 1025 4303 Trajaui
1050 4239 1305 4305 porticum
1330 4239 1381 4290 in
1400 4240 1552 4290 Cam-

1159 399 1379 453 No‘rAE
1432 395 1838 448 VARIORUM
1880 392 1970 449 ΓΚ

1608 536 1676 608 po
1698 541 1928 594 Martio.’
1959 539 2206 592 Schuetz.
2670 584 2679 593 .

1678 621 1878 669 Occulta
1919 619 2186 683 celeritate]
2230 615 2276 668 1.
2311 630 2362 667 e·
2402 615 2682 668 celeritate

1610 703 1777 760 tanta,
1804 704 1864 749 ut
1899 699 1985 748 vix
2023 697 2206 747 sentiri
2242 698 2529 762 potuerint,
2558 711 2680 762 quae

1611 782 1908 839 agerentur.
1972 773 2164 826 Justiu.
2183 788 2266 824 xr-
2286 778 2336 824 2.
2366 774 2571 822 ‘Tanta
2593 787 2684 822 ce-

1609 852 1818 902 leritate
1841 851 2100 902 Graeciam
2124 851 2401 915 oppressit,
2421 857 2499 911 ut,
2520 863 2681 916 quem

1611 929 1786 977 venire
1820 943 1923 977 nou
1959 932 2253 989 senserant,
2284 927 2463 977 videre
2499 939 2559 976 se
2592 928 2685 976 vix

1611 1003 1929 1056 crederent.’
1995 1005 2209 1055 Sallust.
2251 1005 2302 1053 in
2339 1003 2553 1066 Fragm.
2589 1002 2684 1071 *²¹³5

1612 1092 1862 1149 quantum
1893 1083 1994 1134 alio
2026 1096 2181 1132 sensu
2210 1086 2365 1132 vocat
2385 1087 2401 1110 ⁴
2430 1079 2682 1130 furtivam

1611 1159 1973 1211 celeritatem.’
2005 1159 2159 1209 Idem.
2670 1200 2685 1211 ,

1680 1236 2040 1300 Consummntn]
2065 1236 2212 1285 Nova
2226 1233 2529 1284 structione.
2540 1232 2688 1297 *Lips-

1681 1316 2036 1370 Consammnta,
2055 1314 2139 1362 sed
2164 1316 2350 1362 tautum
2370 1307 2686 1371 commutato]

1615 1390 1854 1452 Haereas,
1876 1406 1940 1440 an
1969 1390 2082 1440 lraec
2111 1387 2451 1439 commutatio
2480 1386 2581 1437 loci
2605 1384 2683 1435 fu.

1614 1469 1732 1524 erit,
1755 1481 1821 1516 an
1844 1466 2045 1516 formae.
2101 1465 2171 1515 Et
2190 1464 2426 1528 quamvis
2450 1463 2686 1526 legamus

1614 1543 1753 1611 apud
1776 1544 2108 1608 spartianum
2132 1543 2183 1590 in
2202 1539 2495 1602 Hadriano,
2511 1542 2526 1566 ‘
2544 1539 2685 1597 Couq

1615 1622 1789 1673 stituit
1818 1623 1959 1672 iuter
1990 1628 2188 1682 cetera,
2209 1627 2269 1669 ut
2297 1619 2347 1668 in
2380 1618 2524 1666 nulla
2556 1614 2686 1665 civi-

1613 1705 1725 1750 tate
1762 1699 1944 1750 domus
1980 1699 2167 1763 aliqua²
2202 1693 2583 1747 transferendae
2619 1691 2687 1741 ad

1615 1775 1768 1826 aliam
1807 1775 1987 1826 urbem
2028 1776 2179 1824 ullius
2220 1771 2459 1822 materiae
2502 1783 2688 1833 caussa

1616 1850 1992 1914 diruerentur3'
2029 1856 2339 1913 constetque
2361 1862 2428 1897 ex
2452 1860 2557 1895 non
2586 1859 2689 1911 unq

1616 1928 1774 1979 Plinii
1803 1929 1936 1985 loco,
1956 1927 2053 1976 hac
2081 1927 2133 1976 iu
2157 1923 2458 1985 tralatione,
2479 1922 2690 1973 venisse

1615 2008 1846 2070 integras
1868 2006 2151 2061 columnas,
2168 2003 2400 2066 integros
2424 2001 2694 2065 parietes;

1617 2084 1791 2147 potius
1828 2088 1998 2133 tamen
2033 2088 2134 2142 est,
2164 2086 2222 2130 ut
2254 2078 2433 2129 isthaec
2459 2075 2691 2140 accipis:-

1616 2172 1728 2207 mus
1759 2160 1827 2207 de
1859 2156 2146 2207 mutatione
2168 2152 2369 2217 formae,
2393 2158 2449 2201 ut
2474 2150 2692 2202 ostendi

1616 2235 1679 2284 ad
1706 2235 1877 2285 Tacit.
1901 2233 2088 2284 Annal.
2112 2246 2149 2282 1.
2173 2235 2257 2281 ⁰74.
2304 2228 2471 2280 Addit
2500 2224 2694 2292 Hispo,

1614 2318 1841 2361 statuam
1872 2310 2113 2361 Marcelli
2145 2308 2302 2358 altius
2333 2320 2487 2370 quam
2516 2306 2694 2362 Casa?

1617 2402 1730 2437 rum
1765 2388 1938 2452 sitam,
1970 2392 2027 2437 et
2062 2384 2165 2435 alia
2198 2385 2249 2434 in
2282 2386 2476 2439 statua,
2506 2395 2692 2446 ampu-

1618 2471 1728 2515 tato
1759 2465 1936 2530 capite
1963 2461 2208 2527 Augusti,
2236 2458 2461 2524 effigiem
2487 2456 2691 2508 Tiberii
2774 2509 2781 2516 ,

1617 2541 1851 2592 inditam·
1890 2541 2040 2590 Grae.
2570 2576 2581 2581 -

1687 2616 2015 2681 Gemmatum]
2052 2610 2427 2678 Reparatione.
2454 2610 2596 2675 Lips.
2674 2664 2689 2675 .,

1687 2695 1890 2744 Tantum
1906 2691 2216 2756 commutata]
2249 2690 2550 2752 CatanaeuS,
2569 2687 2692 2752 Lip-

1616 2770 1742 2834 sius,
1779 2777 1835 2819 et
1868 2769 1979 2832 alii,
2014 2769 2131 2817 haec
2166 2768 2232 2816 de
2267 2765 2602 2830 reparatione
2637 2771 2692 2815 et

1620 2845 1907 2907 refectione
1957 2843 2291 2894 aedificiorum
2338 2843 2691 2906 interpretan-

1622 2929 1726 2982 tur,
1749 2923 1897 2989 quasi
1937 2921 2140 2975 Plinius
2169 2918 2365 2969 dixerit
2396 2923 2589 2969 tantum
2617 2918 2690 2967 in-

1618 3005 1855 3053 staurata.
1910 2997 2017 3050 Sed
2042 2997 2126 3048 hic
2144 2996 2354 3047 videtur
2373 2994 2570 3059 aliquid
2586 3009 2690 3044 am-

1622 3079 1757 3142 plius
1783 3075 2095 3142 significare,
2116 3080 2172 3124 et
2201 3073 2345 3139 quasi
2369 3072 2691 3136 ὑπερβολικῦς

1623 3159 1799 3209 dicere
1832 3157 2076 3212 voluisse,
2107 3160 2166 3204 nt
2202 3167 2302 3203 nou
2331 3167 2363 3201 a
2383 3150 2690 3201 fundamen·

1625 3236 1690 3285 tis
1723 3242 1778 3284 et
1813 3248 1907 3298 per
1947 3236 2122 3296 partes
2166 3227 2355 3278 sensim
2386 3232 2689 3279 constructa

1623 3319 1780 3375 atque
1810 3307 2077 3374 perfectu
2113 3305 2205 3356 sed
2230 3303 2389 3355 veluti
2412 3305 2527 3355 loco
2549 3317 2688 3353 com-

1622 3393 1844 3443 mutata,
1857 3394 1990 3435 etex
2006 3383 2287 3448 improviso
2302 3380 2511 3431 aliunde
2526 3386 2690 3430 trans·

1623 3465 1748 3529 lata,
1777 3463 2101 3512 videantur.-
2139 3460 2302 3511 Certe
2333 3464 2564 3520 veteres,
2593 3457 2691 3508 etsi

1622 3557 1727 3592 non
1752 3543 1949 3602 integra
1972 3535 2194 3588 aedificia
2218 3533 2505 3587 transferre
2538 3542 2690 3598 potu-

1624 3618 1781 3676 erint,
1801 3617 1983 3669 horum
2010 3623 2180 3663 tamen
2211 3619 2388 3676 partes
2418 3609 2692 3674 aliquando

1625 3695 1962 3756 transtulere,
1985 3696 2045 3740 ut
2064 3690 2231 3738 locum
2257 3695 2597 3737 commutasse
2620 3685 2693 3734 vi-

1625 3772 1899 3822 derentur.
1964 3764 2120 3830 Apud
2156 3763 2422 3827 Spartian.
2450 3761 2504 3810 in
2535 3760 2692 3810 Adri·

1625 3862 1742 3921 ano,
1766 3862 1814 3896 c.
1839 3849 1918 3896 18.
1949 3843 2187 3907 legimus,
2208 3839 2497 3889 Adrianum
2529 3838 2690 3902 impet

1628 3931 1853 3975 ratorem
1884 3919 2216 3972 constituisse
2245 3916 2386 3966 inter
2412 3922 2613 3970 cetera,
2635 3919 2693 3962 ut

1627 4003 1680 4052 in
1706 4002 1850 4051 nulla
1869 3999 2084 4049 civitate
2108 3995 2288 4044 domus
2311 3992 2495 4056 aliquae
2530 3998 2693 4040 trans·

1627 4079 1857 4130 fereudae
1880 4076 1944 4125 ad
1969 4075 2123 4123 aliam
2147 4070 2328 4121 urbem
2354 4068 2506 4118 ullius
2530 4074 2691 4117 mate-

1624 4158 1717 4229 fiae
1738 4168 1920 4206 caussa
1940 4152 2284 4206 diruerentur.
2339 4144 2424 4195 Ad
2448 4158 2599 4210 quem
2618 4144 2691 4193 lo-

1627 4248 1745 4285 cum
1773 4231 1916 4285 adire
1940 4229 2067 4280 licet
2089 4222 2467 4281 casaubonum.
2533 4220 2600 4273 In
2632 4219 2692 4271 li·
