<?xml version="1.0" encoding="UTF-8"?>
<!DOCTYPE html PUBLIC "-//W3C//DTD XHTML 1.0 Transitional//EN"
    "http://www.w3.org/TR/xhtml1/DTD/xhtml1-transitional.dtd">
<html xmlns="http://www.w3.org/1999/xhtml" xml:lang="en" lang="en">
 <head>
  <title>
</title>
<meta http-equiv="Content-Type" content="text/html;charset=utf-8" />
  <meta name='ocr-system' content='tesseract 3.04.00' />
  <meta name='ocr-capabilities' content='ocr_page ocr_carea ocr_par ocr_line ocrx_word'/>
</head>
<body>
  <div class='ocr_page' id='page_1' title='image "./panegyriciveter01unkngoog_0102.png"; bbox 0 0 3017 4942; ppageno 0'>
   <div class='ocr_carea' id='block_1_1' title="bbox 464 383 605 451">
    <p class='ocr_par' dir='ltr' id='par_1_1' title="bbox 464 383 605 451">
     <span class='ocr_line' id='line_1_1' title="bbox 464 383 605 451; baseline 0 0"><span class='ocrx_word' id='word_1_1' title='bbox 464 383 605 451; x_wconf 74' lang='lat'><strong>532</strong></span> 
     </span>
    </p>
   </div>
   <div class='ocr_carea' id='block_1_2' title="bbox 460 540 1544 2062">
    <p class='ocr_par' dir='ltr' id='par_1_2' title="bbox 460 540 1544 2062">
     <span class='ocr_line' id='line_1_2' title="bbox 473 540 1538 608; baseline -0.004 -14"><span class='ocrx_word' id='word_1_2' title='bbox 473 543 610 594; x_wconf 87' lang='lat' dir='ltr'><strong>riore</strong></span> <span class='ocrx_word' id='word_1_3' title='bbox 644 540 868 608; x_wconf 88' lang='lat' dir='ltr'><strong>propriis</strong></span> <span class='ocrx_word' id='word_1_4' title='bbox 900 542 1084 594; x_wconf 88' lang='lat' dir='ltr'><strong>saltem</strong></span> <span class='ocrx_word' id='word_1_5' title='bbox 1118 541 1412 593; x_wconf 85' lang='lat' dir='ltr'><strong>nominibus</strong></span> <span class='ocrx_word' id='word_1_6' title='bbox 1446 556 1538 606; x_wconf 81' lang='lat' dir='ltr'><strong>ap-</strong></span> 
     </span>
     <span class='ocr_line' id='line_1_3' title="bbox 475 619 1540 685; baseline -0.001 -17"><span class='ocrx_word' id='word_1_7' title='bbox 475 620 690 685; x_wconf 84' lang='lat' dir='ltr'><strong>pellari:</strong></span> <span class='ocrx_word' id='word_1_8' title='bbox 724 635 841 670; x_wconf 88' lang='lat' dir='ltr'><strong>cnm</strong></span> <span class='ocrx_word' id='word_1_9' title='bbox 866 628 921 669; x_wconf 88' lang='lat' dir='ltr'><strong>et</strong></span> <span class='ocrx_word' id='word_1_10' title='bbox 940 620 1091 669; x_wconf 90' lang='lat' dir='ltr'><strong>Caius</strong></span> <span class='ocrx_word' id='word_1_11' title='bbox 1114 620 1354 683; x_wconf 81' lang='lat' dir='ltr'><strong>Caligula</strong></span> <span class='ocrx_word' id='word_1_12' title='bbox 1378 619 1540 668; x_wconf 86' lang='lat' dir='ltr'><strong>iratus</strong></span> 
     </span>
     <span class='ocr_line' id='line_1_4' title="bbox 473 695 1539 759; baseline -0.002 -14"><span class='ocrx_word' id='word_1_13' title='bbox 473 695 637 746; x_wconf 82' lang='lat' dir='ltr'><strong>fuerit</strong></span> <span class='ocrx_word' id='word_1_14' title='bbox 667 697 935 746; x_wconf 86' lang='lat' dir='ltr'><strong>Herennio</strong></span> <span class='ocrx_word' id='word_1_15' title='bbox 960 697 1163 757; x_wconf 85' lang='lat' dir='ltr'><strong>Macro,</strong></span> <span class='ocrx_word' id='word_1_16' title='bbox 1194 695 1333 759; x_wconf 89' lang='lat' dir='ltr'><strong>quod</strong></span> <span class='ocrx_word' id='word_1_17' title='bbox 1371 695 1539 757; x_wconf 79' lang='lat' dir='ltr'><strong>ipsum</strong></span> 
     </span>
     <span class='ocr_line' id='line_1_5' title="bbox 474 771 1539 834; baseline -0.002 -13"><span class='ocrx_word' id='word_1_18' title='bbox 474 772 781 821; x_wconf 84' lang='lat' dir='ltr'><strong>salutaverit</strong></span> <span class='ocrx_word' id='word_1_19' title='bbox 834 772 1036 834; x_wconf 88' lang='lat' dir='ltr'><strong>Caium,</strong></span> <span class='ocrx_word' id='word_1_20' title='bbox 1083 778 1404 821; x_wconf 76' lang='lat' dir='ltr'>memorante</span> <span class='ocrx_word' id='word_1_21' title='bbox 1446 771 1539 819; x_wconf 87' lang='lat' dir='ltr'><strong>Se-</strong></span> 
     </span>
     <span class='ocr_line' id='line_1_6' title="bbox 476 847 1539 911; baseline -0.001 -13"><span class='ocrx_word' id='word_1_22' title='bbox 476 861 624 906; x_wconf 80' lang='lat' dir='ltr'><strong>neca,</strong></span> <span class='ocrx_word' id='word_1_23' title='bbox 667 849 733 898; x_wconf 91' lang='lat' dir='ltr'><strong>de</strong></span> <span class='ocrx_word' id='word_1_24' title='bbox 779 850 1055 899; x_wconf 78' lang='lat' dir='ltr'><strong>Constant.</strong></span> <span class='ocrx_word' id='word_1_25' title='bbox 1100 863 1214 911; x_wconf 80' lang='lat' dir='ltr'><strong>cap.</strong></span> <span class='ocrx_word' id='word_1_26' title='bbox 1257 850 1336 897; x_wconf 85' lang='lat'><strong>18.</strong></span> <span class='ocrx_word' id='word_1_27' title='bbox 1405 847 1539 897; x_wconf 89' lang='lat' dir='ltr'><strong>Ute-</strong></span> 
     </span>
     <span class='ocr_line' id='line_1_7' title="bbox 474 923 1540 987; baseline -0.001 -14"><span class='ocrx_word' id='word_1_28' title='bbox 474 923 668 974; x_wconf 88' lang='lat' dir='ltr'><strong>bantur</strong></span> <span class='ocrx_word' id='word_1_29' title='bbox 690 939 811 974; x_wconf 86' lang='lat' dir='ltr'><strong>vero</strong></span> <span class='ocrx_word' id='word_1_30' title='bbox 836 933 893 974; x_wconf 90' lang='lat' dir='ltr'><strong>nt</strong></span> <span class='ocrx_word' id='word_1_31' title='bbox 930 924 1205 987; x_wconf 90' lang='lat' dir='ltr'><strong>plurimum</strong></span> <span class='ocrx_word' id='word_1_32' title='bbox 1231 926 1247 952; x_wconf 88' lang='lat'>‘</span> <span class='ocrx_word' id='word_1_33' title='bbox 1273 924 1540 973; x_wconf 88' lang='lat' dir='ltr'><strong>monitori·</strong></span> 
     </span>
     <span class='ocr_line' id='line_1_8' title="bbox 476 999 1539 1066; baseline 0 -16"><span class='ocrx_word' id='word_1_34' title='bbox 476 999 574 1051; x_wconf 89' lang='lat' dir='ltr'><strong>bus</strong></span> <span class='ocrx_word' id='word_1_35' title='bbox 589 1000 604 1023; x_wconf 75' lang='lat'><em>⁹</em></span> <span class='ocrx_word' id='word_1_36' title='bbox 627 1008 684 1051; x_wconf 87' lang='lat' dir='ltr'><strong>et</strong></span> <span class='ocrx_word' id='word_1_37' title='bbox 705 1009 720 1032; x_wconf 87' lang='lat'>‘</span> <span class='ocrx_word' id='word_1_38' title='bbox 743 1001 1248 1060; x_wconf 87' lang='lat' dir='ltr'><strong>nomenclatoribus‚’</strong></span> <span class='ocrx_word' id='word_1_39' title='bbox 1271 1001 1357 1066; x_wconf 89' lang='lat' dir='ltr'><strong>qui</strong></span> <span class='ocrx_word' id='word_1_40' title='bbox 1377 1001 1539 1050; x_wconf 87' lang='lat' dir='ltr'><strong>nesci·</strong></span> 
     </span>
     <span class='ocr_line' id='line_1_9' title="bbox 476 1078 1541 1143; baseline 0 -16"><span class='ocrx_word' id='word_1_41' title='bbox 476 1078 685 1130; x_wconf 86' lang='lat' dir='ltr'><strong>entibus</strong></span> <span class='ocrx_word' id='word_1_42' title='bbox 701 1087 1043 1143; x_wconf 78' lang='lat' dir='ltr'><strong>suggererent</strong></span> <span class='ocrx_word' id='word_1_43' title='bbox 1067 1078 1307 1140; x_wconf 79' lang='lat' dir='ltr'><strong>nomina3</strong></span> <span class='ocrx_word' id='word_1_44' title='bbox 1341 1079 1405 1127; x_wconf 90' lang='lat' dir='ltr'><strong>de</strong></span> <span class='ocrx_word' id='word_1_45' title='bbox 1430 1078 1541 1143; x_wconf 90' lang='lat' dir='ltr'><strong>qui·</strong></span> 
     </span>
     <span class='ocr_line' id='line_1_10' title="bbox 476 1154 1542 1219; baseline -0.003 -15"><span class='ocrx_word' id='word_1_46' title='bbox 476 1154 571 1204; x_wconf 89' lang='lat' dir='ltr'><strong>bus</strong></span> <span class='ocrx_word' id='word_1_47' title='bbox 597 1156 745 1219; x_wconf 90' lang='lat' dir='ltr'><strong>plura</strong></span> <span class='ocrx_word' id='word_1_48' title='bbox 777 1155 935 1206; x_wconf 78' lang='lat' dir='ltr'><strong>tradit</strong></span> <span class='ocrx_word' id='word_1_49' title='bbox 957 1156 1235 1219; x_wconf 79' lang='lat' dir='ltr'><strong>Pignorius</strong></span> <span class='ocrx_word' id='word_1_50' title='bbox 1263 1156 1329 1205; x_wconf 92' lang='lat' dir='ltr'><strong>de</strong></span> <span class='ocrx_word' id='word_1_51' title='bbox 1351 1155 1542 1204; x_wconf 82' lang='lat' dir='ltr'><strong>Servis.</strong></span> 
     </span>
     <span class='ocr_line' id='line_1_11' title="bbox 474 1230 1540 1297; baseline -0.001 -17"><span class='ocrx_word' id='word_1_52' title='bbox 474 1230 579 1281; x_wconf 83' lang='lat' dir='ltr'><strong>Sed</strong></span> <span class='ocrx_word' id='word_1_53' title='bbox 604 1246 669 1281; x_wconf 88' lang='lat' dir='ltr'><strong>ne</strong></span> <span class='ocrx_word' id='word_1_54' title='bbox 694 1239 864 1295; x_wconf 84' lang='lat' dir='ltr'><strong>putes,</strong></span> <span class='ocrx_word' id='word_1_55' title='bbox 900 1232 1189 1297; x_wconf 83' lang='lat' dir='ltr'><strong>hujusmodi</strong></span> <span class='ocrx_word' id='word_1_56' title='bbox 1221 1246 1413 1288; x_wconf 80' lang='lat' dir='ltr'><strong>servos,</strong></span> <span class='ocrx_word' id='word_1_57' title='bbox 1447 1246 1540 1280; x_wconf 88' lang='lat' dir='ltr'><strong>no·</strong></span> 
     </span>
     <span class='ocr_line' id='line_1_12' title="bbox 476 1309 1541 1372; baseline 0 -16"><span class='ocrx_word' id='word_1_58' title='bbox 476 1309 824 1357; x_wconf 88' lang='lat' dir='ltr'><strong>menclatores</strong></span> <span class='ocrx_word' id='word_1_59' title='bbox 882 1309 1073 1365; x_wconf 82' lang='lat' dir='ltr'><strong>dictos,</strong></span> <span class='ocrx_word' id='word_1_60' title='bbox 1135 1323 1351 1372; x_wconf 88' lang='lat' dir='ltr'><strong>qnorum</strong></span> <span class='ocrx_word' id='word_1_61' title='bbox 1419 1322 1541 1357; x_wconf 86' lang='lat' dir='ltr'><strong>usus</strong></span> 
     </span>
     <span class='ocr_line' id='line_1_13' title="bbox 475 1383 1542 1448; baseline 0.003 -18"><span class='ocrx_word' id='word_1_62' title='bbox 475 1385 702 1434; x_wconf 78' lang='lat' dir='ltr'><strong>maxime</strong></span> <span class='ocrx_word' id='word_1_63' title='bbox 723 1383 825 1434; x_wconf 85' lang='lat' dir='ltr'><strong>fuit</strong></span> <span class='ocrx_word' id='word_1_64' title='bbox 847 1385 899 1434; x_wconf 94' lang='lat' dir='ltr'><strong>in</strong></span> <span class='ocrx_word' id='word_1_65' title='bbox 924 1385 1028 1448; x_wconf 88' lang='lat' dir='ltr'><strong>via,</strong></span> <span class='ocrx_word' id='word_1_66' title='bbox 1050 1388 1101 1434; x_wconf 87' lang='lat' dir='ltr'><strong>in</strong></span> <span class='ocrx_word' id='word_1_67' title='bbox 1127 1384 1257 1446; x_wconf 77' lang='lat' dir='ltr'><strong>foro,</strong></span> <span class='ocrx_word' id='word_1_68' title='bbox 1278 1392 1333 1434; x_wconf 89' lang='lat' dir='ltr'><strong>et</strong></span> <span class='ocrx_word' id='word_1_69' title='bbox 1356 1399 1542 1447; x_wconf 85' lang='lat' dir='ltr'><strong>campo</strong></span> 
     </span>
     <span class='ocr_line' id='line_1_14' title="bbox 476 1459 1541 1523; baseline 0 -14"><span class='ocrx_word' id='word_1_70' title='bbox 476 1459 691 1523; x_wconf 86' lang='lat' dir='ltr'><strong>Martio,</strong></span> <span class='ocrx_word' id='word_1_71' title='bbox 732 1461 889 1510; x_wconf 87' lang='lat' dir='ltr'><strong>etiam</strong></span> <span class='ocrx_word' id='word_1_72' title='bbox 941 1461 993 1510; x_wconf 87' lang='lat' dir='ltr'><strong>in</strong></span> <span class='ocrx_word' id='word_1_73' title='bbox 1048 1462 1245 1511; x_wconf 87' lang='lat' dir='ltr'><strong>curiam</strong></span> <span class='ocrx_word' id='word_1_74' title='bbox 1291 1459 1541 1510; x_wconf 89' lang='lat' dir='ltr'><strong>admissos</strong></span> 
     </span>
     <span class='ocr_line' id='line_1_15' title="bbox 476 1533 1542 1602; baseline 0.003 -18"><span class='ocrx_word' id='word_1_75' title='bbox 476 1533 657 1586; x_wconf 85' lang='lat' dir='ltr'><strong>fuisse.</strong></span> <span class='ocrx_word' id='word_1_76' title='bbox 725 1536 808 1586; x_wconf 89' lang='lat' dir='ltr'><strong>Ibi</strong></span> <span class='ocrx_word' id='word_1_77' title='bbox 848 1537 1028 1587; x_wconf 78' lang='lat' dir='ltr'><strong>Caeaar</strong></span> <span class='ocrx_word' id='word_1_78' title='bbox 1064 1539 1223 1588; x_wconf 91' lang='lat' dir='ltr'><strong>etiam</strong></span> <span class='ocrx_word' id='word_1_79' title='bbox 1261 1538 1328 1587; x_wconf 88' lang='lat' dir='ltr'><strong>ab</strong></span> <span class='ocrx_word' id='word_1_80' title='bbox 1368 1539 1542 1602; x_wconf 87' lang='lat' dir='ltr'><strong>aliquo</strong></span> 
     </span>
     <span class='ocr_line' id='line_1_16' title="bbox 474 1614 1541 1679; baseline 0 -15"><span class='ocrx_word' id='word_1_81' title='bbox 474 1623 734 1671; x_wconf 80' lang='lat' dir='ltr'><strong>senatore,</strong></span> <span class='ocrx_word' id='word_1_82' title='bbox 757 1614 799 1665; x_wconf 88' lang='lat' dir='ltr'><strong>si</strong></span> <span class='ocrx_word' id='word_1_83' title='bbox 827 1615 1006 1672; x_wconf 84' lang='lat' dir='ltr'><strong>voluit,</strong></span> <span class='ocrx_word' id='word_1_84' title='bbox 1031 1614 1326 1665; x_wconf 88' lang='lat' dir='ltr'><strong>submoneri</strong></span> <span class='ocrx_word' id='word_1_85' title='bbox 1352 1616 1541 1679; x_wconf 88' lang='lat' dir='ltr'><strong>potuit,</strong></span> 
     </span>
     <span class='ocr_line' id='line_1_17' title="bbox 460 1692 1544 1756; baseline 0.002 -17"><span class='ocrx_word' id='word_1_86' title='bbox 460 1705 592 1756; x_wconf 70' lang='lat' dir='ltr'><strong>¹quae</strong></span> <span class='ocrx_word' id='word_1_87' title='bbox 630 1692 835 1740; x_wconf 89' lang='lat' dir='ltr'><strong>nomina</strong></span> <span class='ocrx_word' id='word_1_88' title='bbox 868 1699 1046 1741; x_wconf 82' lang='lat' dir='ltr'><strong>essent</strong></span> <span class='ocrx_word' id='word_1_89' title='bbox 1086 1692 1303 1741; x_wconf 89' lang='lat' dir='ltr'><strong>aliorum</strong></span> <span class='ocrx_word' id='word_1_90' title='bbox 1339 1699 1544 1741; x_wconf 86' lang='lat' dir='ltr'><strong>senato-</strong></span> 
     </span>
     <span class='ocr_line' id='line_1_18' title="bbox 475 1768 1541 1834; baseline -0.001 -16"><span class='ocrx_word' id='word_1_91' title='bbox 475 1783 608 1820; x_wconf 81' lang='lat' dir='ltr'><strong>rum.</strong></span> <span class='ocrx_word' id='word_1_92' title='bbox 696 1770 962 1833; x_wconf 89' lang='lat' dir='ltr'><strong>Denique,</strong></span> <span class='ocrx_word' id='word_1_93' title='bbox 1016 1768 1151 1834; x_wconf 92' lang='lat' dir='ltr'><strong>quod</strong></span> <span class='ocrx_word' id='word_1_94' title='bbox 1208 1770 1274 1817; x_wconf 84' lang='lat' dir='ltr'><strong>ad</strong></span> <span class='ocrx_word' id='word_1_95' title='bbox 1331 1768 1541 1817; x_wconf 86' lang='lat' dir='ltr'><strong>verbnm</strong></span> 
     </span>
     <span class='ocr_line' id='line_1_19' title="bbox 474 1844 1543 1907; baseline 0.002 -15"><span class='ocrx_word' id='word_1_96' title='bbox 474 1845 490 1874; x_wconf 85' lang='lat'>‘</span> <span class='ocrx_word' id='word_1_97' title='bbox 518 1844 759 1907; x_wconf 73' lang='lat' dir='ltr'><strong>signare&#39;</strong></span> <span class='ocrx_word' id='word_1_98' title='bbox 792 1845 1002 1906; x_wconf 80' lang='lat' dir='ltr'><strong>attinet,</strong></span> <span class='ocrx_word' id='word_1_99' title='bbox 1038 1845 1090 1894; x_wconf 92' lang='lat' dir='ltr'><strong>id</strong></span> <span class='ocrx_word' id='word_1_100' title='bbox 1126 1844 1394 1894; x_wconf 84' lang='lat' dir='ltr'><strong>idem-hoc</strong></span> <span class='ocrx_word' id='word_1_101' title='bbox 1430 1845 1543 1894; x_wconf 89' lang='lat' dir='ltr'><strong>loco</strong></span> 
     </span>
     <span class='ocr_line' id='line_1_20' title="bbox 477 1920 1541 1985; baseline 0.003 -16"><span class='ocrx_word' id='word_1_102' title='bbox 477 1922 641 1983; x_wconf 81' lang='lat' dir='ltr'><strong>valet,</strong></span> <span class='ocrx_word' id='word_1_103' title='bbox 659 1920 796 1985; x_wconf 87' lang='lat' dir='ltr'><strong>qnod</strong></span> <span class='ocrx_word' id='word_1_104' title='bbox 823 1921 1092 1984; x_wconf 80' lang='lat' dir='ltr'><strong>insignire,</strong></span> <span class='ocrx_word' id='word_1_105' title='bbox 1114 1922 1310 1971; x_wconf 88' lang='lat' dir='ltr'><strong>clarum</strong></span> <span class='ocrx_word' id='word_1_106' title='bbox 1331 1930 1385 1972; x_wconf 87' lang='lat' dir='ltr'><strong>et</strong></span> <span class='ocrx_word' id='word_1_107' title='bbox 1404 1923 1541 1972; x_wconf 87' lang='lat' dir='ltr'><strong>cele·</strong></span> 
     </span>
     <span class='ocr_line' id='line_1_21' title="bbox 476 1997 1542 2062; baseline 0.001 -14"><span class='ocrx_word' id='word_1_108' title='bbox 476 1997 624 2048; x_wconf 88' lang='lat' dir='ltr'><strong>brem</strong></span> <span class='ocrx_word' id='word_1_109' title='bbox 661 1997 853 2056; x_wconf 81' lang='lat' dir='ltr'><strong>facere,</strong></span> <span class='ocrx_word' id='word_1_110' title='bbox 889 1998 1175 2059; x_wconf 78' lang='lat' dir='ltr'><strong>decorare3</strong></span> <span class='ocrx_word' id='word_1_111' title='bbox 1212 2006 1367 2062; x_wconf 92' lang='lat' dir='ltr'><strong>prout</strong></span> <span class='ocrx_word' id='word_1_112' title='bbox 1405 1999 1542 2049; x_wconf 89' lang='lat' dir='ltr'><strong>idem</strong></span> 
     </span>
    </p>
   </div>
   <div class='ocr_carea' id='block_1_3' title="bbox 478 2076 1544 2222">
    <p class='ocr_par' dir='ltr' id='par_1_3' title="bbox 478 2076 1544 2222">
     <span class='ocr_line' id='line_1_22' title="bbox 478 2076 1544 2141; baseline 0.006 -16"><span class='ocrx_word' id='word_1_113' title='bbox 478 2076 626 2126; x_wconf 89' lang='lat' dir='ltr'><strong>Plin.</strong></span> <span class='ocrx_word' id='word_1_114' title='bbox 661 2078 834 2141; x_wconf 84' lang='lat' dir='ltr'><strong>Epist.</strong></span> <span class='ocrx_word' id='word_1_115' title='bbox 870 2093 952 2129; x_wconf 85' lang='lat' dir='ltr'><strong>rx.</strong></span> <span class='ocrx_word' id='word_1_116' title='bbox 992 2083 1071 2130; x_wconf 79' lang='lat'><strong>19.</strong></span> <span class='ocrx_word' id='word_1_117' title='bbox 1101 2081 1260 2140; x_wconf 77' lang='lat' dir='ltr'><strong>dixit„</strong></span> <span class='ocrx_word' id='word_1_118' title='bbox 1283 2087 1300 2110; x_wconf 87' lang='lat'>‘</span> <span class='ocrx_word' id='word_1_119' title='bbox 1324 2081 1544 2131; x_wconf 88' lang='lat' dir='ltr'><strong>Duobus</strong></span> 
     </span>
     <span class='ocr_line' id='line_1_23' title="bbox 478 2154 1543 2222; baseline 0.006 -20"><span class='ocrx_word' id='word_1_120' title='bbox 478 2154 751 2203; x_wconf 82' lang='lat' dir='ltr'><strong>versiculis</strong></span> <span class='ocrx_word' id='word_1_121' title='bbox 786 2155 1012 2219; x_wconf 79' lang='lat' dir='ltr'><strong>signare,</strong></span> <span class='ocrx_word' id='word_1_122' title='bbox 1052 2157 1188 2222; x_wconf 91' lang='lat' dir='ltr'><strong>quod</strong></span> <span class='ocrx_word' id='word_1_123' title='bbox 1227 2158 1441 2222; x_wconf 82' lang='lat' dir='ltr'><strong>egregie</strong></span> <span class='ocrx_word' id='word_1_124' title='bbox 1466 2157 1543 2209; x_wconf 82' lang='lat' dir='ltr'><strong>fe-</strong></span> 
     </span>
    </p>
   </div>
   <div class='ocr_carea' id='block_1_4' title="bbox 375 2231 1542 2285">
    <p class='ocr_par' dir='ltr' id='par_1_4' title="bbox 375 2231 1542 2285">
     <span class='ocr_line' id='line_1_24' title="bbox 375 2231 1542 2285; baseline 0.003 -5"><span class='ocrx_word' id='word_1_125' title='bbox 375 2280 378 2285; x_wconf 71' lang='lat'><em>,</em></span> <span class='ocrx_word' id='word_1_126' title='bbox 477 2231 650 2282; x_wconf 64' lang='lat' dir='ltr'><strong>ceris!</strong></span> <span class='ocrx_word' id='word_1_127' title='bbox 678 2231 928 2281; x_wconf 78' lang='lat' dir='ltr'><strong>Similiter</strong></span> <span class='ocrx_word' id='word_1_128' title='bbox 951 2233 1253 2284; x_wconf 60' lang='lat' dir='ltr'><strong>Columellas</strong></span> <span class='ocrx_word' id='word_1_129' title='bbox 1274 2248 1311 2283; x_wconf 88' lang='lat'><strong>1.</strong></span> <span class='ocrx_word' id='word_1_130' title='bbox 1334 2238 1380 2284; x_wconf 78' lang='lat'><strong>3.</strong></span> <span class='ocrx_word' id='word_1_131' title='bbox 1420 2237 1542 2284; x_wconf 88' lang='lat' dir='ltr'><strong>Vir·</strong></span> 
     </span>
    </p>
   </div>
   <div class='ocr_carea' id='block_1_5' title="bbox 458 2306 1546 2760">
    <p class='ocr_par' dir='ltr' id='par_1_5' title="bbox 458 2306 1546 2760">
     <span class='ocr_line' id='line_1_25' title="bbox 476 2306 1545 2376; baseline 0.004 -19"><span class='ocrx_word' id='word_1_132' title='bbox 476 2308 631 2372; x_wconf 78' lang='lat' dir='ltr'><strong>gilius</strong></span> <span class='ocrx_word' id='word_1_133' title='bbox 671 2306 866 2359; x_wconf 89' lang='lat' dir='ltr'><strong>dicitur</strong></span> <span class='ocrx_word' id='word_1_134' title='bbox 910 2315 1060 2359; x_wconf 71' lang='lat' dir='ltr'><strong>venis</strong></span> <span class='ocrx_word' id='word_1_135' title='bbox 1103 2310 1363 2376; x_wconf 75' lang='lat' dir='ltr'><strong>quoddam</strong></span> <span class='ocrx_word' id='word_1_136' title='bbox 1411 2326 1545 2376; x_wconf 79' lang='lat' dir='ltr'><strong>prae·</strong></span> 
     </span>
     <span class='ocr_line' id='line_1_26' title="bbox 477 2385 1546 2451; baseline 0.005 -19"><span class='ocrx_word' id='word_1_137' title='bbox 477 2391 688 2448; x_wconf 89' lang='lat' dir='ltr'><strong>ceptum</strong></span> <span class='ocrx_word' id='word_1_138' title='bbox 735 2392 789 2435; x_wconf 89' lang='lat' dir='ltr'><strong>et</strong></span> <span class='ocrx_word' id='word_1_139' title='bbox 835 2385 1077 2449; x_wconf 84' lang='lat' dir='ltr'><strong>adagium</strong></span> <span class='ocrx_word' id='word_1_140' title='bbox 1121 2387 1136 2414; x_wconf 87' lang='lat'>‘</span> <span class='ocrx_word' id='word_1_141' title='bbox 1173 2388 1399 2440; x_wconf 88' lang='lat' dir='ltr'><strong>numeris</strong></span> <span class='ocrx_word' id='word_1_142' title='bbox 1444 2388 1546 2451; x_wconf 70' lang='lat' dir='ltr'><strong>sig-</strong></span> 
     </span>
     <span class='ocr_line' id='line_1_27' title="bbox 476 2460 1544 2524; baseline 0.005 -14"><span class='ocrx_word' id='word_1_143' title='bbox 476 2460 672 2524; x_wconf 84' lang='lat' dir='ltr'><strong>nasse,’</strong></span> <span class='ocrx_word' id='word_1_144' title='bbox 702 2463 738 2512; x_wconf 92' lang='lat' dir='ltr'><strong>i.</strong></span> <span class='ocrx_word' id='word_1_145' title='bbox 761 2477 807 2511; x_wconf 92' lang='lat' dir='ltr'><strong>e.</strong></span> <span class='ocrx_word' id='word_1_146' title='bbox 830 2465 879 2512; x_wconf 91' lang='lat' dir='ltr'><strong>in</strong></span> <span class='ocrx_word' id='word_1_147' title='bbox 904 2479 1084 2514; x_wconf 82' lang='lat' dir='ltr'><strong>versus</strong></span> <span class='ocrx_word' id='word_1_148' title='bbox 1107 2462 1372 2515; x_wconf 86' lang='lat' dir='ltr'><strong>redactum</strong></span> <span class='ocrx_word' id='word_1_149' title='bbox 1397 2472 1544 2516; x_wconf 90' lang='lat' dir='ltr'><strong>nota·</strong></span> 
     </span>
     <span class='ocr_line' id='line_1_28' title="bbox 475 2538 1546 2606; baseline 0.005 -19"><span class='ocrx_word' id='word_1_150' title='bbox 475 2538 630 2588; x_wconf 85' lang='lat' dir='ltr'><strong>bilius</strong></span> <span class='ocrx_word' id='word_1_151' title='bbox 642 2540 1006 2605; x_wconf 89' lang='lat' dir='ltr'><strong>celebriusque</strong></span> <span class='ocrx_word' id='word_1_152' title='bbox 1017 2540 1322 2593; x_wconf 74' lang='lat' dir='ltr'><strong>reddidisse.</strong></span> <span class='ocrx_word' id='word_1_153' title='bbox 1357 2540 1546 2606; x_wconf 84' lang='lat' dir='ltr'><strong>Itaque</strong></span> 
     </span>
     <span class='ocr_line' id='line_1_29' title="bbox 462 2617 1545 2685; baseline 0.004 -18"><span class='ocrx_word' id='word_1_154' title='bbox 462 2624 533 2667; x_wconf 75' lang='lat' dir='ltr'><strong>&#39;et</strong></span> <span class='ocrx_word' id='word_1_155' title='bbox 571 2620 585 2645; x_wconf 92' lang='lat'>‘</span> <span class='ocrx_word' id='word_1_156' title='bbox 609 2617 804 2668; x_wconf 86' lang='lat' dir='ltr'><strong>honore</strong></span> <span class='ocrx_word' id='word_1_157' title='bbox 827 2619 1033 2683; x_wconf 80' lang='lat' dir='ltr'><strong>signare</strong></span> <span class='ocrx_word' id='word_1_158' title='bbox 1057 2619 1299 2685; x_wconf 86' lang='lat' dir='ltr'><strong>aliquem&#39;</strong></span> <span class='ocrx_word' id='word_1_159' title='bbox 1334 2628 1437 2681; x_wconf 87' lang='lat' dir='ltr'><strong>est,</strong></span> <span class='ocrx_word' id='word_1_160' title='bbox 1457 2622 1545 2670; x_wconf 82' lang='lat' dir='ltr'><strong>ho-</strong></span> 
     </span>
     <span class='ocr_line' id='line_1_30' title="bbox 458 2694 1544 2760; baseline 0.006 -19"><span class='ocrx_word' id='word_1_161' title='bbox 458 2694 866 2760; x_wconf 67' lang='lat' dir='ltr'><strong>-nore‹aliquem</strong></span> <span class='ocrx_word' id='word_1_162' title='bbox 910 2696 1257 2746; x_wconf 86' lang='lat' dir='ltr'><strong>condecorare</strong></span> <span class='ocrx_word' id='word_1_163' title='bbox 1304 2703 1358 2747; x_wconf 87' lang='lat' dir='ltr'><strong>et</strong></span> <span class='ocrx_word' id='word_1_164' title='bbox 1405 2697 1544 2748; x_wconf 84' lang='lat' dir='ltr'><strong>ilius·</strong></span> 
     </span>
    </p>
   </div>
   <div class='ocr_carea' id='block_1_6' title="bbox 379 2772 1545 2832">
    <p class='ocr_par' dir='ltr' id='par_1_6' title="bbox 379 2772 1545 2832">
     <span class='ocr_line' id='line_1_31' title="bbox 379 2772 1545 2832; baseline 0.006 -15"><span class='ocrx_word' id='word_1_165' title='bbox 379 2802 392 2816; x_wconf 96' lang='lat'><strong>.</strong></span> <span class='ocrx_word' id='word_1_166' title='bbox 475 2776 637 2821; x_wconf 86' lang='lat' dir='ltr'><strong>trare.</strong></span> <span class='ocrx_word' id='word_1_167' title='bbox 703 2772 791 2822; x_wconf 90' lang='lat' dir='ltr'><strong>Sic</strong></span> <span class='ocrx_word' id='word_1_168' title='bbox 819 2772 959 2821; x_wconf 86' lang='lat' dir='ltr'><strong>Plin.</strong></span> <span class='ocrx_word' id='word_1_169' title='bbox 981 2787 1083 2823; x_wconf 90' lang='lat' dir='ltr'><strong>non</strong></span> <span class='ocrx_word' id='word_1_170' title='bbox 1107 2773 1268 2823; x_wconf 89' lang='lat' dir='ltr'><strong>solum</strong></span> <span class='ocrx_word' id='word_1_171' title='bbox 1291 2773 1388 2823; x_wconf 84' lang='lat' dir='ltr'><strong>hoe</strong></span> <span class='ocrx_word' id='word_1_172' title='bbox 1411 2774 1545 2832; x_wconf 88' lang='lat' dir='ltr'><strong>loco,</strong></span> 
     </span>
    </p>
   </div>
   <div class='ocr_carea' id='block_1_7' title="bbox 450 2847 1546 4210">
    <p class='ocr_par' dir='ltr' id='par_1_7' title="bbox 473 2847 1546 3509">
     <span class='ocr_line' id='line_1_32' title="bbox 475 2847 1543 2914; baseline 0.005 -19"><span class='ocrx_word' id='word_1_173' title='bbox 475 2847 564 2896; x_wconf 87' lang='lat' dir='ltr'><strong>sed</strong></span> <span class='ocrx_word' id='word_1_174' title='bbox 592 2847 750 2897; x_wconf 90' lang='lat' dir='ltr'><strong>etiam</strong></span> <span class='ocrx_word' id='word_1_175' title='bbox 774 2849 944 2912; x_wconf 85' lang='lat' dir='ltr'><strong>Epist.</strong></span> <span class='ocrx_word' id='word_1_176' title='bbox 966 2863 1020 2900; x_wconf 70' lang='grc' dir='ltr'><strong>ν.</strong></span> <span class='ocrx_word' id='word_1_177' title='bbox 1041 2853 1089 2898; x_wconf 94' lang='lat'><strong>1.</strong></span> <span class='ocrx_word' id='word_1_178' title='bbox 1109 2850 1373 2914; x_wconf 76' lang='lat' dir='ltr'><strong>loquitnrz</strong></span> <span class='ocrx_word' id='word_1_179' title='bbox 1407 2851 1423 2878; x_wconf 92' lang='lat'>‘</span> <span class='ocrx_word' id='word_1_180' title='bbox 1441 2851 1543 2900; x_wconf 89' lang='lat' dir='ltr'><strong>Cu-</strong></span> 
     </span>
     <span class='ocr_line' id='line_1_33' title="bbox 475 2924 1546 2991; baseline 0.003 -18"><span class='ocrx_word' id='word_1_181' title='bbox 475 2925 649 2973; x_wconf 79' lang='lat' dir='ltr'><strong>rianus</strong></span> <span class='ocrx_word' id='word_1_182' title='bbox 670 2924 866 2976; x_wconf 82' lang='lat' dir='ltr'><strong>factum</strong></span> <span class='ocrx_word' id='word_1_183' title='bbox 892 2940 1059 2975; x_wconf 89' lang='lat' dir='ltr'><strong>meum</strong></span> <span class='ocrx_word' id='word_1_184' title='bbox 1092 2928 1358 2991; x_wconf 82' lang='lat' dir='ltr'><strong>antiquum</strong></span> <span class='ocrx_word' id='word_1_185' title='bbox 1382 2926 1546 2977; x_wconf 91' lang='lat' dir='ltr'><strong>nobili</strong></span> 
     </span>
     <span class='ocr_line' id='line_1_34' title="bbox 473 3001 1543 3066; baseline 0.004 -17"><span class='ocrx_word' id='word_1_186' title='bbox 473 3001 667 3050; x_wconf 84' lang='lat' dir='ltr'><strong>honore</strong></span> <span class='ocrx_word' id='word_1_187' title='bbox 692 3003 921 3065; x_wconf 82' lang='lat' dir='ltr'><strong>signavit</strong></span> <span class='ocrx_word' id='word_1_188' title='bbox 945 3002 980 3064; x_wconf 69' lang='grc' dir='ltr'><strong>ς’</strong></span> <span class='ocrx_word' id='word_1_189' title='bbox 1013 3010 1171 3066; x_wconf 89' lang='lat' dir='ltr'><strong>prout</strong></span> <span class='ocrx_word' id='word_1_190' title='bbox 1201 3005 1340 3054; x_wconf 88' lang='lat' dir='ltr'><strong>hunc</strong></span> <span class='ocrx_word' id='word_1_191' title='bbox 1374 3005 1543 3054; x_wconf 90' lang='lat' dir='ltr'><strong>locum</strong></span> 
     </span>
     <span class='ocr_line' id='line_1_35' title="bbox 475 3077 1543 3142; baseline 0.003 -14"><span class='ocrx_word' id='word_1_192' title='bbox 475 3077 609 3128; x_wconf 90' lang='lat' dir='ltr'><strong>bene</strong></span> <span class='ocrx_word' id='word_1_193' title='bbox 654 3078 948 3128; x_wconf 83' lang='lat' dir='ltr'><strong>emendavit</strong></span> <span class='ocrx_word' id='word_1_194' title='bbox 990 3080 1222 3142; x_wconf 84' lang='lat' dir='ltr'><strong>Cortius,</strong></span> <span class='ocrx_word' id='word_1_195' title='bbox 1261 3080 1543 3131; x_wconf 86' lang='lat' dir='ltr'><strong>subnotato</strong></span> 
     </span>
     <span class='ocr_line' id='line_1_36' title="bbox 480 3151 1545 3208; baseline 0.006 -6"><span class='ocrx_word' id='word_1_196' title='bbox 480 3151 661 3202; x_wconf 89' lang='lat' dir='ltr'><strong>Ovidii</strong></span> <span class='ocrx_word' id='word_1_197' title='bbox 709 3153 798 3203; x_wconf 90' lang='lat' dir='ltr'><strong>lib.</strong></span> <span class='ocrx_word' id='word_1_198' title='bbox 825 3168 880 3204; x_wconf 84' lang='lat' dir='ltr'><strong>v.</strong></span> <span class='ocrx_word' id='word_1_199' title='bbox 922 3159 1038 3204; x_wconf 80' lang='grc'><strong>474.</strong></span> <span class='ocrx_word' id='word_1_200' title='bbox 1080 3156 1387 3206; x_wconf 80' lang='lat' dir='ltr'><strong>Fastorum:</strong></span> <span class='ocrx_word' id='word_1_201' title='bbox 1435 3160 1545 3208; x_wconf 85' lang='lat' dir='ltr'><strong>‘Ut</strong></span> 
     </span>
     <span class='ocr_line' id='line_1_37' title="bbox 475 3228 1546 3294; baseline 0.006 -16"><span class='ocrx_word' id='word_1_202' title='bbox 475 3229 738 3278; x_wconf 83' lang='lat' dir='ltr'><strong>celebrem</strong></span> <span class='ocrx_word' id='word_1_203' title='bbox 778 3228 915 3279; x_wconf 84' lang='lat' dir='ltr'><strong>festo</strong></span> <span class='ocrx_word' id='word_1_204' title='bbox 948 3232 1122 3294; x_wconf 85' lang='lat' dir='ltr'><strong>signet</strong></span> <span class='ocrx_word' id='word_1_205' title='bbox 1151 3232 1343 3282; x_wconf 87' lang='lat' dir='ltr'><strong>bonore</strong></span> <span class='ocrx_word' id='word_1_206' title='bbox 1367 3234 1546 3284; x_wconf 66' lang='lat' dir='ltr'><strong>diem!</strong></span> 
     </span>
     <span class='ocr_line' id='line_1_38' title="bbox 477 3304 1543 3370; baseline 0.008 -16"><span class='ocrx_word' id='word_1_207' title='bbox 477 3304 746 3370; x_wconf 89' lang='lat' dir='ltr'><strong>Ceterum,</strong></span> <span class='ocrx_word' id='word_1_208' title='bbox 768 3307 905 3356; x_wconf 86' lang='lat' dir='ltr'><strong>hunc</strong></span> <span class='ocrx_word' id='word_1_209' title='bbox 929 3308 1086 3358; x_wconf 87' lang='lat' dir='ltr'><strong>Plinii</strong></span> <span class='ocrx_word' id='word_1_210' title='bbox 1117 3311 1288 3360; x_wconf 90' lang='lat' dir='ltr'><strong>locum</strong></span> <span class='ocrx_word' id='word_1_211' title='bbox 1312 3311 1543 3361; x_wconf 89' lang='lat' dir='ltr'><strong>luculen-</strong></span> 
     </span>
     <span class='ocr_line' id='line_1_39' title="bbox 478 3383 1541 3451; baseline 0.009 -22"><span class='ocrx_word' id='word_1_212' title='bbox 478 3390 559 3431; x_wconf 83' lang='lat' dir='ltr'><strong>ter</strong></span> <span class='ocrx_word' id='word_1_213' title='bbox 581 3383 810 3433; x_wconf 85' lang='lat' dir='ltr'><strong>illustrat</strong></span> <span class='ocrx_word' id='word_1_214' title='bbox 834 3384 985 3435; x_wconf 85' lang='lat' dir='ltr'><strong>Gisb.</strong></span> <span class='ocrx_word' id='word_1_215' title='bbox 1011 3386 1205 3451; x_wconf 88' lang='lat' dir='ltr'><strong>Cuper.</strong></span> <span class='ocrx_word' id='word_1_216' title='bbox 1226 3387 1354 3438; x_wconf 87' lang='lat' dir='ltr'><strong>Obs.</strong></span> <span class='ocrx_word' id='word_1_217' title='bbox 1389 3402 1470 3438; x_wconf 78' lang='lat' dir='ltr'><strong>tv.</strong></span> <span class='ocrx_word' id='word_1_218' title='bbox 1491 3393 1541 3440; x_wconf 88' lang='grc'><strong>8.</strong></span> 
     </span>
     <span class='ocr_line' id='line_1_40' title="bbox 476 3457 723 3509; baseline -0.004 -1"><span class='ocrx_word' id='word_1_219' title='bbox 476 3457 723 3509; x_wconf 68' lang='lat' dir='ltr'><strong>Schmun-z.</strong></span> 
     </span>
    </p>

    <p class='ocr_par' dir='ltr' id='par_1_8' title="bbox 474 3535 1544 3755">
     <span class='ocr_line' id='line_1_41' title="bbox 541 3535 1544 3608; baseline 0.008 -24"><span class='ocrx_word' id='word_1_220' title='bbox 541 3535 664 3585; x_wconf 77' lang='lat' dir='ltr'><strong>Sine</strong></span> <span class='ocrx_word' id='word_1_221' title='bbox 697 3537 952 3601; x_wconf 74' lang='lat' dir='ltr'><strong>monitore]</strong></span> <span class='ocrx_word' id='word_1_222' title='bbox 988 3538 1041 3588; x_wconf 88' lang='lat' dir='ltr'>N</span> <span class='ocrx_word' id='word_1_223' title='bbox 1047 3540 1419 3600; x_wconf 87' lang='lat' dir='ltr'><strong>omenclatore,</strong></span> <span class='ocrx_word' id='word_1_224' title='bbox 1454 3544 1544 3608; x_wconf 86' lang='lat' dir='ltr'><strong>qui</strong></span> 
     </span>
     <span class='ocr_line' id='line_1_42' title="bbox 474 3611 1543 3670; baseline 0.007 -8"><span class='ocrx_word' id='word_1_225' title='bbox 474 3611 615 3662; x_wconf 86' lang='lat' dir='ltr'><strong>inter</strong></span> <span class='ocrx_word' id='word_1_226' title='bbox 665 3615 962 3663; x_wconf 84' lang='lat' dir='ltr'><strong>necessaria</strong></span> <span class='ocrx_word' id='word_1_227' title='bbox 1006 3612 1180 3664; x_wconf 86' lang='lat' dir='ltr'><strong>officia</strong></span> <span class='ocrx_word' id='word_1_228' title='bbox 1223 3617 1376 3668; x_wconf 87' lang='lat' dir='ltr'><strong>claris</strong></span> <span class='ocrx_word' id='word_1_229' title='bbox 1410 3620 1543 3670; x_wconf 76' lang='lat' dir='ltr'><strong>olim</strong></span> 
     </span>
     <span class='ocr_line' id='line_1_43' title="bbox 475 3689 1104 3755; baseline 0.005 -18"><span class='ocrx_word' id='word_1_230' title='bbox 475 3689 600 3739; x_wconf 78' lang='lat' dir='ltr'><strong>viris</strong></span> <span class='ocrx_word' id='word_1_231' title='bbox 620 3689 930 3753; x_wconf 84' lang='lat' dir='ltr'><strong>apparebat.</strong></span> <span class='ocrx_word' id='word_1_232' title='bbox 964 3690 1104 3755; x_wconf 82' lang='lat' dir='ltr'><strong>Lips.</strong></span> 
     </span>
    </p>

    <p class='ocr_par' dir='ltr' id='par_1_9' title="bbox 450 3767 1545 4210">
     <span class='ocr_line' id='line_1_44' title="bbox 543 3767 1545 3835; baseline 0.007 -20"><span class='ocrx_word' id='word_1_233' title='bbox 543 3767 777 3832; x_wconf 77' lang='lat' dir='ltr'><strong>Gratum]</strong></span> <span class='ocrx_word' id='word_1_234' title='bbox 815 3767 1073 3818; x_wconf 87' lang='lat' dir='ltr'><strong>Salutatio</strong></span> <span class='ocrx_word' id='word_1_235' title='bbox 1096 3784 1212 3819; x_wconf 88' lang='lat' dir='ltr'><strong>cum</strong></span> <span class='ocrx_word' id='word_1_236' title='bbox 1236 3770 1545 3835; x_wconf 85' lang='lat' dir='ltr'><strong>quibusdam</strong></span> 
     </span>
     <span class='ocr_line' id='line_1_45' title="bbox 456 3840 1545 3910; baseline 0.004 -19"><span class='ocrx_word' id='word_1_237' title='bbox 456 3840 842 3892; x_wconf 80' lang='lat' dir='ltr'><strong>-familiaritatis</strong></span> <span class='ocrx_word' id='word_1_238' title='bbox 888 3844 1027 3894; x_wconf 87' lang='lat' dir='ltr'><strong>notis</strong></span> <span class='ocrx_word' id='word_1_239' title='bbox 1067 3849 1347 3910; x_wconf 90' lang='lat' dir='ltr'><strong>opponitur</strong></span> <span class='ocrx_word' id='word_1_240' title='bbox 1388 3849 1404 3875; x_wconf 89' lang='lat'>‘</span> <span class='ocrx_word' id='word_1_241' title='bbox 1443 3848 1545 3897; x_wconf 88' lang='lat' dir='ltr'><strong>levi</strong></span> 
     </span>
     <span class='ocr_line' id='line_1_46' title="bbox 474 3916 1545 3987; baseline 0.005 -21"><span class='ocrx_word' id='word_1_242' title='bbox 474 3916 550 3967; x_wconf 83' lang='lat' dir='ltr'><strong>illi</strong></span> <span class='ocrx_word' id='word_1_243' title='bbox 579 3919 766 3979; x_wconf 79' lang='lat' dir='ltr'><strong>rigoris</strong></span> <span class='ocrx_word' id='word_1_244' title='bbox 806 3921 1127 3984; x_wconf 86' lang='lat' dir='ltr'><strong>suspicioni‚&#39;</strong></span> <span class='ocrx_word' id='word_1_245' title='bbox 1160 3922 1376 3973; x_wconf 79' lang='lat' dir='ltr'><strong>Sueton-</strong></span> <span class='ocrx_word' id='word_1_246' title='bbox 1405 3922 1545 3987; x_wconf 81' lang='lat' dir='ltr'><strong>Aug.</strong></span> 
     </span>
     <span class='ocr_line' id='line_1_47' title="bbox 476 3996 1545 4061; baseline 0.005 -19"><span class='ocrx_word' id='word_1_247' title='bbox 476 4007 523 4042; x_wconf 87' lang='lat' dir='ltr'><strong>c.</strong></span> <span class='ocrx_word' id='word_1_248' title='bbox 536 3996 619 4042; x_wconf 83' lang='grc'><strong>66.</strong></span> <span class='ocrx_word' id='word_1_249' title='bbox 643 4001 699 4042; x_wconf 93' lang='lat' dir='ltr'><strong>et</strong></span> <span class='ocrx_word' id='word_1_250' title='bbox 722 3999 737 4022; x_wconf 77' lang='lat'><em>⁶</em></span> <span class='ocrx_word' id='word_1_251' title='bbox 755 3996 904 4045; x_wconf 82' lang='lat' dir='ltr'><strong>vultu</strong></span> <span class='ocrx_word' id='word_1_252' title='bbox 922 3998 1086 4047; x_wconf 89' lang='lat' dir='ltr'><strong>miuus</strong></span> <span class='ocrx_word' id='word_1_253' title='bbox 1101 3996 1390 4061; x_wconf 85' lang='lat' dir='ltr'><strong>familiari,&#39;</strong></span> <span class='ocrx_word' id='word_1_254' title='bbox 1409 4000 1545 4049; x_wconf 78' lang='lat' dir='ltr'><strong>Caes.</strong></span> 
     </span>
     <span class='ocr_line' id='line_1_48' title="bbox 456 4072 1545 4138; baseline 0.007 -21"><span class='ocrx_word' id='word_1_255' title='bbox 456 4083 524 4132; x_wconf 55' lang='lat' dir='ltr'><strong>t-</strong></span> <span class='ocrx_word' id='word_1_256' title='bbox 561 4073 644 4118; x_wconf 84' lang='grc'><strong>78.</strong></span> <span class='ocrx_word' id='word_1_257' title='bbox 686 4076 741 4119; x_wconf 89' lang='lat' dir='ltr'><strong>et</strong></span> <span class='ocrx_word' id='word_1_258' title='bbox 778 4072 796 4099; x_wconf 88' lang='lat'>‘</span> <span class='ocrx_word' id='word_1_259' title='bbox 822 4072 943 4122; x_wconf 88' lang='lat' dir='ltr'><strong>limo</strong></span> <span class='ocrx_word' id='word_1_260' title='bbox 982 4073 1300 4138; x_wconf 84' lang='lat' dir='ltr'><strong>adspectui‚’</strong></span> <span class='ocrx_word' id='word_1_261' title='bbox 1333 4076 1545 4125; x_wconf 86' lang='lat' dir='ltr'><strong>Terent.</strong></span> 
     </span>
     <span class='ocr_line' id='line_1_49' title="bbox 450 4145 1170 4210; baseline 0.007 -14"><span class='ocrx_word' id='word_1_262' title='bbox 450 4145 673 4197; x_wconf 48' lang='lat' dir='ltr'><strong>*Graeco</strong></span> <span class='ocrx_word' id='word_1_263' title='bbox 697 4146 980 4210; x_wconf 73' lang='grc' dir='ltr'><strong>ὑποβλεψία.</strong></span> <span class='ocrx_word' id='word_1_264' title='bbox 1018 4150 1170 4200; x_wconf 75' lang='lat' dir='ltr'><strong>Bern-</strong></span> 
     </span>
    </p>
   </div>
   <div class='ocr_carea' id='block_1_8' title="bbox 1174 393 1987 448">
    <p class='ocr_par' dir='ltr' id='par_1_10' title="bbox 1174 393 1987 448">
     <span class='ocr_line' id='line_1_50' title="bbox 1174 393 1987 448; baseline 0.001 -2"><span class='ocrx_word' id='word_1_265' title='bbox 1174 395 1394 447; x_wconf 62' lang='lat' dir='ltr'><strong>1101·AE</strong></span> <span class='ocrx_word' id='word_1_266' title='bbox 1442 395 1486 445; x_wconf 82' lang='lat' dir='ltr'>V</span> <span class='ocrx_word' id='word_1_267' title='bbox 1499 394 1789 448; x_wconf 74' lang='lat' dir='ltr'><strong>Antolw</strong></span> <span class='ocrx_word' id='word_1_268' title='bbox 1802 397 1853 444; x_wconf 73' lang='grc' dir='ltr'><strong><em>Μ</em></strong></span> <span class='ocrx_word' id='word_1_269' title='bbox 1907 393 1987 447; x_wconf 65' lang='grc' dir='ltr'><strong>ΙΝ</strong></span> 
     </span>
    </p>
   </div>
   <div class='ocr_carea' id='block_1_9' title="bbox 1613 539 2693 4218">
    <p class='ocr_par' dir='ltr' id='par_1_11' title="bbox 1613 539 2691 2986">
     <span class='ocr_line' id='line_1_51' title="bbox 1683 539 2685 606; baseline 0.005 -15"><span class='ocrx_word' id='word_1_270' title='bbox 1683 542 1889 592; x_wconf 74' lang='lat' dir='ltr'><strong>Tantum</strong></span> <span class='ocrx_word' id='word_1_271' title='bbox 1932 540 2049 606; x_wconf 79' lang='lat' dir='ltr'><strong>non]</strong></span> <span class='ocrx_word' id='word_1_272' title='bbox 2114 539 2227 592; x_wconf 89' lang='lat' dir='ltr'><strong>Has</strong></span> <span class='ocrx_word' id='word_1_273' title='bbox 2283 539 2413 593; x_wconf 85' lang='lat' dir='ltr'><strong>duas</strong></span> <span class='ocrx_word' id='word_1_274' title='bbox 2468 544 2685 596; x_wconf 68' lang='lat' dir='ltr'><strong>vocale!</strong></span> 
     </span>
     <span class='ocr_line' id='line_1_52' title="bbox 1614 619 2685 682; baseline 0.007 -17"><span class='ocrx_word' id='word_1_275' title='bbox 1614 631 1826 680; x_wconf 86' lang='lat' dir='ltr'><strong>prorsus</strong></span> <span class='ocrx_word' id='word_1_276' title='bbox 1882 619 2138 682; x_wconf 65' lang='lat' dir='ltr'><strong>preteriit</strong></span> <span class='ocrx_word' id='word_1_277' title='bbox 2188 620 2429 669; x_wconf 84' lang='lat' dir='ltr'><strong>librarius</strong></span> <span class='ocrx_word' id='word_1_278' title='bbox 2485 622 2685 672; x_wconf 82' lang='lat' dir='ltr'><strong>codicia</strong></span> 
     </span>
     <span class='ocr_line' id='line_1_53' title="bbox 1613 694 2684 760; baseline 0.003 -16"><span class='ocrx_word' id='word_1_279' title='bbox 1613 694 1940 746; x_wconf 80' lang='lat' dir='ltr'><strong>Parisiensis.</strong></span> <span class='ocrx_word' id='word_1_280' title='bbox 1974 696 2222 746; x_wconf 81' lang='lat' dir='ltr'><strong>vitiosius</strong></span> <span class='ocrx_word' id='word_1_281' title='bbox 2240 696 2404 745; x_wconf 83' lang='lat' dir='ltr'><strong>adhuc</strong></span> <span class='ocrx_word' id='word_1_282' title='bbox 2427 697 2535 746; x_wconf 82' lang='lat' dir='ltr'><strong>sola</strong></span> <span class='ocrx_word' id='word_1_283' title='bbox 2560 711 2684 760; x_wconf 76' lang='lat' dir='ltr'><strong>par-</strong></span> 
     </span>
     <span class='ocr_line' id='line_1_54' title="bbox 1616 773 2684 824; baseline 0 -3"><span class='ocrx_word' id='word_1_284' title='bbox 1616 773 1776 822; x_wconf 86' lang='lat' dir='ltr'><strong>ticula</strong></span> <span class='ocrx_word' id='word_1_285' title='bbox 1800 788 1895 822; x_wconf 74' lang='lat' dir='ltr'><strong>nors</strong></span> <span class='ocrx_word' id='word_1_286' title='bbox 1924 774 2109 823; x_wconf 87' lang='lat' dir='ltr'><strong>omissa</strong></span> <span class='ocrx_word' id='word_1_287' title='bbox 2142 782 2222 823; x_wconf 89' lang='lat' dir='ltr'><strong>est</strong></span> <span class='ocrx_word' id='word_1_288' title='bbox 2254 773 2303 821; x_wconf 92' lang='lat' dir='ltr'><strong>in</strong></span> <span class='ocrx_word' id='word_1_289' title='bbox 2341 774 2453 823; x_wconf 85' lang='lat' dir='ltr'><strong>aliis</strong></span> <span class='ocrx_word' id='word_1_290' title='bbox 2487 774 2684 824; x_wconf 69' lang='lat' dir='ltr'><strong>codici-</strong></span> 
     </span>
     <span class='ocr_line' id='line_1_55' title="bbox 1617 848 2683 901; baseline 0.004 -4"><span class='ocrx_word' id='word_1_291' title='bbox 1617 848 1711 897; x_wconf 85' lang='lat' dir='ltr'><strong>bus</strong></span> <span class='ocrx_word' id='word_1_292' title='bbox 1752 850 1880 899; x_wconf 89' lang='lat' dir='ltr'><strong>Mss.</strong></span> <span class='ocrx_word' id='word_1_293' title='bbox 1928 853 2055 899; x_wconf 87' lang='lat' dir='ltr'><strong>item</strong></span> <span class='ocrx_word' id='word_1_294' title='bbox 2097 857 2154 900; x_wconf 88' lang='lat' dir='ltr'><strong>et</strong></span> <span class='ocrx_word' id='word_1_295' title='bbox 2193 851 2243 900; x_wconf 90' lang='lat' dir='ltr'><strong>in</strong></span> <span class='ocrx_word' id='word_1_296' title='bbox 2285 850 2432 899; x_wconf 89' lang='lat' dir='ltr'><strong>libris</strong></span> <span class='ocrx_word' id='word_1_297' title='bbox 2469 852 2683 901; x_wconf 78' lang='lat' dir='ltr'><strong>excusis</strong></span> 
     </span>
     <span class='ocr_line' id='line_1_56' title="bbox 1616 925 2687 988; baseline 0.003 -14"><span class='ocrx_word' id='word_1_298' title='bbox 1616 925 1912 982; x_wconf 87' lang='lat' dir='ltr'><strong>Puteolani,</strong></span> <span class='ocrx_word' id='word_1_299' title='bbox 1953 926 2216 988; x_wconf 87' lang='lat' dir='ltr'><strong>Beroaldi,</strong></span> <span class='ocrx_word' id='word_1_300' title='bbox 2257 925 2398 982; x_wconf 69' lang='lat' dir='ltr'><strong>Attii,</strong></span> <span class='ocrx_word' id='word_1_301' title='bbox 2443 927 2687 987; x_wconf 81' lang='lat' dir='ltr'><strong>cuspini-</strong></span> 
     </span>
     <span class='ocr_line' id='line_1_57' title="bbox 1616 1002 2686 1064; baseline 0.003 -15"><span class='ocrx_word' id='word_1_302' title='bbox 1616 1002 1718 1058; x_wconf 87' lang='lat' dir='ltr'><strong>ani,</strong></span> <span class='ocrx_word' id='word_1_303' title='bbox 1773 1003 1976 1064; x_wconf 82' lang='lat' dir='ltr'><strong>Juntae,</strong></span> <span class='ocrx_word' id='word_1_304' title='bbox 2045 1002 2354 1058; x_wconf 77' lang='lat' dir='ltr'><strong>Plrilomusi,</strong></span> <span class='ocrx_word' id='word_1_305' title='bbox 2427 1003 2686 1060; x_wconf 81' lang='lat' dir='ltr'><strong>Rhenani,</strong></span> 
     </span>
     <span class='ocr_line' id='line_1_58' title="bbox 1617 1070 2684 1143; baseline 0.006 -18"><span class='ocrx_word' id='word_1_306' title='bbox 1617 1075 1750 1126; x_wconf 91' lang='lat' dir='ltr'><strong>Rob.</strong></span> <span class='ocrx_word' id='word_1_307' title='bbox 1790 1079 2065 1142; x_wconf 79' lang='lat' dir='ltr'><strong>Stephani,</strong></span> <span class='ocrx_word' id='word_1_308' title='bbox 2111 1070 2360 1143; x_wconf 71' lang='lat' dir='ltr'><strong>Grypbi&#39;i,</strong></span> <span class='ocrx_word' id='word_1_309' title='bbox 2417 1078 2684 1131; x_wconf 77' lang='lat' dir='ltr'><strong>Sicbardi.</strong></span> 
     </span>
     <span class='ocr_line' id='line_1_59' title="bbox 1619 1154 2683 1210; baseline 0.008 -8"><span class='ocrx_word' id='word_1_310' title='bbox 1619 1154 1897 1205; x_wconf 77' lang='lat' dir='ltr'><strong>Catanaeus</strong></span> <span class='ocrx_word' id='word_1_311' title='bbox 1922 1156 2163 1208; x_wconf 80' lang='lat' dir='ltr'><strong>exhibuit</strong></span> <span class='ocrx_word' id='word_1_312' title='bbox 2198 1162 2384 1207; x_wconf 74' lang='lat' dir='ltr'><strong>tantum</strong></span> <span class='ocrx_word' id='word_1_313' title='bbox 2417 1172 2545 1210; x_wconf 72' lang='lat' dir='ltr'><strong>nm.</strong></span> <span class='ocrx_word' id='word_1_314' title='bbox 2597 1158 2683 1210; x_wconf 78' lang='lat' dir='ltr'><strong>Lt-</strong></span> 
     </span>
     <span class='ocr_line' id='line_1_60' title="bbox 1619 1231 2686 1295; baseline 0.004 -16"><span class='ocrx_word' id='word_1_315' title='bbox 1619 1231 1818 1295; x_wconf 88' lang='lat' dir='ltr'><strong>vineus,</strong></span> <span class='ocrx_word' id='word_1_316' title='bbox 1841 1238 2025 1283; x_wconf 72' lang='lat' dir='ltr'><strong>tantum</strong></span> <span class='ocrx_word' id='word_1_317' title='bbox 2048 1235 2322 1283; x_wconf 78' lang='lat' dir='ltr'><strong>tum-ultro.</strong></span> <span class='ocrx_word' id='word_1_318' title='bbox 2379 1233 2541 1283; x_wconf 86' lang='lat' dir='ltr'><strong>Henr.</strong></span> <span class='ocrx_word' id='word_1_319' title='bbox 2561 1233 2686 1283; x_wconf 85' lang='lat' dir='ltr'><strong>Ste-</strong></span> 
     </span>
     <span class='ocr_line' id='line_1_61' title="bbox 1618 1309 2687 1374; baseline 0.004 -18"><span class='ocrx_word' id='word_1_320' title='bbox 1618 1309 1816 1372; x_wconf 84' lang='lat' dir='ltr'><strong>phanus</strong></span> <span class='ocrx_word' id='word_1_321' title='bbox 1860 1319 1915 1360; x_wconf 90' lang='lat' dir='ltr'><strong>et</strong></span> <span class='ocrx_word' id='word_1_322' title='bbox 1962 1311 2241 1373; x_wconf 81' lang='lat' dir='ltr'><strong>Gruterus,</strong></span> <span class='ocrx_word' id='word_1_323' title='bbox 2295 1310 2434 1359; x_wconf 89' lang='lat' dir='ltr'><strong>inter</strong></span> <span class='ocrx_word' id='word_1_324' title='bbox 2488 1311 2687 1374; x_wconf 81' lang='lat' dir='ltr'><strong>primos</strong></span> 
     </span>
     <span class='ocr_line' id='line_1_62' title="bbox 1617 1388 2685 1452; baseline 0.003 -17"><span class='ocrx_word' id='word_1_325' title='bbox 1617 1388 1871 1437; x_wconf 82' lang='lat' dir='ltr'><strong>veriorem</strong></span> <span class='ocrx_word' id='word_1_326' title='bbox 1909 1389 2186 1438; x_wconf 86' lang='lat' dir='ltr'><strong>lectionem</strong></span> <span class='ocrx_word' id='word_1_327' title='bbox 2210 1389 2494 1451; x_wconf 83' lang='lat' dir='ltr'><strong>protulere,</strong></span> <span class='ocrx_word' id='word_1_328' title='bbox 2528 1403 2685 1452; x_wconf 84' lang='lat' dir='ltr'><strong>quam</strong></span> 
     </span>
     <span class='ocr_line' id='line_1_63' title="bbox 1618 1461 2687 1526; baseline 0.006 -17"><span class='ocrx_word' id='word_1_329' title='bbox 1618 1461 1868 1526; x_wconf 81' lang='lat' dir='ltr'><strong>deinceps</strong></span> <span class='ocrx_word' id='word_1_330' title='bbox 1907 1464 1989 1512; x_wconf 83' lang='lat' dir='ltr'><strong>alii</strong></span> <span class='ocrx_word' id='word_1_331' title='bbox 2022 1464 2259 1514; x_wconf 84' lang='lat' dir='ltr'><strong>certatim</strong></span> <span class='ocrx_word' id='word_1_332' title='bbox 2294 1464 2519 1526; x_wconf 80' lang='lat' dir='ltr'><strong>amplexi</strong></span> <span class='ocrx_word' id='word_1_333' title='bbox 2542 1470 2687 1518; x_wconf 82' lang='lat' dir='ltr'><strong>sunt.</strong></span> 
     </span>
     <span class='ocr_line' id='line_1_64' title="bbox 1618 1538 2689 1591; baseline 0.003 -4"><span class='ocrx_word' id='word_1_334' title='bbox 1618 1538 1864 1588; x_wconf 89' lang='lat' dir='ltr'><strong>Formula</strong></span> <span class='ocrx_word' id='word_1_335' title='bbox 1886 1550 2057 1591; x_wconf 87' lang='lat' dir='ltr'><strong>autem</strong></span> <span class='ocrx_word' id='word_1_336' title='bbox 2083 1541 2183 1590; x_wconf 87' lang='lat' dir='ltr'><strong>ista</strong></span> <span class='ocrx_word' id='word_1_337' title='bbox 2203 1544 2391 1590; x_wconf 75' lang='lat' dir='ltr'><strong>tantum</strong></span> <span class='ocrx_word' id='word_1_338' title='bbox 2403 1555 2502 1590; x_wconf 68' lang='lat' dir='ltr'><strong>nort</strong></span> <span class='ocrx_word' id='word_1_339' title='bbox 2520 1541 2689 1591; x_wconf 72' lang='lat' dir='ltr'><strong>Plini-</strong></span> 
     </span>
     <span class='ocr_line' id='line_1_65' title="bbox 1618 1615 2689 1681; baseline 0.004 -19"><span class='ocrx_word' id='word_1_340' title='bbox 1618 1628 1718 1663; x_wconf 86' lang='lat' dir='ltr'><strong>ano</strong></span> <span class='ocrx_word' id='word_1_341' title='bbox 1737 1629 1849 1664; x_wconf 78' lang='lat' dir='ltr'><strong>aevo</strong></span> <span class='ocrx_word' id='word_1_342' title='bbox 1874 1630 2119 1681; x_wconf 86' lang='lat' dir='ltr'><strong>perquam</strong></span> <span class='ocrx_word' id='word_1_343' title='bbox 2136 1616 2365 1672; x_wconf 69' lang='lat' dir='ltr'><strong>usitata,</strong></span> <span class='ocrx_word' id='word_1_344' title='bbox 2386 1615 2519 1664; x_wconf 88' lang='lat' dir='ltr'><strong>idem</strong></span> <span class='ocrx_word' id='word_1_345' title='bbox 2543 1617 2689 1677; x_wconf 75' lang='lat' dir='ltr'><strong>valet</strong></span> 
     </span>
     <span class='ocr_line' id='line_1_66' title="bbox 1619 1690 2690 1756; baseline -0.001 -15"><span class='ocrx_word' id='word_1_346' title='bbox 1619 1706 1681 1741; x_wconf 88' lang='lat' dir='ltr'><strong>ac</strong></span> <span class='ocrx_word' id='word_1_347' title='bbox 1705 1698 1721 1721; x_wconf 79' lang='lat'><strong><em>⁴</em></strong></span> <span class='ocrx_word' id='word_1_348' title='bbox 1745 1692 2162 1756; x_wconf 88' lang='lat' dir='ltr'><strong>propemodum,&#39;</strong></span> <span class='ocrx_word' id='word_1_349' title='bbox 2190 1696 2205 1722; x_wconf 77' lang='lat'>⁴</span> <span class='ocrx_word' id='word_1_350' title='bbox 2232 1690 2437 1747; x_wconf 86' lang='lat' dir='ltr'><strong>ferme.&#39;</strong></span> <span class='ocrx_word' id='word_1_351' title='bbox 2459 1699 2474 1721; x_wconf 87' lang='lat'><em>‘</em></span> <span class='ocrx_word' id='word_1_352' title='bbox 2499 1690 2690 1755; x_wconf 62' lang='lat' dir='ltr'><strong>paenez&#39;</strong></span> 
     </span>
     <span class='ocr_line' id='line_1_67' title="bbox 1620 1766 2688 1832; baseline 0.003 -16"><span class='ocrx_word' id='word_1_353' title='bbox 1620 1766 1830 1829; x_wconf 57' lang='grc' dir='ltr'><strong>(ἴητε,</strong></span> <span class='ocrx_word' id='word_1_354' title='bbox 1861 1766 2009 1829; x_wconf 77' lang='grc' dir='ltr'><strong><em>μόνον</em></strong></span> <span class='ocrx_word' id='word_1_355' title='bbox 2041 1768 2114 1827; x_wconf 75' lang='grc' dir='ltr'><strong>οὐ,</strong></span> <span class='ocrx_word' id='word_1_356' title='bbox 2145 1768 2415 1830; x_wconf 74' lang='grc' dir='ltr'><strong>μονονουχί.</strong></span> <span class='ocrx_word' id='word_1_357' title='bbox 2481 1768 2571 1832; x_wconf 76' lang='lat' dir='ltr'><strong>Sic</strong></span> <span class='ocrx_word' id='word_1_358' title='bbox 2608 1768 2688 1819; x_wconf 75' lang='lat' dir='ltr'><strong>lo-</strong></span> 
     </span>
     <span class='ocr_line' id='line_1_68' title="bbox 1620 1843 2688 1909; baseline 0.004 -17"><span class='ocrx_word' id='word_1_359' title='bbox 1620 1843 1796 1909; x_wconf 88' lang='lat' dir='ltr'><strong>quitur</strong></span> <span class='ocrx_word' id='word_1_360' title='bbox 1812 1846 2068 1898; x_wconf 85' lang='lat' dir='ltr'><strong>Quinctil.</strong></span> <span class='ocrx_word' id='word_1_361' title='bbox 2088 1847 2324 1897; x_wconf 88' lang='lat' dir='ltr'><strong>Declam.</strong></span> <span class='ocrx_word' id='word_1_362' title='bbox 2339 1858 2427 1895; x_wconf 84' lang='grc' dir='ltr'><strong>ιιι.</strong></span> <span class='ocrx_word' id='word_1_363' title='bbox 2443 1850 2493 1897; x_wconf 85' lang='grc'><strong>7.</strong></span> <span class='ocrx_word' id='word_1_364' title='bbox 2514 1847 2530 1874; x_wconf 90' lang='lat'>‘</span> <span class='ocrx_word' id='word_1_365' title='bbox 2547 1845 2688 1896; x_wconf 60' lang='lat' dir='ltr'><strong>Tan*-</strong></span> 
     </span>
     <span class='ocr_line' id='line_1_69' title="bbox 1620 1922 2691 1974; baseline 0.004 -5"><span class='ocrx_word' id='word_1_366' title='bbox 1620 1929 1729 1970; x_wconf 89' lang='lat' dir='ltr'><strong>tum</strong></span> <span class='ocrx_word' id='word_1_367' title='bbox 1754 1936 1855 1970; x_wconf 90' lang='lat' dir='ltr'><strong>non</strong></span> <span class='ocrx_word' id='word_1_368' title='bbox 1880 1922 2119 1972; x_wconf 88' lang='lat' dir='ltr'><strong>ardorem</strong></span> <span class='ocrx_word' id='word_1_369' title='bbox 2142 1923 2386 1972; x_wconf 88' lang='lat' dir='ltr'><strong>luminum</strong></span> <span class='ocrx_word' id='word_1_370' title='bbox 2413 1930 2536 1974; x_wconf 83' lang='lat' dir='ltr'><strong>ante</strong></span> <span class='ocrx_word' id='word_1_371' title='bbox 2558 1929 2691 1973; x_wconf 74' lang='lat' dir='ltr'><strong>ocn-</strong></span> 
     </span>
     <span class='ocr_line' id='line_1_70' title="bbox 1618 1996 2688 2064; baseline 0.004 -18"><span class='ocrx_word' id='word_1_372' title='bbox 1618 1996 1696 2047; x_wconf 88' lang='lat' dir='ltr'><strong>los</strong></span> <span class='ocrx_word' id='word_1_373' title='bbox 1738 1997 1961 2049; x_wconf 87' lang='lat' dir='ltr'><strong>dicendo</strong></span> <span class='ocrx_word' id='word_1_374' title='bbox 2006 2000 2323 2064; x_wconf 61' lang='lat' dir='ltr'><strong>posuerunt?</strong></span> <span class='ocrx_word' id='word_1_375' title='bbox 2375 2000 2524 2050; x_wconf 88' lang='lat' dir='ltr'><strong>Idem</strong></span> <span class='ocrx_word' id='word_1_376' title='bbox 2573 2002 2688 2050; x_wconf 81' lang='lat' dir='ltr'><strong>De·-</strong></span> 
     </span>
     <span class='ocr_line' id='line_1_71' title="bbox 1620 2074 2689 2140; baseline 0.004 -15"><span class='ocrx_word' id='word_1_377' title='bbox 1620 2074 1774 2126; x_wconf 84' lang='lat' dir='ltr'><strong>clam.</strong></span> <span class='ocrx_word' id='word_1_378' title='bbox 1799 2089 1877 2126; x_wconf 85' lang='lat' dir='ltr'><strong>vr.</strong></span> <span class='ocrx_word' id='word_1_379' title='bbox 1895 2081 1945 2127; x_wconf 84' lang='grc'><strong>7.</strong></span> <span class='ocrx_word' id='word_1_380' title='bbox 1970 2080 1985 2106; x_wconf 74' lang='lat'><em>⁶</em></span> <span class='ocrx_word' id='word_1_381' title='bbox 2004 2078 2267 2140; x_wconf 88' lang='lat' dir='ltr'><strong>Prospero</strong></span> <span class='ocrx_word' id='word_1_382' title='bbox 2284 2091 2439 2128; x_wconf 86' lang='lat' dir='ltr'><strong>cursu</strong></span> <span class='ocrx_word' id='word_1_383' title='bbox 2457 2077 2689 2129; x_wconf 79' lang='lat' dir='ltr'><strong>cadaver</strong></span> 
     </span>
     <span class='ocr_line' id='line_1_72' title="bbox 1620 2154 2688 2226; baseline 0.001 -23"><span class='ocrx_word' id='word_1_384' title='bbox 1620 2160 1820 2203; x_wconf 87' lang='lat' dir='ltr'><strong>tantum</strong></span> <span class='ocrx_word' id='word_1_385' title='bbox 1851 2168 1954 2203; x_wconf 89' lang='lat' dir='ltr'><strong>non</strong></span> <span class='ocrx_word' id='word_1_386' title='bbox 1983 2154 2050 2204; x_wconf 85' lang='lat' dir='ltr'><strong>ad</strong></span> <span class='ocrx_word' id='word_1_387' title='bbox 2081 2154 2197 2219; x_wconf 88' lang='lat' dir='ltr'><strong>ipsa</strong></span> <span class='ocrx_word' id='word_1_388' title='bbox 2228 2154 2488 2226; x_wconf 68' lang='lat' dir='ltr'><strong>majorum⁸</strong></span> <span class='ocrx_word' id='word_1_389' title='bbox 2509 2154 2688 2217; x_wconf 72' lang='lat' dir='ltr'><strong>sepul-</strong></span> 
     </span>
     <span class='ocr_line' id='line_1_73' title="bbox 1619 2230 2688 2293; baseline 0.001 -13"><span class='ocrx_word' id='word_1_390' title='bbox 1619 2244 1710 2280; x_wconf 88' lang='lat' dir='ltr'><strong>cra</strong></span> <span class='ocrx_word' id='word_1_391' title='bbox 1749 2231 2046 2293; x_wconf 88' lang='lat' dir='ltr'><strong>depositum</strong></span> <span class='ocrx_word' id='word_1_392' title='bbox 2086 2230 2206 2281; x_wconf 85' lang='lat' dir='ltr'><strong>est.’</strong></span> <span class='ocrx_word' id='word_1_393' title='bbox 2260 2231 2409 2281; x_wconf 89' lang='lat' dir='ltr'><strong>Idem</strong></span> <span class='ocrx_word' id='word_1_394' title='bbox 2447 2232 2688 2283; x_wconf 86' lang='lat' dir='ltr'><strong>Declam.</strong></span> 
     </span>
     <span class='ocr_line' id='line_1_74' title="bbox 1620 2307 2688 2360; baseline 0.003 -3"><span class='ocrx_word' id='word_1_395' title='bbox 1620 2320 1867 2358; x_wconf 72' lang='lat' dir='ltr'><strong>ccxnvu.</strong></span> <span class='ocrx_word' id='word_1_396' title='bbox 1916 2307 1933 2335; x_wconf 88' lang='lat'>‘</span> <span class='ocrx_word' id='word_1_397' title='bbox 1968 2309 2088 2359; x_wconf 85' lang='lat' dir='ltr'><strong>Hoc</strong></span> <span class='ocrx_word' id='word_1_398' title='bbox 2144 2315 2346 2359; x_wconf 90' lang='lat' dir='ltr'><strong>tantum</strong></span> <span class='ocrx_word' id='word_1_399' title='bbox 2403 2323 2505 2358; x_wconf 86' lang='lat' dir='ltr'><strong>non</strong></span> <span class='ocrx_word' id='word_1_400' title='bbox 2559 2309 2688 2360; x_wconf 84' lang='lat' dir='ltr'><strong>satis</strong></span> 
     </span>
     <span class='ocr_line' id='line_1_75' title="bbox 1621 2384 2689 2450; baseline 0.003 -18"><span class='ocrx_word' id='word_1_401' title='bbox 1621 2392 1754 2446; x_wconf 88' lang='lat' dir='ltr'><strong>erat,</strong></span> <span class='ocrx_word' id='word_1_402' title='bbox 1780 2384 2011 2450; x_wconf 87' lang='lat' dir='ltr'><strong>judices,</strong></span> <span class='ocrx_word' id='word_1_403' title='bbox 2036 2385 2077 2434; x_wconf 87' lang='lat' dir='ltr'><strong>si</strong></span> <span class='ocrx_word' id='word_1_404' title='bbox 2101 2386 2330 2435; x_wconf 88' lang='lat' dir='ltr'><strong>dicerem</strong></span> <span class='ocrx_word' id='word_1_405' title='bbox 2351 2401 2364 2435; x_wconf 73' lang='grc' dir='ltr'><strong>ε</strong></span> <span class='ocrx_word' id='word_1_406' title='bbox 2402 2400 2502 2434; x_wconf 87' lang='lat' dir='ltr'><strong>non</strong></span> <span class='ocrx_word' id='word_1_407' title='bbox 2527 2400 2689 2450; x_wconf 71' lang='lat' dir='ltr'><strong>nega·</strong></span> 
     </span>
     <span class='ocr_line' id='line_1_76' title="bbox 1621 2459 2689 2528; baseline 0.004 -20"><span class='ocrx_word' id='word_1_408' title='bbox 1621 2459 1734 2510; x_wconf 86' lang='lat' dir='ltr'><strong>vit.&#39;</strong></span> <span class='ocrx_word' id='word_1_409' title='bbox 1798 2462 2127 2525; x_wconf 78' lang='lat' dir='ltr'><strong>supersedeo</strong></span> <span class='ocrx_word' id='word_1_410' title='bbox 2150 2462 2338 2512; x_wconf 87' lang='lat' dir='ltr'><strong>similia</strong></span> <span class='ocrx_word' id='word_1_411' title='bbox 2361 2464 2595 2528; x_wconf 85' lang='lat' dir='ltr'><strong>exempla</strong></span> <span class='ocrx_word' id='word_1_412' title='bbox 2618 2475 2689 2513; x_wconf 83' lang='lat' dir='ltr'><strong>ex</strong></span> 
     </span>
     <span class='ocr_line' id='line_1_77' title="bbox 1621 2538 2690 2606; baseline 0.005 -20"><span class='ocrx_word' id='word_1_413' title='bbox 1621 2538 1833 2587; x_wconf 89' lang='lat' dir='ltr'><strong>Valerio</strong></span> <span class='ocrx_word' id='word_1_414' title='bbox 1871 2539 2124 2603; x_wconf 85' lang='lat' dir='ltr'><strong>Maximo,</strong></span> <span class='ocrx_word' id='word_1_415' title='bbox 2160 2539 2381 2596; x_wconf 83' lang='lat' dir='ltr'><strong>Seneca,</strong></span> <span class='ocrx_word' id='word_1_416' title='bbox 2418 2540 2690 2606; x_wconf 80' lang='lat' dir='ltr'><strong>Suetonio,</strong></span> 
     </span>
     <span class='ocr_line' id='line_1_78' title="bbox 1620 2615 2691 2680; baseline 0.003 -15"><span class='ocrx_word' id='word_1_417' title='bbox 1620 2621 1675 2665; x_wconf 88' lang='lat' dir='ltr'><strong>et</strong></span> <span class='ocrx_word' id='word_1_418' title='bbox 1711 2616 1845 2678; x_wconf 85' lang='lat' dir='ltr'><strong>aliis,</strong></span> <span class='ocrx_word' id='word_1_419' title='bbox 1880 2625 2142 2680; x_wconf 80' lang='lat' dir='ltr'><strong>repetere.</strong></span> <span class='ocrx_word' id='word_1_420' title='bbox 2212 2617 2319 2666; x_wconf 89' lang='lat' dir='ltr'><strong>Pro</strong></span> <span class='ocrx_word' id='word_1_421' title='bbox 2342 2617 2436 2667; x_wconf 85' lang='lat' dir='ltr'><strong>bac</strong></span> <span class='ocrx_word' id='word_1_422' title='bbox 2464 2615 2691 2668; x_wconf 84' lang='lat' dir='ltr'><strong>formula</strong></span> 
     </span>
     <span class='ocr_line' id='line_1_79' title="bbox 1619 2692 2688 2757; baseline 0.003 -17"><span class='ocrx_word' id='word_1_423' title='bbox 1619 2698 1862 2742; x_wconf 85' lang='lat' dir='ltr'><strong>auctores</strong></span> <span class='ocrx_word' id='word_1_424' title='bbox 1926 2692 2083 2741; x_wconf 89' lang='lat' dir='ltr'><strong>etiam</strong></span> <span class='ocrx_word' id='word_1_425' title='bbox 2146 2692 2422 2757; x_wconf 83' lang='lat' dir='ltr'><strong>aliqnando</strong></span> <span class='ocrx_word' id='word_1_426' title='bbox 2482 2692 2688 2756; x_wconf 81' lang='lat' dir='ltr'><strong>dixere,</strong></span> 
     </span>
     <span class='ocr_line' id='line_1_80' title="bbox 1619 2768 2691 2833; baseline 0 -16"><span class='ocrx_word' id='word_1_427' title='bbox 1619 2775 1634 2798; x_wconf 78' lang='lat'><em>⁶</em></span> <span class='ocrx_word' id='word_1_428' title='bbox 1660 2769 1812 2819; x_wconf 91' lang='lat' dir='ltr'><strong>modo</strong></span> <span class='ocrx_word' id='word_1_429' title='bbox 1837 2775 1937 2818; x_wconf 86' lang='lat' dir='ltr'><strong>non</strong></span> <span class='ocrx_word' id='word_1_430' title='bbox 1956 2768 1990 2830; x_wconf 71' lang='grc' dir='ltr'><strong>ς’</strong></span> <span class='ocrx_word' id='word_1_431' title='bbox 2024 2784 2072 2818; x_wconf 82' lang='lat' dir='ltr'><strong>v.</strong></span> <span class='ocrx_word' id='word_1_432' title='bbox 2098 2784 2150 2833; x_wconf 85' lang='lat' dir='ltr'><strong>g.</strong></span> <span class='ocrx_word' id='word_1_433' title='bbox 2169 2770 2384 2820; x_wconf 85' lang='lat' dir='ltr'><strong>Terent.</strong></span> <span class='ocrx_word' id='word_1_434' title='bbox 2408 2770 2620 2820; x_wconf 83' lang='lat' dir='ltr'><strong>Phorm.</strong></span> <span class='ocrx_word' id='word_1_435' title='bbox 2645 2784 2691 2826; x_wconf 76' lang='grc' dir='ltr'><strong>ι.</strong></span> 
     </span>
     <span class='ocr_line' id='line_1_81' title="bbox 1618 2846 2690 2910; baseline 0.002 -14"><span class='ocrx_word' id='word_1_436' title='bbox 1618 2850 1668 2896; x_wconf 85' lang='grc'><strong>2.</strong></span> <span class='ocrx_word' id='word_1_437' title='bbox 1692 2850 1769 2895; x_wconf 84' lang='grc'><strong>18.</strong></span> <span class='ocrx_word' id='word_1_438' title='bbox 1803 2847 1820 2873; x_wconf 89' lang='lat'>‘</span> <span class='ocrx_word' id='word_1_439' title='bbox 1845 2846 1899 2896; x_wconf 89' lang='lat' dir='ltr'><strong>Is</strong></span> <span class='ocrx_word' id='word_1_440' title='bbox 1925 2861 2101 2895; x_wconf 89' lang='lat' dir='ltr'><strong>senem</strong></span> <span class='ocrx_word' id='word_1_441' title='bbox 2141 2846 2378 2910; x_wconf 79' lang='lat' dir='ltr'><strong>pellexit,</strong></span> <span class='ocrx_word' id='word_1_442' title='bbox 2402 2847 2558 2897; x_wconf 89' lang='lat' dir='ltr'><strong>modo</strong></span> <span class='ocrx_word' id='word_1_443' title='bbox 2581 2859 2690 2900; x_wconf 81' lang='lat' dir='ltr'><strong>non</strong></span> 
     </span>
     <span class='ocr_line' id='line_1_82' title="bbox 1620 2922 2551 2986; baseline -0.001 -13"><span class='ocrx_word' id='word_1_444' title='bbox 1620 2930 1823 2974; x_wconf 75' lang='lat' dir='ltr'><strong>menites</strong></span> <span class='ocrx_word' id='word_1_445' title='bbox 1847 2924 1956 2974; x_wconf 88' lang='lat' dir='ltr'><strong>auri</strong></span> <span class='ocrx_word' id='word_1_446' title='bbox 1984 2922 2276 2986; x_wconf 67' lang='lat' dir='ltr'><strong>pollicitus!</strong></span> <span class='ocrx_word' id='word_1_447' title='bbox 2309 2923 2551 2974; x_wconf 64' lang='lat' dir='ltr'><strong>Schmun-z.</strong></span> 
     </span>
    </p>

    <p class='ocr_par' dir='ltr' id='par_1_12' title="bbox 1618 2999 2693 4218">
     <span class='ocr_line' id='line_1_83' title="bbox 1685 2999 2690 3063; baseline 0.003 -14"><span class='ocrx_word' id='word_1_448' title='bbox 1685 3000 2061 3049; x_wconf 79' lang='lat' dir='ltr'><strong>Familiaritatis</strong></span> <span class='ocrx_word' id='word_1_449' title='bbox 2082 2999 2244 3063; x_wconf 80' lang='lat' dir='ltr'><strong>notas]</strong></span> <span class='ocrx_word' id='word_1_450' title='bbox 2280 3000 2509 3050; x_wconf 89' lang='lat' dir='ltr'><strong>Omnino</strong></span> <span class='ocrx_word' id='word_1_451' title='bbox 2544 3000 2690 3052; x_wconf 70' lang='lat' dir='ltr'><strong>varta</strong></span> 
     </span>
     <span class='ocr_line' id='line_1_84' title="bbox 1618 3075 2689 3144; baseline 0.001 -19"><span class='ocrx_word' id='word_1_452' title='bbox 1618 3090 1730 3125; x_wconf 87' lang='lat' dir='ltr'><strong>esse</strong></span> <span class='ocrx_word' id='word_1_453' title='bbox 1755 3084 1970 3139; x_wconf 83' lang='lat' dir='ltr'><strong>possunt</strong></span> <span class='ocrx_word' id='word_1_454' title='bbox 1988 3075 2360 3126; x_wconf 83' lang='lat' dir='ltr'><strong>familiaritatis</strong></span> <span class='ocrx_word' id='word_1_455' title='bbox 2382 3084 2437 3144; x_wconf 75' lang='lat' dir='ltr'><strong>et</strong></span> <span class='ocrx_word' id='word_1_456' title='bbox 2461 3077 2689 3127; x_wconf 81' lang='lat' dir='ltr'><strong>benevo-</strong></span> 
     </span>
     <span class='ocr_line' id='line_1_85' title="bbox 1619 3150 2688 3217; baseline 0.005 -19"><span class='ocrx_word' id='word_1_457' title='bbox 1619 3150 1792 3201; x_wconf 82' lang='lat' dir='ltr'><strong>lentiae</strong></span> <span class='ocrx_word' id='word_1_458' title='bbox 1838 3153 2004 3217; x_wconf 87' lang='lat' dir='ltr'><strong>signa,</strong></span> <span class='ocrx_word' id='word_1_459' title='bbox 2044 3167 2161 3217; x_wconf 82' lang='lat' dir='ltr'><strong>quae</strong></span> <span class='ocrx_word' id='word_1_460' title='bbox 2205 3152 2483 3217; x_wconf 85' lang='lat' dir='ltr'><strong>aliqnando</strong></span> <span class='ocrx_word' id='word_1_461' title='bbox 2523 3154 2688 3204; x_wconf 81' lang='lat' dir='ltr'><strong>etiam</strong></span> 
     </span>
     <span class='ocr_line' id='line_1_86' title="bbox 1618 3227 2689 3290; baseline 0.003 -14"><span class='ocrx_word' id='word_1_462' title='bbox 1618 3227 1810 3290; x_wconf 79' lang='lat' dir='ltr'><strong>fronte,</strong></span> <span class='ocrx_word' id='word_1_463' title='bbox 1836 3243 1895 3278; x_wconf 90' lang='lat' dir='ltr'><strong>ac</strong></span> <span class='ocrx_word' id='word_1_464' title='bbox 1919 3230 2083 3286; x_wconf 82' lang='lat' dir='ltr'><strong>vultu,</strong></span> <span class='ocrx_word' id='word_1_465' title='bbox 2110 3236 2164 3277; x_wconf 90' lang='lat' dir='ltr'><strong>et</strong></span> <span class='ocrx_word' id='word_1_466' title='bbox 2189 3237 2319 3278; x_wconf 88' lang='lat' dir='ltr'><strong>nutu</strong></span> <span class='ocrx_word' id='word_1_467' title='bbox 2343 3231 2689 3279; x_wconf 80' lang='lat' dir='ltr'><strong>declarantur.</strong></span> 
     </span>
     <span class='ocr_line' id='line_1_87' title="bbox 1618 3307 2690 3372; baseline 0.001 -16"><span class='ocrx_word' id='word_1_468' title='bbox 1618 3307 1772 3356; x_wconf 86' lang='lat' dir='ltr'><strong>Unde</strong></span> <span class='ocrx_word' id='word_1_469' title='bbox 1795 3308 2126 3372; x_wconf 65' lang='lat' dir='ltr'><strong>suh-Caesar,</strong></span> <span class='ocrx_word' id='word_1_470' title='bbox 2153 3308 2296 3372; x_wconf 84' lang='lat' dir='ltr'><strong>apud</strong></span> <span class='ocrx_word' id='word_1_471' title='bbox 2329 3308 2544 3358; x_wconf 78' lang='lat' dir='ltr'><strong>Sueton-</strong></span> <span class='ocrx_word' id='word_1_472' title='bbox 2567 3322 2690 3372; x_wconf 84' lang='lat' dir='ltr'><strong>cap.</strong></span> 
     </span>
     <span class='ocr_line' id='line_1_88' title="bbox 1618 3386 2688 3437; baseline -0.001 0"><span class='ocrx_word' id='word_1_473' title='bbox 1618 3389 1701 3437; x_wconf 85' lang='grc'><strong>78.</strong></span> <span class='ocrx_word' id='word_1_474' title='bbox 1726 3386 1917 3436; x_wconf 89' lang='lat' dir='ltr'><strong>dicitur</strong></span> <span class='ocrx_word' id='word_1_475' title='bbox 1945 3393 1963 3416; x_wconf 71' lang='lat'>¹</span> <span class='ocrx_word' id='word_1_476' title='bbox 1989 3387 2353 3437; x_wconf 84' lang='lat' dir='ltr'><strong>admonentem</strong></span> <span class='ocrx_word' id='word_1_477' title='bbox 2384 3386 2688 3436; x_wconf 73' lang='lat' dir='ltr'><strong>Trebatiun</strong></span> 
     </span>
     <span class='ocr_line' id='line_1_89' title="bbox 1619 3461 2693 3527; baseline 0.002 -14"><span class='ocrx_word' id='word_1_478' title='bbox 1619 3463 1790 3514; x_wconf 89' lang='lat' dir='ltr'><strong>minus</strong></span> <span class='ocrx_word' id='word_1_479' title='bbox 1846 3463 2091 3514; x_wconf 79' lang='lat' dir='ltr'><strong>familiari</strong></span> <span class='ocrx_word' id='word_1_480' title='bbox 2145 3464 2292 3513; x_wconf 84' lang='lat' dir='ltr'><strong>vultu</strong></span> <span class='ocrx_word' id='word_1_481' title='bbox 2359 3461 2693 3527; x_wconf 66' lang='lat' dir='ltr'><strong>respexisse!</strong></span> 
     </span>
     <span class='ocr_line' id='line_1_90' title="bbox 1621 3539 2690 3606; baseline 0.002 -17"><span class='ocrx_word' id='word_1_482' title='bbox 1621 3539 1745 3589; x_wconf 82' lang='lat' dir='ltr'><strong>Huc</strong></span> <span class='ocrx_word' id='word_1_483' title='bbox 1763 3554 1961 3606; x_wconf 86' lang='lat' dir='ltr'><strong>quoque</strong></span> <span class='ocrx_word' id='word_1_484' title='bbox 1984 3541 2211 3603; x_wconf 86' lang='lat' dir='ltr'><strong>pertinet</strong></span> <span class='ocrx_word' id='word_1_485' title='bbox 2226 3554 2372 3590; x_wconf 86' lang='lat' dir='ltr'><strong>come</strong></span> <span class='ocrx_word' id='word_1_486' title='bbox 2384 3539 2690 3605; x_wconf 85' lang='lat' dir='ltr'><strong>alloquium,</strong></span> 
     </span>
     <span class='ocr_line' id='line_1_91' title="bbox 1620 3614 2690 3680; baseline -0.002 -14"><span class='ocrx_word' id='word_1_487' title='bbox 1620 3623 1677 3666; x_wconf 87' lang='lat' dir='ltr'><strong>et</strong></span> <span class='ocrx_word' id='word_1_488' title='bbox 1712 3617 2061 3680; x_wconf 82' lang='lat' dir='ltr'><strong>apprehensio</strong></span> <span class='ocrx_word' id='word_1_489' title='bbox 2097 3630 2296 3671; x_wconf 87' lang='lat' dir='ltr'><strong>manus,</strong></span> <span class='ocrx_word' id='word_1_490' title='bbox 2342 3622 2398 3665; x_wconf 86' lang='lat' dir='ltr'><strong>et</strong></span> <span class='ocrx_word' id='word_1_491' title='bbox 2435 3616 2535 3665; x_wconf 91' lang='lat' dir='ltr'><strong>alia</strong></span> <span class='ocrx_word' id='word_1_492' title='bbox 2572 3614 2690 3679; x_wconf 74' lang='lat' dir='ltr'><strong>ejus</strong></span> 
     </span>
     <span class='ocr_line' id='line_1_92' title="bbox 1619 3691 2687 3757; baseline 0.003 -16"><span class='ocrx_word' id='word_1_493' title='bbox 1619 3694 1823 3756; x_wconf 81' lang='lat' dir='ltr'><strong>generis</strong></span> <span class='ocrx_word' id='word_1_494' title='bbox 1883 3693 2050 3757; x_wconf 80' lang='lat' dir='ltr'><strong>signa.</strong></span> <span class='ocrx_word' id='word_1_495' title='bbox 2134 3694 2222 3743; x_wconf 85' lang='lat' dir='ltr'><strong>Sic</strong></span> <span class='ocrx_word' id='word_1_496' title='bbox 2275 3691 2417 3756; x_wconf 84' lang='lat' dir='ltr'><strong>apud</strong></span> <span class='ocrx_word' id='word_1_497' title='bbox 2470 3694 2687 3748; x_wconf 82' lang='lat' dir='ltr'><strong>Terent.</strong></span> 
     </span>
     <span class='ocr_line' id='line_1_93' title="bbox 1620 3767 2688 3835; baseline 0.003 -16"><span class='ocrx_word' id='word_1_498' title='bbox 1620 3767 1849 3834; x_wconf 76' lang='lat' dir='ltr'><strong>Aueiph.</strong></span> <span class='ocrx_word' id='word_1_499' title='bbox 1888 3783 1941 3820; x_wconf 88' lang='lat' dir='ltr'><strong>v.</strong></span> <span class='ocrx_word' id='word_1_500' title='bbox 1977 3775 2027 3819; x_wconf 80' lang='lat'><strong>6.</strong></span> <span class='ocrx_word' id='word_1_501' title='bbox 2055 3773 2105 3819; x_wconf 74' lang='lat'><strong>2.</strong></span> <span class='ocrx_word' id='word_1_502' title='bbox 2156 3785 2274 3819; x_wconf 88' lang='lat' dir='ltr'><strong>cum</strong></span> <span class='ocrx_word' id='word_1_503' title='bbox 2306 3770 2509 3820; x_wconf 90' lang='lat' dir='ltr'><strong>Demea</strong></span> <span class='ocrx_word' id='word_1_504' title='bbox 2549 3771 2688 3835; x_wconf 80' lang='lat' dir='ltr'><strong>Syro</strong></span> 
     </span>
     <span class='ocr_line' id='line_1_94' title="bbox 1621 3846 2690 3903; baseline 0.003 -7"><span class='ocrx_word' id='word_1_505' title='bbox 1621 3846 1844 3897; x_wconf 87' lang='lat' dir='ltr'><strong>blandiri</strong></span> <span class='ocrx_word' id='word_1_506' title='bbox 1869 3846 2066 3903; x_wconf 78' lang='lat' dir='ltr'><strong>-vellet,</strong></span> <span class='ocrx_word' id='word_1_507' title='bbox 2107 3846 2413 3897; x_wconf 79' lang='lat' dir='ltr'><strong>familiarius</strong></span> <span class='ocrx_word' id='word_1_508' title='bbox 2453 3862 2573 3898; x_wconf 86' lang='lat' dir='ltr'><strong>enm</strong></span> <span class='ocrx_word' id='word_1_509' title='bbox 2612 3848 2690 3899; x_wconf 79' lang='lat' dir='ltr'><strong>ita.</strong></span> 
     </span>
     <span class='ocr_line' id='line_1_95' title="bbox 1620 3922 2653 3988; baseline 0.002 -15"><span class='ocrx_word' id='word_1_510' title='bbox 1620 3923 1901 3974; x_wconf 73' lang='lat' dir='ltr'><strong>salutavitz</strong></span> <span class='ocrx_word' id='word_1_511' title='bbox 1958 3922 1974 3950; x_wconf 87' lang='lat'>‘</span> <span class='ocrx_word' id='word_1_512' title='bbox 1999 3923 2047 3973; x_wconf 94' lang='grc' dir='ltr'><strong>Ο</strong></span> <span class='ocrx_word' id='word_1_513' title='bbox 2088 3922 2220 3988; x_wconf 75' lang='lat' dir='ltr'><strong>Syre</strong></span> <span class='ocrx_word' id='word_1_514' title='bbox 2263 3932 2461 3987; x_wconf 87' lang='lat' dir='ltr'><strong>noster,</strong></span> <span class='ocrx_word' id='word_1_515' title='bbox 2505 3925 2653 3976; x_wconf 77' lang='lat' dir='ltr'><strong>salve</strong></span> 
     </span>
     <span class='ocr_line' id='line_1_96' title="bbox 1620 3998 2688 4064; baseline 0.003 -15"><span class='ocrx_word' id='word_1_516' title='bbox 1620 4001 1744 4064; x_wconf 89' lang='lat' dir='ltr'><strong>quid</strong></span> <span class='ocrx_word' id='word_1_517' title='bbox 1767 3999 1860 4050; x_wconf 77' lang='lat' dir='ltr'><strong>fit?</strong></span> <span class='ocrx_word' id='word_1_518' title='bbox 1896 3998 2019 4064; x_wconf 88' lang='lat' dir='ltr'><strong>quid</strong></span> <span class='ocrx_word' id='word_1_519' title='bbox 2047 4000 2219 4063; x_wconf 73' lang='lat' dir='ltr'><strong>agitur</strong></span> <span class='ocrx_word' id='word_1_520' title='bbox 2236 3999 2273 4048; x_wconf 87' lang='lat'><strong>?’</strong></span> <span class='ocrx_word' id='word_1_521' title='bbox 2328 4001 2589 4064; x_wconf 83' lang='lat' dir='ltr'><strong>Exprimit</strong></span> <span class='ocrx_word' id='word_1_522' title='bbox 2610 4006 2688 4052; x_wconf 84' lang='lat' dir='ltr'><strong>ta·</strong></span> 
     </span>
     <span class='ocr_line' id='line_1_97' title="bbox 1618 4076 2689 4130; baseline 0.003 -3"><span class='ocrx_word' id='word_1_523' title='bbox 1618 4079 1689 4127; x_wconf 89' lang='lat' dir='ltr'><strong>lia</strong></span> <span class='ocrx_word' id='word_1_524' title='bbox 1732 4078 1891 4128; x_wconf 85' lang='lat' dir='ltr'><strong>etiam</strong></span> <span class='ocrx_word' id='word_1_525' title='bbox 1938 4077 2096 4127; x_wconf 86' lang='lat' dir='ltr'><strong>Ovid.</strong></span> <span class='ocrx_word' id='word_1_526' title='bbox 2135 4077 2252 4127; x_wconf 84' lang='lat' dir='ltr'><strong>Art.</strong></span> <span class='ocrx_word' id='word_1_527' title='bbox 2301 4076 2417 4127; x_wconf 80' lang='lat' dir='ltr'><strong>Am.</strong></span> <span class='ocrx_word' id='word_1_528' title='bbox 2465 4083 2689 4130; x_wconf 74' lang='lat'><strong>11..258.</strong></span> 
     </span>
     <span class='ocr_line' id='line_1_98' title="bbox 1618 4153 2687 4218; baseline 0.003 -15"><span class='ocrx_word' id='word_1_529' title='bbox 1618 4161 1635 4184; x_wconf 83' lang='lat'><em>‘</em></span> <span class='ocrx_word' id='word_1_530' title='bbox 1673 4153 1898 4204; x_wconf 90' lang='lat' dir='ltr'><strong>Nomine</strong></span> <span class='ocrx_word' id='word_1_531' title='bbox 1943 4167 2201 4218; x_wconf 86' lang='lat' dir='ltr'><strong>quemque</strong></span> <span class='ocrx_word' id='word_1_532' title='bbox 2246 4167 2362 4216; x_wconf 91' lang='lat' dir='ltr'><strong>suo,</strong></span> <span class='ocrx_word' id='word_1_533' title='bbox 2419 4156 2559 4205; x_wconf 79' lang='lat' dir='ltr'><strong>nulia</strong></span> <span class='ocrx_word' id='word_1_534' title='bbox 2602 4163 2687 4206; x_wconf 87' lang='lat' dir='ltr'><strong>est</strong></span> 
     </span>
    </p>
   </div>
   <div class='ocr_carea' id='block_1_10' title="bbox 529 4223 2687 4296">
    <p class='ocr_par' dir='ltr' id='par_1_13' title="bbox 529 4223 2687 4296">
     <span class='ocr_line' id='line_1_99' title="bbox 529 4223 2687 4296; baseline 0.005 -25"><span class='ocrx_word' id='word_1_535' title='bbox 529 4223 736 4273; x_wconf 77' lang='lat' dir='ltr'><strong>Tantum</strong></span> <span class='ocrx_word' id='word_1_536' title='bbox 752 4238 844 4273; x_wconf 80' lang='lat' dir='ltr'><strong>non</strong></span> <span class='ocrx_word' id='word_1_537' title='bbox 860 4223 1010 4286; x_wconf 74' lang='lat' dir='ltr'><strong>ultro]</strong></span> <span class='ocrx_word' id='word_1_538' title='bbox 1033 4224 1237 4288; x_wconf 74' lang='lat' dir='ltr'><strong>Tantum</strong></span> <span class='ocrx_word' id='word_1_539' title='bbox 1249 4233 1350 4278; x_wconf 76' lang='lat' dir='ltr'><strong>tum</strong></span> <span class='ocrx_word' id='word_1_540' title='bbox 1368 4244 1460 4279; x_wconf 80' lang='lat' dir='ltr'><strong>non</strong></span> <span class='ocrx_word' id='word_1_541' title='bbox 1473 4232 1546 4281; x_wconf 74' lang='lat' dir='ltr'><strong>sil-</strong></span> <span class='ocrx_word' id='word_1_542' title='bbox 1611 4230 1843 4294; x_wconf 86' lang='lat' dir='ltr'><strong>jactura,</strong></span> <span class='ocrx_word' id='word_1_543' title='bbox 1867 4230 2065 4280; x_wconf 87' lang='lat' dir='ltr'><strong>saluta:</strong></span> <span class='ocrx_word' id='word_1_544' title='bbox 2104 4232 2280 4293; x_wconf 78' lang='lat' dir='ltr'><strong>Juuge</strong></span> <span class='ocrx_word' id='word_1_545' title='bbox 2320 4231 2421 4280; x_wconf 87' lang='lat' dir='ltr'><strong>tuis</strong></span> <span class='ocrx_word' id='word_1_546' title='bbox 2449 4232 2687 4296; x_wconf 80' lang='lat' dir='ltr'><strong>humiles,</strong></span> 
     </span>
    </p>
   </div>
   <div class='ocr_carea' id='block_1_11' title="bbox 473 4300 1508 4365">
    <p class='ocr_par' dir='ltr' id='par_1_14' title="bbox 473 4300 1508 4365">
     <span class='ocr_line' id='line_1_100' title="bbox 473 4300 1508 4365; baseline 0.009 -17"><span class='ocrx_word' id='word_1_547' title='bbox 473 4304 567 4348; x_wconf 77' lang='lat' dir='ltr'><strong>tro.</strong></span> <span class='ocrx_word' id='word_1_548' title='bbox 620 4300 761 4365; x_wconf 79' lang='lat' dir='ltr'><strong>Lege</strong></span> <span class='ocrx_word' id='word_1_549' title='bbox 777 4304 960 4350; x_wconf 71' lang='lat' dir='ltr'><strong>tomum</strong></span> <span class='ocrx_word' id='word_1_550' title='bbox 974 4315 1066 4352; x_wconf 77' lang='lat' dir='ltr'><strong>non</strong></span> <span class='ocrx_word' id='word_1_551' title='bbox 1084 4304 1228 4353; x_wconf 75' lang='lat' dir='ltr'><strong>ultro.</strong></span> <span class='ocrx_word' id='word_1_552' title='bbox 1256 4305 1508 4357; x_wconf 75' lang='lat' dir='ltr'><strong>Rittersh.</strong></span> 
     </span>
    </p>
   </div>
   <div class='ocr_carea' id='block_1_12' title="bbox 1620 4297 2686 4373">
    <p class='ocr_par' dir='ltr' id='par_1_15' title="bbox 1620 4297 2686 4373">
     <span class='ocr_line' id='line_1_101' title="bbox 1620 4297 2686 4373; baseline 0.003 -17"><span class='ocrx_word' id='word_1_553' title='bbox 1620 4305 1916 4371; x_wconf 83' lang='lat' dir='ltr'><strong>ambitiose,</strong></span> <span class='ocrx_word' id='word_1_554' title='bbox 1944 4297 2163 4359; x_wconf 58' lang='lat' dir='ltr'><strong>mantis)</strong></span> <span class='ocrx_word' id='word_1_555' title='bbox 2209 4306 2389 4358; x_wconf 86' lang='lat' dir='ltr'><strong>Plaut.</strong></span> <span class='ocrx_word' id='word_1_556' title='bbox 2412 4305 2600 4373; x_wconf 78' lang='lat' dir='ltr'><strong>Amph.</strong></span> <span class='ocrx_word' id='word_1_557' title='bbox 2622 4320 2686 4359; x_wconf 82' lang='grc' dir='ltr'><strong>ιι.</strong></span> 
     </span>
    </p>
   </div>
  </div>
 </body>
</html>
