3017 4942
490 387 627 455 544

496 549 585 614 tis.
650 548 739 598 Ita
768 545 970 596 scilicet
994 542 1163 595 fluunt
1186 546 1344 595 verba
1370 544 1564 595 Pliniit

499 624 726 675 Juaxisti
755 623 880 673 enim
911 638 969 673 ac
1000 622 1234 672 miscuisti
1260 636 1339 671 res
1358 623 1472 671 olim
1491 622 1564 672 di·

488 702 810 758 vanissimas,
830 700 1149 750 securitatem
1189 698 1483 763 imperantis,
1519 703 1565 748 et

495 779 819 843 proecipientis
855 779 1100 841 pudorem,
1138 775 1237 826 hoc
1280 783 1381 839 est,
1419 790 1565 825 vere·

504 857 706 906 cundus
734 871 787 903 es
812 855 862 903 in
898 853 1255 918 praecipieudo
1279 853 1567 917 dandisque

503 931 782 981 mandatis.
851 931 1029 980 Simile
1085 938 1164 979 est
1219 928 1345 980 illud
1398 930 1567 979 Taciti

505 1007 686 1071 Agric.
713 1022 799 1057 ιιι.
825 1012 871 1057 1.
891 1008 905 1037 ‘
926 1008 1107 1057 Nerva
1141 1020 1225 1058 res
1259 1007 1378 1055 olim
1404 1006 1568 1057 disso-

505 1086 720 1135 ciabiles
757 1085 981 1141 miscuit,
1027 1084 1374 1147 principatum
1413 1099 1475 1134 ac
1511 1084 1570 1133 li·

490 1159 835 1223 .bertatem.”
901 1161 1170 1210 Hactenus
1210 1160 1571 1209 Heumannus.

507 1238 724 1299 Verum,
749 1238 826 1285 vir
849 1237 1164 1293 doctissime,
1183 1237 1438 1302 quomodo
1473 1252 1571 1300 ego

507 1312 657 1363 intuli
699 1314 941 1363 mendum
975 1313 1167 1376 Plinio,
1195 1314 1280 1379 qui
1315 1328 1427 1362 eam
1467 1314 1571 1364 lec·

505 1391 700 1441 tionem
722 1392 966 1439 tuendam
998 1391 1330 1456 susceperim,
1353 1406 1468 1455 quae
1493 1396 1574 1441 tot

508 1468 743 1518 codicum
768 1467 901 1518 Mss·
922 1474 1104 1533 totque
1134 1468 1436 1517 eximiarum
1460 1468 1573 1518 edi·

509 1545 708 1596 tionum
733 1546 1046 1596 atteteritate
1075 1546 1355 1603 stabilitur.
1378 1552 1434 1597 et
1455 1560 1574 1611 quae

509 1615 818 1692 sententiam
854 1623 1031 1672 Plinio
1072 1622 1418 1687 dignissimam
1457 1623 1575 1674 fun-

508 1699 636 1750 dat?
671 1699 806 1752 Quae
827 1699 1106 1749 necessitas
1124 1708 1297 1763 urget,
1316 1707 1394 1763 ut,
1409 1700 1578 1750 sicubi

509 1777 729 1828 Tacitus
767 1777 903 1827 dixit
947 1778 1068 1828 ‘res
1112 1778 1234 1828 olim
1275 1778 1576 1828 dissociabi-

496 1853 643 1924 ‚les,{
675 1868 768 1903 uos
811 1853 1100 1918 credamus,
1141 1854 1299 1904 etiam
1346 1855 1575 1905 Plinium

511 1919 611 1980 hoc
643 1929 761 1979 loco
787 1929 965 1980 dicere
995 1930 1236 1980 debuisse
1257 1945 1335 1982 res
1361 1931 1475 1982 olim
1500 1931 1575 1981 di-

511 2003 846 2058 versissimas?
882 2005 1071 2056 Annon
1112 2007 1267 2056 etiam
1306 2007 1421 2057 Liv.
1457 2022 1579 2059 xxt.

513 2085 564 2131 4.
585 2082 910 2145 simpliciter,
932 2092 986 2132 et
1021 2082 1132 2132 sine
1170 2084 1424 2146 particula
1445 2085 1578 2147 olim,

517 2159 673 2220 dixit,
699 2166 712 2188 ⁸
739 2160 1018 2226 Nunquam
1052 2160 1314 2225 ingenium
1349 2162 1486 2212 idem
1512 2163 1578 2213 ad

515 2250 600 2286 res
650 2235 1043 2295 diversissimas,
1090 2240 1377 2302 parendum
1423 2248 1579 2304 atque

515 2312 891 2377 imperandum,
923 2314 1142 2366 habilius
1176 2315 1278 2366 fuit
1293 2316 1330 2366 ?'
1363 2317 1584 2378 Vereor,

515 2389 594 2438 vir
617 2390 833 2453 optime,
856 2400 912 2440 ut
937 2398 1050 2442 tute
1083 2392 1193 2456 ipse
1220 2409 1248 2442 a
1269 2394 1422 2458 culpa
1449 2393 1580 2444 illati

515 2466 692 2515 mendi
717 2473 771 2516 te
794 2465 1081 2517 defendere
1105 2470 1299 2532 possis=
1333 2469 1437 2535 qui,
1457 2470 1593 2520 dum·

516 2557 584 2593 ne
619 2553 885 2595 assecutus
908 2546 1116 2611 quidem
1151 2547 1341 2596 videris
1374 2555 1584 2597 senten·

518 2621 641 2670 tiam
677 2622 851 2680 Plinii,
887 2637 986 2674 nec
1020 2626 1328 2689 expendisse
1360 2625 1458 2675 vim
1493 2640 1578 2675 vo-

516 2702 658 2763 cum,
684 2701 994 2763 securitatis,
1034 2708 1090 2751 et
1127 2702 1436 2766 incipientis3
1487 2718 1582 2767 pro

517 2776 802 2841 posteriore
824 2792 951 2829 voce
974 2777 1304 2843 frigidissime
1328 2780 1582 2831 substitu-

516 2853 706 2903 endum
732 2856 992 2906 censueris
1014 2858 1354 2920 praecipientis.
1404 2858 1583 2910 Quan-

517 2929 706 2988 tillum,
744 2947 939 2996 quun,
983 2931 1230 2984 differunt
1265 2932 1587 2998 ‘imperare’

506 3002 577 3057 'et
620 3010 634 3037 ‘
656 3010 975 3073 praecipere?
994 3009 1010 3032 ’
1078 3010 1264 3060 Annon
1319 3012 1584 3077 principes

508 3079 676 3135 ‘etiam
712 3092 728 3116 ‘
753 3084 1070 3150 praecipere’
1115 3086 1396 3138 dicuntur?
1430 3103 1509 3146 ac,
1542 3089 1585 3140 si

517 3160 716 3211 urendo
739 3162 1067 3227 secandoque
1097 3163 1149 3213 in
1176 3171 1379 3215 veteres
1406 3174 1586 3217 aucto-

519 3242 602 3285 res
625 3238 737 3300 sine
771 3239 1089 3288 necessitate
1116 3241 1304 3291 saevire
1329 3242 1473 3307 licet,
1495 3257 1585 3292 an·

504 3327 622 3368 non
647 3314 1031 3364 Plinius-etiam
1054 3316 1166 3365 sine
1188 3318 1439 3369 vocabulo
1463 3334 1587 3383 proe-

516 3387 758 3453 eripientis,
791 3390 868 3439 sic
902 3390 1085 3440 eadem
1120 3391 1353 3443 dicturus
1387 3395 1587 3456 fuisset,

517 3466 755 3516 miscuisti
785 3467 1087 3517 securitatem
1118 3474 1166 3518 et
1191 3471 1418 3534 pudorem
1439 3474 1586 3536 impe·

515 3544 709 3593 rantis?
741 3543 914 3593 Multo
948 3550 1122 3595 autem
1151 3547 1460 3598 luculentius
1481 3549 1587 3600 dis·

514 3619 716 3669 crimen
762 3620 900 3669 inter
950 3621 1240 3685 principem
1289 3626 1584 3690 olimimpe-

516 3702 724 3754 mntem,
747 3704 804 3748 et
825 3700 960 3748 modo
983 3698 1287 3762 incipientem
1317 3703 1549 3766 imperare
1571 3721 1593 3763 ,-

517 3789 669 3839 quam
697 3775 833 3825 inter
866 3775 1159 3840 principem
1182 3779 1509 3844 imperantem,
1532 3789 1589 3832 et

512 3851 889 3914 precipientem,
913 3852 1211 3907 intercedit.
1244 3856 1488 3907 Salamara.

588 3928 700 3975 Non
723 3933 775 3976 tu
792 3928 966 3978 civium
982 3932 1248 3996 amplexus]
1275 3934 1455 3984 Caium
1474 3937 1590 3988 Cae·

519 4016 687 4051 sarem
725 4005 911 4067 tangit,
939 4005 1006 4056 de
1039 4023 1141 4071 quo
1184 4008 1269 4058 adi
1302 4011 1486 4061 Senec.
1523 4012 1589 4062 de

520 4077 704 4127 Benef.
733 4093 798 4129 11.
821 4084 903 4131 12.
968 4083 1232 4147 Sequitur,
1265 4101 1352 4135 nec
1384 4089 1591 4138 osculum

520 4167 664 4203 manu
697 4156 876 4207 reddis.
939 4158 1092 4210 Quod
1129 4161 1194 4211 ad
1229 4163 1589 4214 Domitianum

522 4231 766 4293 equidem
812 4236 1076 4298 traxerim,
1112 4239 1199 4303 qni
1236 4240 1460 4304 Caenidi,
1498 4258 1592 4306 pa·

408 4313 419 4321 ‘
522 4306 618 4357 tris
662 4308 986 4371 concubine,
1033 4327 1099 4364 ex
1144 4314 1304 4367 Istria
1347 4332 1592 4378 reversae,

1190 399 1412 449 NOTAE
1461 397 1869 448 truncum
1919 395 2020 447 lN'

1636 543 2014 608 ‘osculumque
2054 540 2143 607 (nt
2197 539 2527 606 assueverat)
2575 533 2707 592 offe·

1638 623 1777 672 renti
1814 636 2017 671 manum
2058 620 2319 686 praebuit)
2384 622 2557 671 Verba
2583 626 2708 669 sunt

1636 699 1872 749 Suetonii
1906 714 1954 747 c.
1986 702 2066 749 12.
2135 698 2373 763 Denique
2405 699 2494 748 ubi
2529 703 2613 747 est
2650 698 2706 746 in

1640 783 1836 837 nostro,
1857 790 1964 840 quoe
1981 775 2118 839 prior
2137 776 2236 825 oris
2256 776 2449 825 human.
2473 776 2524 825 in
2550 775 2611 824 R.
2632 775 2707 823 le·

1640 853 1798 914 gitur,
1820 868 1925 916 quoe
1943 853 2122 915 prioris
2144 854 2335 903 human.
2377 851 2562 902 Inveni
2586 865 2710 914 ego,

1641 937 1697 980 et
1734 931 2026 994 emendem,
2068 945 2174 994 quoe
2202 932 2341 993 prius
2372 931 2471 980 oris
2515 930 2709 978 human.

1642 1006 1815 1058 Lirin.

1705 1082 1789 1133 Ad
1809 1084 1975 1148 pedes]
2011 1083 2085 1134 Ut
2103 1082 2361 1147 Caligula,
2378 1089 2432 1134 et
2453 1080 2711 1147 ejusmodi

1642 1168 1889 1211 monstra.
1929 1161 2063 1225 Lips.

1707 1238 1790 1289 Aa
1819 1238 1983 1302 pedes]
2016 1239 2164 1301 Papa
2195 1238 2331 1288 hanc
2360 1251 2567 1301 quoque
2600 1251 2712 1286 ser-

1645 1315 1867 1367 vitutem
1891 1316 1990 1364 sibi
2013 1315 2263 1375 vindicat,
2286 1322 2346 1365 ut
2365 1316 2571 1365 calcare
2596 1328 2713 1379 pos·

1645 1390 1716 1441 sit
1770 1392 2036 1442 Caesarum
2100 1392 2358 1453 eervices,
2411 1398 2468 1440 et
2528 1405 2712 1455 regum

1644 1469 1822 1519 oscula
1849 1468 2145 1531 deprimere
2179 1467 2316 1518 infra
2348 1469 2511 1518 solum
2545 1469 2715 1532 crepi-

1646 1544 1849 1594 darum.
1929 1545 2099 1595 Baud·
2143 1546 2197 1595 iu
2255 1546 2409 1596 Orat.
2450 1544 2714 1610 quapiam.

1648 1622 1805 1672 Bern-
1910 1632 1926 1642 ⁸

1715 1698 1798 1748 Aa
1832 1698 2000 1763 pedes]
2055 1698 2214 1751 Plura
2257 1700 2361 1750 Dio
2400 1699 2466 1749 de
2500 1700 2719 1765 Trajani

1648 1775 1996 1837 immanita-teg
2031 1777 2318 1841 praecipne,
2341 1775 2478 1842 quod
2506 1792 2563 1827 os
2584 1792 2721 1842 prae·

1650 1851 1800 1902 beret
1832 1854 2204 1915 osculandum3
2250 1869 2352 1903 non
2388 1867 2585 1916 manns,
2619 1869 2719 1904 nec

1653 1930 1834 1994 pedes,
1873 1940 1932 1982 ut
1969 1932 2208 1994 Galigula
2250 1939 2308 1982 et
2349 1933 2720 1994 Domitianus;

1653 2007 1718 2056 de
1741 2007 1927 2071 quibus
1953 2008 2255 2059 Suetonius.
2288 2009 2510 2058 Patarol.

1720 2084 1825 2133 Nec
1846 2084 2052 2133 osculum
2069 2100 2211 2134 manu
2231 2085 2417 2149 reddis]
2457 2085 2604 2135 Alias
2638 2091 2723 2135 est

1654 2162 1933 2210 amicorum
1972 2159 2321 2220 familiarium,
2342 2169 2399 2212 et
2419 2159 2722 2225 amantium,

1654 2254 1759 2290 nou
1796 2240 1959 2290 solum
1996 2247 2175 2291 mittuo
2211 2255 2403 2305 corpus
2439 2242 2722 2305 amplecti3

1654 2316 1744 2364 sed
1770 2317 1945 2366 oscula
1965 2316 2123 2367 etiam
2143 2316 2316 2367 oribus
2335 2318 2516 2382 figere.
2567 2318 2722 2368 Unde

1655 2390 1843 2455 Virgil.
1866 2392 1980 2441 AEu.
2011 2406 2055 2441 1.
2082 2396 2197 2443 687.
2227 2397 2243 2422 ‘
2266 2394 2396 2443 Cum
2436 2392 2584 2444 dabit
2618 2408 2723 2444 am·

1657 2469 1861 2532 plexus,
1917 2478 2075 2534 atque
2130 2472 2308 2520 oscula
2361 2470 2535 2520 dulcia
2580 2470 2724 2535 figet,

1658 2545 1934 2595 Occultum
1982 2547 2202 2611 inspires
2236 2546 2458 2610 ignem.'
2537 2546 2724 2611 Cujus·

1657 2622 1795 2673 modi
1820 2624 1991 2674 cultus
2020 2622 2287 2674 familiaris
2314 2624 2484 2688 signa,
2508 2624 2605 2673 etsi
2634 2623 2726 2673 ali-

1658 2702 1866 2764 quando
1906 2701 2211 2752 admiserint
2254 2701 2522 2765 principes
2563 2701 2726 2754 civili·

1658 2779 1781 2828 tatis
1838 2779 2075 2841 studiosi,
2131 2779 2497 2829 insolentiores
2552 2785 2726 2828 tamen

1657 2863 1779 2905 sunt
1799 2854 2099 2918 dedignati;
2132 2856 2326 2920 quippe
2348 2857 2434 2920 qui
2457 2856 2728 2918 amplexus

1659 2933 2021 2982 accedentium
2045 2933 2416 2997 depresserunt
2439 2932 2505 2981 ad
2534 2932 2728 2995 pedes3

1659 3008 1767 3058 sive
1802 3008 2102 3071 noluerunt,
2138 3015 2197 3057 nt
2229 3009 2287 3071 ii,
2308 3010 2395 3073 qui
2430 3009 2729 3059 veneratio·

1659 3086 1739 3135 nis
1760 3086 2017 3137 testandas
2036 3100 2218 3136 caussa
2235 3100 2291 3135 se
2311 3086 2567 3149 adierant,
2581 3099 2730 3136 oscu-

1659 3162 1895 3212 larentur
1922 3178 2119 3225 manus,
2141 3171 2232 3213 aut
2266 3164 2430 3227 pedes
2466 3165 2731 3227 ipsorum3

1661 3248 1753 3291 aut
1787 3242 1962 3298 etiam,
1999 3242 2136 3307 quod
2167 3243 2274 3307 jam
2310 3243 2431 3291 olim
2467 3240 2573 3292 fuit
2611 3256 2730 3306 sup-

1662 3319 1876 3384 plicum,
1911 3335 2080 3382 genua
2124 3322 2305 3370 saltem
2348 3321 2733 3383 amplecteren-

1663 3401 1764 3444 tur.
1829 3396 1917 3446 Sic
1954 3396 2100 3460 Virg.
2138 3396 2254 3447 AEn.
2291 3410 2381 3447 ιιι.
2416 3401 2534 3447 607.
2570 3397 2633 3445 de
2662 3396 2731 3445 A·

1663 3473 1968 3523 chemenide
1992 3475 2153 3538 canit,
2184 3476 2200 3503 ‘
2217 3475 2463 3537 Dixerat,
2482 3481 2539 3524 et
2562 3488 2735 3537 genua

1663 3552 1952 3615 amplexus,
1976 3553 2297 3615 genibusque
2320 3553 2584 3614 volutans,
2610 3550 2734 3602 Hm·

1662 3629 1847 3681 rebat.'
1912 3632 1986 3681 Et
2018 3631 2083 3680 de
2118 3631 2241 3695 alio,
2267 3629 2382 3679 AEn.
2407 3638 2462 3680 x.
2483 3634 2602 3680 523.
2630 3631 2647 3659 ⁴
2668 3630 2735 3679 Et

1665 3708 2189 3772 genuaamplectens
2222 3705 2414 3758 affatur
2448 3709 2574 3757 talia
2615 3722 2736 3771 sup-

1666 3783 1825 3848 plex!
1877 3787 1976 3836 ·De
2013 3786 2243 3850 Trajano
2288 3792 2473 3835 -autem
2514 3784 2737 3848 Plinius,

1662 3863 1677 3891 ‘
1701 3862 1818 3912 Nec
1855 3862 2172 3927 amplexus‚’
2218 3864 2407 3928 inquit,
2443 3869 2459 3893 ‘
2482 3862 2736 3927 deprimis

1667 3941 1731 3989 ad
1774 3939 1966 4001 pedes3
2014 3955 2113 3990 nec
2147 3941 2381 3990 osculum
2418 3954 2577 3989 mann
2619 3938 2736 3990 red·

1666 4016 1784 4065 dis!

1663 4090 1775 4141 fere
1811 4093 2017 4142 insolita
2055 4099 2152 4143 est.
2217 4093 2491 4144 Sententia
2523 4093 2735 4158 quidem

1667 4169 1825 4218 Plinii
1863 4167 2017 4218 facile
2057 4176 2226 4234 patet,
2265 4169 2387 4219 dum
2422 4171 2521 4220 hoc
2555 4170 2735 4219 dicere

1669 4245 1863 4294 volnitz
1902 4255 1998 4295 nec
2023 4247 2138 4296 loco
2167 4246 2332 4296 osculi
2353 4245 2459 4295 oris
2482 4246 2576 4296 das
2600 4260 2734 4309 proe-

1671 4321 1868 4388 besque
1924 4336 2129 4374 manum
2184 4322 2560 4387 osculandam,
2609 4323 2739 4386 sive,

1852 4018 1983 4069 Qnae
2020 4018 2279 4081 posterior
2311 4016 2556 4081 loquendi
2605 4017 2738 4066 ratio
2804 4012 2807 4014 ’
