3017 4942
683 375 751 423 c.
801 373 1050 425 enum
1100 373 1431 426 saeuum
1480 375 1757 427 Panae.
1833 378 1883 426 1.
1925 363 2037 430 67.

276 521 458 576 turam,
479 518 528 568 en·
544 522 602 569 tu
613 531 712 569 esse
725 519 945 583 desieris,
968 534 1122 585 quam
1145 520 1330 584 depre-

273 596 521 646 henderat
544 597 597 646 in
624 597 886 661 excerptis
909 596 1331 661 Gnelpherbyta-

273 674 366 737 nis,
391 679 542 737 putat
572 685 724 737 posse
760 687 875 723 esse
912 687 1103 735 veram,
1125 680 1180 723 et
1216 687 1329 723 cor·

276 751 442 814 rumpi
464 750 687 813 coepisse
719 748 785 800 ab
809 750 871 799 iis
900 751 988 816 qui
1018 750 1173 814 qualis
1208 751 1331 809 sim-3

272 826 499 889 pliciter,
528 839 629 875 non
670 827 1001 890 praecedente
1024 827 1156 891 talis,
1183 834 1328 876 recte

271 903 372 955 dici
394 920 497 954 non
521 905 857 956 crediderint.
928 906 1114 969 Immo,
1142 903 1329 969 inquit,

273 980 408 1032 Quid
442 982 487 1031 si
510 983 631 1031 olim
655 983 926 1046 scripserit
948 983 1172 1046 Plinius,
1196 981 1255 1031 St
1275 987 1330 1032 tu

270 1071 367 1115 esse
388 1057 623 1107 desieris?
654 1058 758 1109 Sed
780 1072 899 1121 ego,
919 1058 1103 1122 siquid
1118 1059 1318 1122 judica·

267 1146 325 1182 re
347 1147 575 1197 possum,
609 1135 867 1199 vulgatam
890 1135 1187 1192 lectionem,
1210 1149 1326 1200 quae

269 1210 424 1260 etiam
462 1212 515 1260 in
541 1211 721 1261 codice
748 1212 1003 1261 Patavino
1037 1218 1199 1269 extat,
1224 1226 1328 1262 non

268 1286 601 1350 rejiciendam
642 1301 757 1336 esse
791 1288 1054 1345 existimo,
1095 1302 1211 1337 cnm
1250 1289 1328 1336 in-

267 1362 443 1424 primis
467 1364 574 1414 ista
594 1364 836 1431 loquendi
858 1364 992 1414 ratio
1027 1365 1237 1414 omnino
1258 1364 1329 1414 sit

268 1437 523 1489 Pliniana.
566 1441 653 1490 Sic
676 1441 811 1490 enim
836 1441 1050 1502 legimus
1075 1441 1127 1489 in
1155 1439 1328 1505 proxi·

265 1530 345 1566 mo
367 1533 485 1582 cap.
508 1531 662 1568 val·
679 1524 728 1567 ὅ.
750 1519 766 1546 ‘
784 1519 879 1567 Vis
890 1519 1045 1575 enim.
1068 1520 1197 1568 tales
1214 1533 1330 1569 esse

268 1608 373 1653 nos,
391 1597 571 1660 quales
574 1595 763 1660 jubes.’
829 1597 1009 1646 Codex
1026 1596 1331 1658 Patavinus,

266 1678 319 1719 et
338 1669 469 1721 liber
496 1672 791 1726 Vossianus,
817 1687 907 1733 pro
925 1679 1178 1736 sequente
1206 1687 1329 1723 voce

265 1747 432 1797 electus
454 1762 526 1808 es,
547 1748 794 1797 mendose
815 1747 1013 1799 habent
1034 1747 1241 1808 deiectus
1264 1764 1330 1800 es.

261 1823 427 1873 Idem.

342 1902 517 1957 Qualis
569 1902 770 1969 electus]
824 1903 1004 1954 Bonus
1060 1903 1328 1969 utilisque.

267 1976 401 2041 Lipe.

325 2053 422 2103 Sed
443 2055 636 2118 ingenti
655 2055 965 2120 conscientia]
982 2055 1077 2107 Sed
1090 2061 1145 2105 tu
1157 2057 1327 2120 ingen·

267 2129 307 2178 ti
325 2133 615 2182 conscientia
634 2133 701 2183 V.
725 2133 890 2183 Licin.
1263 2190 1271 2205 .

324 2207 551 2274 Ingenti]
591 2210 830 2274 Egregiis
851 2209 1079 2260 consiliis
1102 2209 1328 2275 fatisque

267 2284 499 2334 subnixa.
521 2285 662 2350 Lips.

326 2362 507 2420 Coesar,
541 2362 819 2426 pacisceris]
850 2365 1035 2421 Coesor,
1058 2380 1149 2428 qua
1169 2363 1327 2428 pocia-

268 2439 385 2487 eeris
407 2440 476 2488 V.
498 2439 561 2488 C.
584 2440 652 2487 G.
682 2441 804 2488 Non
822 2441 1016 2503 placet.
1039 2440 1205 2489 Livin-

322 2515 618 2577 Paci-sceris]
641 2512 748 2564 Sub
772 2523 927 2578 pacto
951 2523 1005 2565 et
1027 2515 1326 2566 conditione

266 2592 457 2642 servari
493 2592 653 2656 petis,
677 2590 738 2640 Sa·
759 2592 1002 2640 merearis.
1025 2591 1170 2655 Lips⁰

328 2668 513 2727 (ἔωσαν,
544 2667 821 2730 pacisceris]
846 2668 943 2717 His
965 2666 1167 2716 duabus
1186 2666 1325 2717 voci·

263 2741 362 2793 bus
389 2744 639 2795 inseritur
662 2758 945 2808 pronomen
970 2759 1080 2806 qua,
1105 2746 1156 2792 in
1184 2751 1325 2793 utro-

262 2836 360 2885 que
381 2821 565 2874 codice
588 2821 814 2880 Veneto,
851 2822 901 2872 in
929 2823 1327 2887 salisburgensi,

261 2897 536 2957 Patavino,
575 2904 632 2949 et
664 2913 817 2960 meo;
851 2899 1080 2963 itemque
1106 2900 1157 2947 in
1193 2899 1325 2949 libro

259 2973 529 3026 Vossiano.
595 2976 744 3026 Idem
764 2990 1046 3040 pronomen
1059 2976 1216 3026 etiam
1234 2989 1323 3024 ex·

262 3047 440 3103 hibent
464 3052 724 3103 editiones
760 3053 1062 3109 Puteolani,
1083 3044 1326 3115 C‘uspini·

265 3129 364 3189 ani,
401 3129 662 3192 Rhenani,
688 3136 745 3179 et
781 3129 1086 3179 Philomusi.
1153 3129 1325 3193 Repe·

262 3209 401 3254 rerat
422 3205 476 3253 id
502 3218 707 3268 quoque
731 3202 993 3254 Livineius
1032 3206 1083 3253 in
1119 3219 1211 3253 suo
1241 3219 1325 3254 co·

262 3277 406 3342 dice3
440 3280 533 3331 sed
559 3296 661 3330 non
698 3281 953 3344 probavit.
1023 3282 1216 3331 Mirum
1252 3284 1325 3332 vi·

262 3353 412 3404 detur
439 3358 891 3418 Arntzenio‚unde
912 3356 1039 3406 illud
1063 3374 1153 3421 qua
1178 3365 1327 3422 potu-

262 3432 360 3482 erit
380 3434 615 3498 irrepere
633 3451 648 3495 ς
671 3443 726 3484 et
750 3450 956 3484 sensum
970 3442 1214 3485 constare
1230 3451 1326 3499 pu·

265 3514 359 3565 tat,
381 3510 424 3558 si
450 3511 504 3559 in
531 3510 703 3573 priore
730 3511 961 3560 membro
992 3526 1045 3560 es
1074 3511 1321 3563 subintela

262 3582 353 3649 ligi
377 3595 577 3650 posset,
609 3586 625 3614 ‘
646 3588 858 3650 Ingenti
894 3602 950 3637 es
987 3589 1326 3654 conscientia,

267 3660 461 3723 Caesar,
489 3663 629 3728 qua,’
647 3667 750 3715 διο.
812 3663 917 3713 Sed
957 3678 1057 3714 nec
1080 3666 1177 3714 boc
1200 3667 1327 3715 satis

263 3736 464 3800 placet;
513 3753 680 3803 neque
717 3740 881 3788 ausim
918 3753 983 3789 ex
1020 3741 1327 3805 conjectura

266 3823 533 3877 reponere,
553 3813 649 3863 Sed
666 3831 693 3864 o
713 3816 956 3876 ingentem
978 3818 1330 3875 conscientiam,

272 3887 452 3952 Coesar,
481 3904 573 3952 qua
603 3891 879 3954 pacisce-is,
909 3895 991 3955 ᾂτ.
1058 3894 1325 3943 Livineius

268 3964 421 4014 etiam
460 3967 555 4034 sub
592 3960 798 4018 initium
834 3971 1015 4018 horum
1052 3971 1324 4021 verborum

265 4040 317 4090 in
340 4043 521 4093 codice
545 4059 638 4093 sno
654 4046 929 4095 invenerat
946 4061 1227 4109 pronomen
1243 4053 1326 4096 tu:

266 4114 358 4166 Sea
371 4124 423 4168 tu
440 4120 628 4182 ingenti
640 4121 939 4176 conscientia,
968 4124 1151 4182 Caesar,
1171 4123 1325 4184 pacis·

2340 366 2482 441 895.

1410 519 1713 570 Conscientia
1733 534 1858 571 vero
1874 520 1963 575 hic
1978 536 2074 587 pro
2096 519 2288 574 fiducia
2317 523 2475 576 animi

1407 596 1530 659 poni
1558 595 1785 645 videtur.
1810 578 2055 648 Schdorz.

1470 672 1534 721 Sa·
1569 673 1847 738 mereberis]
1884 664 2038 724 H'anc
2068 675 2260 726 retinui
2288 677 2474 727 lectio·

1405 762 1543 805 nem,
1599 764 1753 813 quam
1803 750 1918 814 jam
1974 751 2182 816 plurimi
2238 753 2472 807 editores

1404 826 1737 891 evulgarunt,
1782 834 1838 877 et
1881 840 2017 878 nunc
2061 843 2236 879 omnes
2278 830 2475 880 residui

1405 902 1615 951 codices
1634 904 1762 951 Mss.
1783 903 2108 955 confirmant.
2171 904 2475 972 Alias,quia

1404 991 1505 1026 non
1557 981 1795 1043 sequitur
1841 996 1905 1029 an
1941 983 2199 1031 meriturus
2236 982 2324 1044 sis,
2378 983 2473 1032 sed

1404 1055 1649 1119 merearis,
1674 1056 1987 1119 recepissem
2020 1057 2066 1107 si
2086 1058 2302 1119 mereris,
2333 1059 2482 1123 quod<

1404 1129 1478 1178 H.
1516 1130 1832 1193 Stephanus,
1862 1133 2087 1194 Elzevir,
2119 1134 2474 1192 Boxhornins,

1405 1207 1683 1271 Cellarius,
1725 1214 1783 1257 et
1830 1207 2043 1259 Hearne
2092 1209 2307 1261 babent.
2393 1209 2481 1261 At

1405 1281 1674 1345 Gryphius
1698 1298 1746 1333 a.
1773 1287 1916 1336 1531.
1953 1292 2009 1335 et
2049 1286 2323 1338 Sicbardus
2361 1287 2473 1338 edi·

1404 1358 1532 1410 dere
1550 1361 1599 1411 si
1618 1363 1863 1413 merearis.
1892 1362 2061 1415 Idem.

1449 1435 1552 1503 ⁸Aa
1573 1437 1822 1501 merearis]
1848 1439 2028 1489 Codex
2054 1440 2366 1492 Parisiensis
2380 1441 2471 1491 ba-

1406 1512 1497 1564 bet
1520 1517 1643 1578 quod
1663 1517 1908 1566 merearis.
1934 1516 2102 1587 Idem.

1470 1591 1626 1643 Scire.
1660 1593 1860 1657 Nonne]
1889 1593 2160 1657 Suspicor,
2183 1592 2470 1658 pleniorem

1405 1667 1756 1717 narrationem
1795 1668 1862 1718 de
1907 1666 2161 1733 praefecto
2200 1669 2481 1732 praetorio,

1404 1745 1489 1793 cui
1508 1745 1765 1808 Trajanus
1789 1761 1904 1797 cum
1929 1746 2252 1797 memorabili
2271 1748 2470 1810 apoph-

1408 1819 1671 1884 thegmate
1696 1822 1891 1873 dicitur
1915 1823 2189 1873 tradidisse
2222 1824 2470 1887 gladium,

1401 1897 1501 1947 hoc
1526 1899 1640 1948 loco
1663 1899 1937 1963 excidisse,
1957 1906 2048 1949 aut
2070 1909 2236 1965 certe,
2250 1914 2471 1965 sequen·

1404 1974 1479 2022 tia
1498 1975 1677 2032 verba,
1705 1976 1890 2040 quibus
1922 1977 2025 2026 ista
2060 1976 2277 2026 historia
2299 1977 2471 2026 brevi-

1404 2055 1488 2097 ter
1545 2049 1798 2114 tangitur,
1843 2052 2026 2101 saltem
2066 2051 2381 2114 postliminio
2415 2057 2473 2100 et

1401 2125 1548 2190 quasi
1574 2140 1642 2175 ex
1662 2128 1887 2191 ‚abrupto
1913 2143 1944 2177 a
1960 2128 2137 2177 Plinio
2159 2128 2473 2178 intercalata

1400 2200 1561 2250 fuisse
1584 2201 1936 2266 Panegyrico.
2001 2204 2189 2269 Neque
2213 2204 2351 2253 enim
2375 2206 2470 2253 im·

1401 2277 1591 2327 merito
1630 2279 1846 2328 miratur
1884 2279 2110 2344 Lipsius,
2145 2279 2210 2328 ab
2240 2286 2472 2342 oratore,

1401 2355 1489 2419 qui
1515 2370 1656 2420 saepe
1678 2358 1881 2406 minora
1918 2358 2067 2407 latius
2104 2358 2329 2423 diducit,
2362 2365 2470 2407 tam

1400 2429 1600 2494 insigne
1651 2441 1708 2483 et
1749 2433 2041 2482 immortale
2086 2431 2284 2483 factum
2328 2434 2473 2496 tangi

1400 2511 1623 2563 tantum,
1644 2507 1893 2573 aridoque
1927 2509 2049 2557 stilo
2083 2504 2289 2571 stringi.
2326 2509 2474 2559 Sext.

1399 2583 1606 2647 quidem
1630 2582 1812 2632 Aurei.
1835 2584 2037 2640 Victor,
2062 2583 2129 2633 de
2158 2586 2294 2634 Caes.
2319 2598 2372 2633 c.
2389 2589 2473 2634 18.

1399 2660 1513 2709 baec
1554 2659 1754 2710 referte
1800 2659 2015 2725 ‘Usque
2059 2674 2122 2710 eo
2155 2660 2470 2711 innocentiae

1398 2734 1911 2800 fidens,('l'rajanus‚)
1925 2738 2000 2784 uti
2016 2734 2320 2799 praefectum
2337 2751 2471 2800 prae-

1401 2810 1901 2874 torio,'Saburanum
1925 2813 2150 2869 nomine,
2176 2826 2290 2862 cum
2316 2813 2470 2875 insig-

1400 2902 1467 2938 ne
1491 2887 1873 2952 potestatis,uti
1901 2901 2010 2936 mos
2033 2896 2168 2945 erat,
2194 2890 2470 2952 pugionem

1402 2964 1574 3026 daret,
1611 2964 1799 3015 crebro
1836 2964 2116 3022 monuerit,
2147 2966 2261 3014 Tibi
2310 2966 2479 3016 istum,

1402 3041 1469 3091 ad
1511 3042 1884 3093 munimentem
1929 3042 2030 3089 mei
2087 3042 2374 3107 committo,
2426 3044 2470 3092 si

1402 3126 1548 3168 recte
1572 3134 1759 3181 agam;
1789 3119 1868 3167 sin
1892 3118 2063 3179 aliter,
2088 3118 2138 3167 in
2169 3133 2251 3167 me
2273 3119 2435 3182 magis
2451 3135 2481 3181 3,

1403 3196 1539 3260 quod
1564 3196 1944 3245 moderatorem
1971 3196 2196 3244 omnium
2222 3195 2304 3245 vel
2328 3210 2469 3245 erra-

1403 3287 1460 3321 re
1482 3273 1648 3321 minus
1673 3270 1752 3321 fas
1773 3271 1877 3323 sit.'
1939 3271 2257 3341 Jamdudum
2294 3281 2468 3323 autem

1403 3350 1503 3398 viri
1539 3349 1743 3405 eruditi¹
1769 3356 2102 3412 monuerunt,
2145 3349 2279 3399 bunc
2321 3351 2470 3400 Sext.

1404 3427 1582 3475 Aurei.
1619 3426 1842 3476 Victoris
1884 3428 2054 3477 locum
2098 3426 2286 3476 mendo
2324 3428 2470 3478 labo-

1402 3517 1539 3569 rare,
1567 3505 1762 3569 hasque
1798 3504 1924 3552 duas
1957 3517 2133 3564 voces,
2165 3502 2478 3556 Suburanam.

1400 3580 1608 3642 nomine,
1649 3593 1717 3628 ex
1757 3581 2070 3642 glossemate
2107 3579 2377 3642 irrepsisse
2413 3581 2479 3628 in,

1403 3662 1740 3715 contextum;
1800 3668 1916 3703 cum
1953 3655 2086 3714 baec,
2123 3669 2237 3718 quae
2280 3655 2469 3705 Victor

1403 3732 1471 3779 ibi
1491 3738 1806 3795 narrat,non
1832 3731 1896 3779 ad
1919 3731 2258 3786 Saburanum,
2284 3733 2375 3782 sed
2401 3733 2468 3782 ad

1405 3808 1465 3856 L.
1503 3807 1757 3856 Licinium
1791 3806 1996 3867 Suram,
2037 3807 2208 3871 potius
2242 3810 2468 3869 pertine·

1403 3890 1514 3945 ant,
1539 3870 1789 3945 quantum
1827 3897 1891 3930 ex
1931 3882 2220 3946 Xiphilino,
2245 3885 2477 3944 zonara„

1403 3968 1457 4007 et
1482 3957 1663 4015 Snida,
1705 3966 1947 4018 constet3
1983 3959 2077 4006 nisi
2111 3969 2370 4021 putemus,
2406 3964 2466 4011 il-

1403 4037 1508 4084 lum
1548 4034 1763 4083 Lucium
1803 4035 1983 4084 Suram
2019 4036 2172 4084 etiam
2209 4040 2467 4099 cognomi·

1402 4121 1580 4163 natum
1605 4112 1765 4163 fuisse
1799 4112 2143 4162 Saburanum.
2207 4115 2301 4178 At,
2325 4116 2469 4179 quod

265 4196 378 4244 ceris
391 4211 412 4254 ,·
446 4196 583 4262 quod
610 4212 714 4248 non
730 4199 1163 4250 contemnendum
1183 4207 1326 4263 puto.
1394 4193 1506 4257 jam
1531 4191 1828 4243 observavit
1852 4191 2147 4243 doctissima
2169 4192 2320 4242 Anna
2337 4195 2466 4244 Tan.
