3017 4942
742 408 806 455 C.
853 404 1097 455 PLINn
1146 402 1480 457 suctum!
1534 404 1811 457 PANEG.

301 549 483 600 rimam
510 547 767 599 transiliat
790 550 979 614 oratio,
1013 549 1080 600 ad
1106 550 1366 614 Luperca-

301 628 373 675 lia
414 625 719 677 veniamus.'
784 627 856 677 Et
898 628 1012 692 ipse
1060 628 1199 678 Pliu.
1231 626 1370 676 infra

302 715 457 753 mxu.
479 707 528 751 1.
561 705 579 729 ⁸
600 703 718 752 Non
751 703 1027 758 transilivi,
1053 703 1114 752 P.
1141 703 1202 752 C.
1227 703 1367 766 prin·

300 780 436 843 cipis
455 779 622 827 nostri
648 778 1006 829 consulatum-⁹
1051 779 1135 828 Ita
1152 779 1366 828 verbnm

296 855 585 919 proeterveh‘i
622 857 832 919 proprie
865 857 1076 921 quidem
1103 856 1369 920 significat

293 938 313 961 ¹
327 935 465 981 ultra
486 934 603 982 vehi
622 932 656 994 ς’
672 941 729 984 ut
751 934 889 998 apud
914 935 1025 984 Cic.
1041 935 1195 988 Verr.
1216 950 1266 987 V.
1285 940 1366 987 38.

298 1008 570 1059 ‘Insulam
615 1019 778 1060 totam
822 1019 1202 1075 praetervectus
1246 1012 1367 1064 est.'

295 1087 512 1137 Deinde
547 1089 801 1137 translate
835 1089 992 1137 etiam
1030 1089 1219 1139 dicitnr
1252 1104 1365 1154 pro,

295 1166 730 1228 praetermittere‚
768 1167 1062 1229 praeterire,
1106 1168 1362 1229 reticere3

296 1241 373 1290 uti
402 1241 539 1290 idem
571 1242 682 1291 Cic.
709 1254 800 1305 pro
825 1242 1009 1298 Coelio,
1029 1257 1076 1292 e.
1093 1246 1176 1292 21.
1212 1241 1365 1301 ἀλλη-

287 1321 498 1381 ’γορικῶε
525 1318 676 1382 dicit,
711 1325 726 1347 ·
747 1318 1035 1368 Emersisse
1058 1319 1167 1382 jam
1207 1334 1237 1368 e
1276 1335 1363 1369 va-

293 1395 395 1450 dis,
417 1403 477 1443 et
509 1394 752 1457 scopulos
783 1402 1133 1463 praeterrecta
1157 1394 1365 1444 videtur

292 1472 470 1521 oratio
484 1471 632 1520 mea.’
668 1473 735 1521 Et
754 1472 986 1535 Philipp.
1000 1486 1105 1522 vn.
1123 1477 1171 1521 3.
1190 1473 1365 1536 ‘Mag-

289 1563 359 1598 na
385 1562 482 1612 spe
522 1549 782 1613 ingredior
810 1549 860 1598 in
896 1551 1141 1615 reliquam
1172 1551 1364 1600 oratio-

289 1639 454 1688 nem3
491 1626 734 1690 quoniam
769 1626 1265 1689 periculosissimum
1288 1626 1362 1677 lo.

288 1718 411 1752 cum
436 1704 644 1753 silentio
667 1717 778 1753 snm
806 1702 1215 1768 praetervectus?
1274 1705 1363 1754 Iu·

288 1781 478 1829 utilem
501 1794 630 1844 ergo
651 1781 993 1830 mutationem
1018 1780 1239 1829 orationi
1256 1780 1362 1831 Pli-

286 1858 459 1905 nianae
485 1855 682 1905 inferre
715 1871 866 1906 ausus
899 1863 979 1905 est
1018 1856 1254 1906 librarius
1275 1870 1363 1906 co·

287 1930 425 1982 dicis
447 1933 664 1994 Veneti,
687 1933 773 1998 qui
799 1934 1035 1997 reposuit
1058 1936 1179 1997 quod
1202 1932 1361 1994 cuius·

286 2024 379 2074 que
396 2010 763 2074 praedicutione,
783 2011 859 2059 vel
875 2010 1132 2066 transiliri,
1150 2010 1226 2059 vel
1236 2025 1356 2073 proe-

287 2089 499 2150 ter-echi,
548 2089 732 2138 debeat.
799 2089 870 2138 Et
904 2088 1050 2137 nihili
1090 2096 1189 2150 est,
1220 2086 1359 2153 qnod

286 2165 469 2228 paullo
494 2173 634 2229 post,
649 2166 700 2213 in
727 2160 914 2224 verbis,
935 2166 1059 2226 quod
1080 2164 1220 2214 immo
1242 2170 1361 2214 lem·

282 2244 421 2308 poris
440 2248 689 2307 punctum,
713 2243 764 2291 in
790 2241 923 2292 libro
953 2243 1229 2305 vossiano,
1265 2257 1361 2306 pro

283 2323 454 2379 immo,
477 2327 780 2371 annotatum
809 2321 1030 2384 legimus
1051 2322 1201 2369 modo.
1226 2320 1312 2370 Id.

340 2396 596 2462 Beneficio
611 2395 800 2460 sterile]
822 2397 953 2448 Quae
971 2398 1233 2460 praeeipua
1247 2397 1360 2447 laus

285 2481 344 2525 et
367 2474 617 2523 materies
640 2473 854 2523 virtutis
878 2474 930 2522 in
958 2475 1210 2538 principe.
1275 2474 1360 2523 Ti-

286 2551 329 2601 ti
356 2550 485 2599 illud
513 2550 764 2612 innotuit,
780 2539 1133 2612 recordati,se
1153 2550 1277 2599 nihil
1297 2564 1361 2599 eo

282 2628 374 2678 die
424 2627 659 2691 benigne
703 2626 913 2689 fecisse,
965 2627 984 2657 ⁴
1007 2628 1185 2689 amici,
1223 2626 1359 2677 diem

284 2703 500 2769 perdidi
522 2703 557 2752 :'
593 2704 742 2752 Suet.
764 2703 875 2753 Tit.
895 2717 1011 2767 cap.
1033 2708 1089 2753 8.
1151 2702 1360 2767 Trajani

281 2796 403 2846 quae
424 2795 531 2830 nou
550 2781 714 2842 major
733 2779 915 2842 gloria,
931 2793 1027 2828 nec
1042 2786 1360 2829 momentum

284 2870 509 2906 vacuum
548 2870 579 2904 a
614 2854 872 2904 beneficio
910 2853 1186 2904 habentis?
1253 2853 1361 2905 Au·

284 2935 465 2984 sonius
491 2933 630 2982 hunc
668 2932 836 2982 locum
870 2932 1141 2981 aemulatus
1172 2937 1270 2994 est,
1295 2930 1361 2980 de

284 3009 579 3061 Gratiano:
631 3014 647 3039 ⁸
671 3007 860 3072 Neque
904 3021 1032 3056 vero
1070 3022 1224 3057 unum
1270 3008 1359 3057 ali·

282 3088 427 3151 quod
455 3085 647 3134 bonum
673 3097 776 3133 nno
799 3083 884 3133 die
908 3074 1146 3146 praestas',
1167 3083 1258 3133 sed
1284 3084 1361 3133 in-

282 3162 582 3226 dulgentias
618 3160 896 3210 saeculares
928 3174 1024 3224 per
1050 3160 1251 3223 singula
1271 3159 1361 3210 ho·

285 3253 466 3289 rarum
491 3245 759 3287 momenta
778 3236 1131 3300 multiplicas-⁹
1159 3237 1298 3301 Lips.

352 3317 476 3366 Non
520 3313 700 3377 omnio]
757 3314 954 3364 Sensus
1005 3315 1258 3377 postulat,
1304 3321 1361 3364 ut

261 3408 382 3459 ,pro
421 3394 577 3455 Num,
613 3392 751 3456 qnod
797 3389 985 3451 Aldus,
1029 3391 1213 3447 Junta,
1244 3391 1361 3441 Ste-

282 3472 511 3536 phanus,
560 3467 911 3526 Boxhornins,
957 3467 1364 3532 Kirchmaierns,

284 3548 566 3603 Cellarins,
610 3553 666 3596 et
708 3544 851 3593 forte
904 3544 996 3593 alii
1035 3546 1362 3609 evulgarunt,

281 3629 576 3687 reponatur
598 3622 791 3683 Nonne,
813 3622 897 3669 vel
919 3621 1051 3680 Nou,
1071 3622 1359 3684 ἑρσνηματι-

281 3702 394 3751 κῦε·
431 3697 839 3761 suffragantibus
862 3697 981 3746 mihi
1001 3712 1136 3747 nnnc
1161 3699 1359 3749 codici·

280 3776 381 3827 bus
422 3776 559 3826 Mss.
600 3774 891 3831 Vaticanis,
929 3773 1356 3831 Parisiensi,Ve·

279 3860 413 3903 neto
456 3860 706 3916 utroque,
751 3851 1154 3914 salisburgensi,
1199 3852 1356 3901 Guel-

279 3929 638 3995 pherbytano,
654 3937 710 3978 et
724 3940 859 3984 meo,
877 3929 1106 3991 itemque
1124 3929 1355 3991 pluribus

280 4010 433 4062 libris
482 4010 706 4059 excusis.
795 4005 1109 4058 Conferatur
1153 4008 1358 4057 Plinius

280 4095 469 4138 noster
488 4101 647 4149 supra
672 4098 794 4134 xiv.
824 4089 869 4134 1.
894 4094 1059 4134 xmx.
1084 4089 1134 4135 4.
1165 4092 1220 4135 et
1239 4099 1351 4149 pas-

281 4166 402 4214 sim.
437 4164 685 4213 Schmun.

350 4240 432 4291 De
455 4241 647 4290 biennio
664 4237 852 4303 loquor]
887 4239 934 4288 1.
957 4253 1006 4288 e.
1030 4239 1251 4290 necdum
1278 4240 1351 4289 lo·

281 4330 412 4383 quor
432 4318 499 4369 de
522 4318 584 4367 iis
615 4316 866 4374 omnihus,
892 4330 1009 4382 quae
1041 4316 1180 4368 intra
1203 4317 1350 4368 bien-

1894 407 1944 457 1.
1975 390 2086 456 56.
2370 392 2501 458 797

1442 551 1583 601 nium
1621 551 1821 617 imperii
1859 552 1955 608 tui,
1991 565 2022 600 a
2057 556 2289 613 tempore
2320 550 2502 602 mortis

1443 627 1660 689 Nerva»,
1683 628 1771 692 qui
1795 627 1847 678 d.
1866 632 1946 678 27.
1970 627 2089 678 Jan.
2113 624 2177 676 Α.
2202 627 2261 676 C.
2283 631 2366 676 98.
2388 626 2502 675 obi-

1441 712 1578 762 erat,
1621 718 1651 753 a
1696 714 1749 755 te
1793 714 1941 769 gesta
1990 711 2128 753 sunt.
2192 703 2331 752 Illud
2374 716 2503 753 vero

1442 781 1702 831 biennium
1734 781 1940 831 demum
1977 781 2030 829 d.
2065 784 2146 830 27.
2181 779 2302 831 Jau.
2339 779 2405 829 A.
2438 781 2501 831 C.

1443 862 1558 908 100.
1597 860 1914 922 completum
1946 864 2079 908 erat.
2149 856 2503 920 Panegyricus

1443 945 1616 984 antem
1652 933 1759 997 bic,
1797 935 1981 984 eodem
2017 946 2151 982 anno
2185 940 2303 996 post
2326 932 2502 981 Chris-

1443 1018 1551 1062 tum
1595 1020 1773 1062 natum
1817 1012 2118 1070 centesimo,
2152 1024 2330 1059 mense
2370 1009 2501 1072 Sep·

1442 1089 1649 1152 tembri‚
1672 1089 1882 1138 habitus
1906 1097 2005 1137 est.
2043 1087 2359 1138 observarit
2384 1087 2503 1149 Lips

1437 1165 1565 1225 sius,
1610 1180 1676 1214 ex
1716 1166 1792 1215 his
1831 1165 2004 1222 verbis
2051 1165 2247 1228 liquere
2293 1171 2499 1226 tempus

1440 1245 1742 1293 consulatus
1777 1242 2019 1299 Pliniani,
2048 1250 2102 1291 et
2126 1241 2286 1290 dictse
2312 1240 2501 1291 oratio-

1440 1321 1540 1369 nis.
1573 1318 1725 1370 Quod
1752 1318 2009 1368 biennium
2035 1316 2357 1365 intellexerit
2376 1316 2500 1366 doe-

1441 1396 1666 1445 tissimus
1699 1396 1991 1445 Massouius
2029 1395 2081 1443 in
2107 1394 2232 1443 Vita
2256 1393 2315 1443 C.
2340 1394 2500 1445 Plinii

1439 1475 1667 1525 Secundi
1705 1466 1954 1533 Junioris,
1999 1487 2136 1523 nunc
2176 1473 2286 1537 ejus
2327 1472 2499 1523 verbis

1437 1564 1713 1614 exponam,
1726 1557 1907 1614 utpote
1920 1550 2007 1613 qui
2022 1549 2086 1597 ad
2106 1561 2291 1596 annum
2308 1548 2503 1598 Christi

1439 1641 1600 1677 xcix.
1622 1643 1675 1679 n.
1709 1630 1759 1677 3.
1792 1634 1847 1676 et
1877 1631 1926 1676 4.
1948 1628 2060 1675 haec
2081 1632 2463 1676 commentatur
2482 1641 2500 1677 s

1438 1704 1689 1767 Trajanus
1733 1701 1900 1751 adhuc
1942 1702 2062 1750 dum
2108 1701 2158 1749 in
2195 1700 2498 1766 Germania,

1437 1794 1530 1833 seu
1554 1781 1618 1830 ad
1646 1781 1868 1832 Danubii
1895 1780 2079 1845 ripam,
2108 1779 2344 1842 degeret,
2366 1795 2497 1831 anno

1440 1860 1634 1910 Christi
1656 1864 1740 1910 99.
1761 1861 1973 1909 ineunte
1993 1873 2010 1920 ς
2031 1858 2252 1907 maxime
2271 1871 2386 1906 cnm
2412 1859 2499 1913 ille

1438 1938 1664 1987 noluerit
1690 1936 1900 1986 tertium
1928 1937 1977 1984 in
1996 1935 2132 1984 hunc
2152 1948 2339 1984 annum
2363 1935 2498 1984 reci·

1438 2027 1566 2078 pere
1604 2013 1949 2075 consulatum,
1990 2012 2127 2077 quod
2159 2026 2275 2060 eum
2313 2011 2497 2061 absens

1438 2104 1622 2154 gerere
1644 2089 1876 2140 nolebat.
1910 2089 2109 2152 Paneg.
2129 2102 2245 2151 cap.
2263 2100 2352 2136 Lx.
2387 2088 2497 2137 Un-

1437 2165 1505 2215 de
1530 2166 1736 2231 patefit,
1759 2167 2037 2231 Trajanum
2055 2179 2149 2230 per
2166 2166 2293 2214 duos
2316 2165 2500 2216 saltem

1437 2244 1642 2307 priores
1678 2245 1828 2309 hujus
1873 2245 1994 2293 anni
2037 2256 2259 2299 menses,
2293 2242 2499 2306 quibus,

1439 2334 1536 2385 pro
1556 2322 1691 2371 illius
1718 2321 1966 2385 temporis
1990 2334 2151 2383 more,
2176 2319 2498 2373 consulatum

1438 2400 1706 2462 gessisset,
1739 2398 1838 2447 uisi
1877 2403 2185 2460 recusasset,
2219 2395 2380 2445 Roma
2411 2394 2501 2443 ab·

1436 2472 1613 2524 fuisse.
1681 2474 1765 2525 An
1823 2474 1994 2537 paullo
2053 2480 2190 2535 post,
2233 2484 2498 2536 vernoque

1436 2556 1697 2617 tempore,
1721 2550 1899 2599 urbem
1925 2550 2158 2613 petierit,
2178 2548 2313 2598 haud
2337 2549 2500 2597 omni·

1437 2642 1504 2678 no
1542 2636 1882 2692 compertum.
1960 2627 2091 2675 Eum
2130 2633 2325 2682 tamen,
2364 2639 2498 2675 anno

1435 2703 1575 2754 hand
1623 2704 1843 2753 multum
1885 2701 2080 2757 adulto,
2115 2702 2224 2766 jam
2262 2701 2497 2765 rediisse,

1436 2796 1502 2830 ex
1549 2795 1614 2830 eo
1651 2780 1949 2843 intelligere
1995 2777 2137 2833 licet,
2175 2777 2333 2842 qnod,
2376 2791 2497 2831 cum

1436 2857 1632 2908 Noster
1674 2871 1737 2905 ea
1778 2856 2064 2916 recitasset,
2105 2868 2217 2917 quae
2243 2853 2496 2918 Trajanus

1437 2943 1554 2999 post
1568 2935 1899 3000 adoptionem
1916 2941 2211 2998 peregerat,
2223 2939 2498 2999 antequam

1437 3013 1648 3062 tertium
1672 3012 1958 3074 susciperet
1977 3012 2319 3072 consulatum,
2343 3024 2495 3075 quem

1436 3095 1647 3139 constat
1670 3101 1802 3139 anno
1819 3088 2014 3137 Christi
2051 3087 2356 3150 centesimo,
2377 3089 2499 3139 Kal.

1435 3165 1650 3217 Januar.
1672 3165 1911 3221 subiisse,
1932 3165 2074 3215 dicat
2100 3180 2226 3229 cap.
2260 3179 2369 3215 tvl.
2394 3166 2498 3215 Pa·

1436 3243 1685 3306 negyrici,
1720 3241 1974 3291 ‘necdum
2020 3241 2088 3291 de
2133 3242 2343 3292 biennio
2380 3258 2496 3293 esse

1435 3319 1700 3369 locutum?
1751 3319 1888 3368 Illud
1909 3321 2042 3368 enim
2067 3319 2347 3376 biennium,
2362 3321 2404 3370 si
2430 3321 2497 3372 ab

1434 3397 1745 3461 ‘adoptionis
1763 3395 2036 3460 tempore,’
2060 3398 2094 3445 i.
2110 3413 2156 3446 e.
2175 3411 2308 3446 anuo
2323 3397 2497 3447 Chris·

1439 3474 1478 3523 ti
1502 3477 1586 3523 97.
1623 3481 1848 3523 exeunte
1879 3472 2120 3529 Octobri,
2155 3480 2211 3522 ut
2241 3487 2342 3521 non
2368 3473 2498 3525 nulli

1438 3552 1639 3610 volunt,
1662 3548 1741 3598 rel
1760 3548 1937 3613 potins
1961 3549 2175 3597 ineunte
2196 3547 2498 3610 Novembri,

1436 3634 1496 3677 ut
1543 3626 1740 3676 rectius
1785 3624 1976 3689 prohat
2022 3624 2193 3674 Emiu.
2236 3623 2395 3672 Noris
2430 3624 2498 3672 de

1434 3700 1970 3766 Epoch.Syrouiaced.
1990 3714 2040 3763 p.
2061 3705 2175 3749 559.
2194 3699 2503 3762 deducatur,

1434 3781 1753 3842 completum
1795 3777 2079 3830 Novembri
2110 3790 2241 3824 anuo
2271 3775 2391 3825 Cbr.
2412 3781 2498 3825 99.

1430 3856 1612 3918 fuerit,
1661 3871 1722 3907 ac
1760 3854 1976 3920 proinde
2003 3853 2265 3917 Trajanus
2300 3853 2497 3917 aliquot

1431 3938 1551 3983 ante
1567 3931 1826 3981 mensibus
1844 3929 2059 3978 redierit
2077 3945 2092 3991 3
2119 3928 2357 3993 quoniam
2377 3932 2496 3992 post

1431 4009 1656 4059 reditum
1713 4006 2112 4072 quamplurima·
2144 4006 2366 4069 peregit,
2425 4005 2493 4055 ad

1432 4100 1545 4150 quae
1583 4083 1861 4134 necessarii
1890 4081 2101 4131 fuerunt
2132 4082 2329 4145 aliquot
2351 4095 2493 4132 men-

1431 4178 1532 4212 ses.
1604 4161 1810 4211 Etenim
1834 4159 2148 4222 congiarium
2177 4159 2369 4222 populo
2394 4159 2494 4208 ἀίει

1431 4239 1642 4300 tribuit3
1683 4239 1930 4287 alimenta
1970 4237 2143 4285 liberis
2173 4235 2488 4298 pauperibus

1429 4315 1718 4368 educandis
1742 4314 2025 4377 concessit3
2044 4321 2242 4362 tautam
2269 4326 2485 4362 annonas
