3017 4942
488 357 625 426 702
1192 376 1412 428 Nous
1461 377 1560 428 vA
1577 377 1872 430 aionon
1918 379 2002 430 m

487 521 640 571 xlmis
661 534 870 586 semper
903 520 1147 573 auctibus
1178 536 1451 585 crescere3
1482 523 1557 574 sic

488 612 622 661 paca
668 598 846 659 bonos,
883 598 958 647 sie
994 597 1153 661 bello,
1184 599 1333 649 fleri:
1388 601 1557 650 maxi-

487 691 626 725 mum
656 675 860 727 ⁴Romoe
918 679 1186 742 praemiuut
1238 679 1553 729 seditionum

486 767 637 813 οπεος
661 753 713 801 id
728 757 793 803 'et
814 754 1030 818 singulis
1051 756 1403 821 universisque
1418 771 1552 806 aetn-

485 843 583 895 per
605 830 785 880 honori
810 829 1007 881 fuisse?
1069 833 1211 884 Plin.
1229 834 1397 898 Epist.
1414 847 1478 884 u.
1500 837 1551 883 7.

483 907 501 934 ⁸
526 903 731 956 Acuent
758 907 821 955 ad
848 908 1007 957 bonas
1029 917 1172 959 artes
1198 910 1551 974 juventutem.

485 977 912 1035 adolescentibus
955 1000 1180 1050 quoque,
1245 985 1388 1050 digni
1445 988 1551 1037 sint

486 1061 658 1120 modo,
695 1066 843 1112 tanta
882 1064 1097 1128 premia
1134 1063 1455 1115 constituta.’
1498 1066 1552 1114 I·

547 1217 800 1267 Acuuntur
817 1216 932 1282 islo]
949 1218 1203 1268 Armatur
1213 1218 1329 1277 isti,-
1346 1218 1552 1270 scilicet

483 1294 573 1359 qui
610 1295 663 1343 in
699 1295 875 1345 amicis
911 1296 1030 1353 tuis,
1068 1296 1155 1362 qui
1187 1295 1412 1347 honores
1441 1296 1550 1362 jam

484 1372 682 1433 adepti.
715 1372 878 1422 Livia.

546 1448 803 1506 Acuuntru:
820 1447 939 1511 isto]
973 1450 1224 1499 Acuuulru·
1242 1448 1360 1508 isti3
1390 1448 1549 1498 immo

480 1523 594 1585 islo,
624 1539 736 1573 meo
770 1510 1009 1587 judicio3
1060 1532 1117 1575 et
1153 1524 1412 1575 sententia
1446 1530 1550 1582 est,

483 1602 570 1668 qui
592 1603 787 1652 -videut
817 1604 893 1653 sic
930 1603 1099 1652 attolli
1136 1617 1167 1651 a
1198 1610 1249 1652 te
1278 1603 1549 1666 virtutem,

479 1679 645 1741 magis
670 1686 928 1729 acuuntur
951 1687 1006 1728 et
1035 1678 1395 1739 stimulantum
1427 1677 1547 1729 boni

479 1755 688 1818 quidem
733 1769 845 1803 eam
893 1754 1165 1819 persequi-3
1217 1755 1397 1819 etqui
1445 1770 1547 1806 non

479 1829 623 1889 boni,
653 1829 869 1881 flectere
891 1846 947 1881 se
970 1839 1024 1880 et
1048 1830 1210 1897 sequi.
1242 1832 1380 1894 Lips.

543 1907 794 1957 Acuuntrtr
811 1906 928 1970 isto]
961 1908 1073 1957 Isti.
1106 1912 1121 1937 ⁸
1142 1908 1230 1958 Sic
1249 1907 1544 1959 Antoninus

479 1983 824 2047 Philosophus
849 1998 914 2033 ex
939 1985 1083 2034 malis
1105 1984 1268 2035 bonos
1293 1985 1441 2049 fecit,
1475 2001 1543 2036 ex

478 2061 628 2111 bonis
673 2063 937 2126 optimos:
987 2061 1193 2127 fuitque
1233 2078 1327 2126 per
1370 2066 1545 2114 omnia

476 2138 918 2188 moderatissimus
952 2139 1004 2188 iu
1039 2140 1329 2190 hominibus
1366 2140 1544 2191 deter-

479 2213 655 2265 rendis
680 2231 708 2264 a
732 2216 886 2277 malo,
920 2215 1198 2265 invitandis
1231 2216 1294 2265 ad
1331 2217 1543 2276 bouum,

480 2287 870 2341 remunerandis
917 2293 1068 2357 copia
1116 2301 1172 2344 et
1214 2294 1542 2360 indulgentia

477 2367 746 2418 liberalis!
781 2368 935 2418 ΒΜ.

541 2442 779 2508 Proemia]
810 2444 1090 2495 Sallustius
1127 2446 1190 2496 ad
1226 2446 1361 2497 Caes.
1387 2446 1544 2497 Orat.

475 2534 538 2569 n.
566 2525 647 2572 48.
681 2530 695 2552 ⁴
721 2521 904 2573 Gloria
936 2522 1193 2574 industria
1229 2524 1416 2575 aliturz
1450 2524 1540 2574 ubi

472 2611 588 2647 eam
633 2599 942 2663 dempseris,
980 2600 1094 2663 ipsa
1137 2616 1232 2665 per
1273 2616 1330 2651 se
1370 2601 1538 2651 virtus

474 2687 649 2725 antas-a
672 2684 830 2740 atque
853 2689 1039 2741 aspera
1060 2677 1180 2729 eat.’
1227 2677 1381 2727 Idem
1398 2676 1538 2727 Hist.

476 2766 514 2801 ι.
552 2755 602 2802 ⁸.
644 2754 723 2802 ts.
782 2753 805 2782 ⁸
850 2753 952 2803 Ubi
999 2754 1158 2803 malos
1200 2756 1416 2819 praernia
1455 2770 1537 2804 se-

473 2839 723 2893 quuntur,
753 2828 888 2878 haurd
924 2827 1082 2880 facile
1115 2832 1380 2895 quisquam
1419 2846 1538 2896 gra-

472 2906 603 2955 tuito
629 2906 788 2954 bonus
812 2903 933 2955 est!
978 2906 1178 2970 Livius,
1213 2914 1229 2936 ‘
1253 2907 1397 2957 Nihil
1432 2907 1548 2957 non'

471 2981 767 3045 aggressuri
805 2988 927 3030 sunt
974 2980 1222 3038 homines,
1266 2983 1308 3031 si
1349 2997 1537 3045 magna

472 3060 671 3107 conatis
694 3065 881 3121 magna
901 3057 1114 3121 priemia
1143 3058 1536 3122 proponantur?

471 3134 606 3196 Lips.

536 3205 777 3273 Premis]
801 3209 926 3259 Tac.
945 3208 1085 3260 Anu.
1103 3213 1168 3261 η’.
1191 3209 1206 3238 ‘
1223 3210 1535 3276 Languescit

471 3285 743 3342 industria,
765 3287 1058 3336 intenditur
1078 3287 1331 3344 socordia,
1353 3290 1395 3338 si
1418 3291 1535 3339 nul·

471 3363 551 3412 lus
593 3377 661 3412 ex
705 3376 763 3411 se
808 3370 977 3413 metus
1016 3372 1114 3413 ant
1157 3364 1316 3428 apes?
1393 3366 1534 3417 Vide

469 3452 674 3503 quoque
712 3446 885 3488 notam
921 3444 970 3490 δ.
1014 3439 1079 3489 ad
1118 3441 1368 3491 corollam
1410 3443 1532 3492 Tul·

467 3517 653 3565 lianam
721 3517 986 3581 quinctam
1056 3516 1197 3569 clar.
1260 3517 1534 3571 Meisneri.

473 3592 622 3642 Rern.

531 3670 733 3733 Ingenio
754 3671 939 3735 valent]
973 3672 1099 3722 Tam
1135 3670 1302 3721 valida
1339 3670 1530 3722 solida·

467 3761 571 3809 que
606 3754 777 3796 mente
810 3756 950 3810 sunt,
974 3756 1032 3798 ut
1057 3750 1301 3799 virtutem
1337 3754 1428 3799 aut
1454 3750 1528 3799 vi-

468 3825 595 3874 tium
622 3841 653 3875 a
673 3841 805 3889 sese,
840 3823 943 3877 non
966 3842 996 3877 a
1025 3841 1266 3879 successu
1287 3836 1378 3882 aut
1394 3842 1530 3880 mer-

466 3901 615 3962 cede,
639 3904 885 3967 pendant.
915 3903 1052 3966 Lips.

533 3981 684 4043 Bene,
704 3995 761 4029 «ιο
779 3980 931 4044 secus]
965 3982 1014 4031 1.
1037 3996 1084 4032 e.
1111 3980 1265 4047 bene,
1286 3997 1347 4033 ac
1370 3986 1526 4035 male.

406 4052 411 4057 ’
465 4051 617 4102 Rich.
652 4054 922 4105 Bentleius
962 4055 1015 4105 in
1055 4058 1195 4106 notis
1232 4058 1298 4107 ad
1335 4059 1528 4110 Horat.

467 4130 578 4179 Sat.
603 4143 664 4180 ir.
691 4135 736 4180 l.
761 4134 842 4181 31.
873 4131 935 4182 ὣς
955 4132 1007 4180 ἐν
1035 4133 1218 4197 παρόδῳ
1252 4143 1449 4198 monet,
1473 4140 1527 4187 in

463 4206 563 4255 hoc
605 4207 767 4256 Plinii
794 4210 909 4259 loco
940 4210 1214 4273 legendum
1251 4227 1365 4262 esse
1397 4214 1533 4279 bene,

464 4288 547 4332 unt
586 4297 734 4342 secus,
774 4285 934 4336 cessit.
998 4287 1167 4339 Quam
1203 4296 1377 4340 notam
1408 4292 1525 4356 jam

1630 525 2015 588 preoccupavit
2047 524 2380 589 Arutzenius,
2410 530 2467 575 et
2490 538 2558 575 ex
2585 500 2729 575 aliis·

1629 601 1969 664 scriptoribus
2003 600 2206 666 aliquot
2248 603 2489 666 exempla
2533 616 2700 652 anuo·

1628 676 1781 736 tavit,
1806 677 1857 725 in
1891 677 2076 741 quibus
2099 677 2177 727 bae
2212 679 2480 741 particulae
2513 678 2702 728 simili·

1628 759 1713 803 ter
1731 755 2145 819 conjungunturz
2173 755 2189 782 ‘
2214 755 2366 819 bene,
2386 764 2475 806 aut
2492 772 2645 806 secus
2662 755 2698 820 ς’

1626 828 1757 893 sive,
1792 837 1809 860 ⁴
1832 837 1998 895 recte,
2022 839 2110 881 aut
2131 831 2322 883 secus.’
2386 833 2574 883 Placet
2592 834 2699 883 ista

1626 903 1950 968 admonitio3
2004 921 2175 972 neque
2230 908 2536 958 incredibile
2594 916 2697 972 est,
2747 975 2754 980 ·

1625 982 1859 1046 potuisse
1900 983 2137 1033 librarios
2183 984 2463 1048 particulas
2505 999 2589 1039 ac,
2624 990 2697 1044 ut,

1623 1064 1727 1120 aet,
1749 1055 2091 1111 confundere.
2159 1061 2415 1112 Quoniam
2435 1075 2561 1111 vero
2581 1063 2696 1111 nnl-

1625 1134 1704 1183 lus
1725 1135 1859 1184 liber
1887 1137 2191 1187 varietatem
2225 1136 2482 1200 quandam
2517 1145 2697 1187 osten·

1624 1212 1721 1273 dit,
1758 1226 1855 1262 nec
1890 1214 2111 1263 mutatio
2133 1212 2368 1279 q‘uoedatn
2400 1215 2694 1264 necessaria

1623 1295 1737 1352 θείς
1774 1304 1891 1339 cum
1917 1290 2119 1341 Plinius
2155 1292 2239 1342 liic
2269 1306 2420 1356 aeque
2456 1293 2695 1355 potuerit

1624 1380 1719 1431 per
1764 1369 2001 1431 copulam
2049 1370 2365 1434 conjungere
2405 1370 2694 1434 particulas

1623 1443 1735 1494 bene
1756 1461 1813 1494 ac
1833 1460 1983 1504 secus,
2013 1447 2149 1497 sicut
2182 1448 2529 1512 conjunxerat
2555 1453 2694 1511 turpe

1621 1519 1961 1585 mestumque
1968 1538 1989 1581 ‚·
2012 1522 2136 1572 nihil
2151 1523 2219 1572 de
2238 1525 2448 1586 vulgata
2464 1524 2694 1574 lectione

1621 1597 1992 1649 immutandum
2018 1599 2162 1650 duxi.
2196 1599 2436 1651 Schwarz.

1697 1670 1793 1725 Ubi
1835 1676 2034 1739 laboris]
2090 1677 2155 1726 In
2205 1677 2388 1727 codice
2430 1677 2691 1728 Vaticano

1620 1754 1769 1802 ⁸461.
1791 1752 1916 1801 etin
1939 1752 2421 1818 Guelplierbytauo,
2445 1769 2543 1816 pro
2562 1767 2691 1803 voce

1619 1827 1813 1888 loboris,
1857 1829 2106 1892 scriptum
2152 1836 2235 1879 est
2276 1830 2459 1887 tabon·;
2492 1834 2549 1878 et
2596 1843 2690 1892 pro

1603 1906 1939 1970 flammatis,
1953 1907 2243 1970 frugalitati
2253 1924 2273 1967 ,-
2294 1906 2426 1956 baud
2452 1921 2604 1957 secus
2626 1922 2690 1957 ac

1620 1982 1671 2031 in
1697 1984 2133 2033 antecedentibus
2171 1984 2328 2033 iidem
2363 1982 2593 2045 codices,
2624 1998 2686 2033 ac

1619 2059 1755 2109 liber
1776 2060 2084 2123 Vossianus,
2107 2067 2164 2110 et
2195 2058 2356 2109 editio
2381 2059 2684 2121 Puteolani,

1617 2137 1988 2203 Beroaldique,
2025 2150 2118 2201 pro
2164 2139 2391 2200 expetunt
2435 2134 2688 2184 exhibent

1616 2220 1886 2277 expectant.
1955 2216 2090 2266 Quae
2135 2218 2308 2261 autem
2348 2210 2537 2261 menda
2583 2225 2684 2261 uon

1616 2289 2010 2341 debentur-nisi
2048 2287 2377 2353 negligentiae
2421 2295 2513 2336 aut
2550 2288 2685 2338 iuer-

1617 2370 1705 2421 tiae
1747 2370 2094 2421 librariorum.
2133 2362 2248 2418 ⁴Sic
2288 2381 2410 2417 vero
2445 2374 2685 2417 constru-

1616 2447 1751 2498 enda
1778 2455 1897 2497 sunt
1919 2448 2023 2497 ista
2043 2447 2220 2508 verba,
2240 2450 2257 2475 ‘
2272 2444 2359 2494 ubi
2381 2458 2585 2493 merces
2611 2445 2684 2494 la·

1617 2524 1758 2574 boris
1782 2524 1935 2574 datur
1959 2523 2182 2585 inertiae,
2200 2519 2320 2572 &cl
2344 2521 2499 2571 Idem.

1678 2600 1882 2650 Laboris
1921 2598 2137 2661 inertie]
2208 2597 2295 2647 Sic
2349 2598 2448 2645 sub
2506 2596 2684 2647 Galba

1611 2677 1626 2704 ⁸
1644 2676 1883 2741 segnitie
1897 2683 2012 2725 erat
2024 2671 2318 2739 sapientia!
2346 2672 2521 2722 Tacit.
2539 2673 2682 2724 Hist.

1613 2767 1651 2803 1.
1696 2755 1793 2804 sub
1837 2754 2072 2815 Nerone,
2118 2752 2135 2780 ‘
2159 2750 2345 2801 inertia
2388 2743 2690 2820 sapientia!

1611 2828 1785 2894 Agric·
1808 2844 1926 2893 cap.
1948 2833 1999 2879 6.
2040 2829 2190 2878 Rern.

1677 2905 2017 2968 Quibit-alios]
2049 2907 2067 2934 ⁴
2088 2904 2245 2956 euius
2266 2902 2568 2960 Petronius,
2592 2871 2698 2954 ω’
2731 2883 2738 2888 ’

1609 2982 1722 3033 dies
1760 2998 1855 3048 per
1888 2995 2142 3042 somnum,
2177 2996 2277 3033 nox
2301 2978 2482 3031 officiis
2505 2993 2563 3031 et
2585 2981 2677 3032 ob·

1610 3059 1935 3109 lectamentis
1950 3058 2071 3108 vitae
2092 3057 2492 3121 transigebatur,
2511 3064 2677 3123 utque

1609 3136 1737 3186 alios
1773 3135 2047 3191 industria,
2086 3136 2160 3184 ita
2191 3135 2328 3184 hunc
2362 3134 2573 3199 ignavia
2609 3135 2676 3184 ad

1607 3211 1798 3262 famam
1819 3210 2139 3275 protulerat:
2165 3210 2428 3262 revolutus
2449 3209 2513 3257 ad
2531 3210 2677 3267 vitia,

1604 3304 1696 3339 seu
1722 3290 1958 3338 vitiorum
1989 3288 2353 3349 imitationem,
2384 3287 2521 3336 inter
2547 3302 2672 3351 pau·

1607 3380 1696 3416 eos
1716 3365 2043 3415 familiarium
2069 3364 2268 3415 Neroni
2290 3370 2545 3413 assumtus
2564 3362 2678 3414 est.'

1604 3443 1775 3492 Tacit.
1796 3442 1987 3492 Annal.
2010 3455 2127 3493 xvi.
2150 3442 2298 3491 Bene
2320 3442 2585 3492 Martialis
2609 3442 2688 3492 de.

1606 3520 1824 3569 aulicis:
1860 3524 1877 3549 ‘
1904 3519 2075 3569 Nemo
2113 3532 2251 3575 suos,
2284 3518 2395 3568 liaeo
2422 3525 2505 3567 est
2535 3519 2669 3569 aulas

1604 3605 1789 3647 natura
1830 3598 2081 3660 potentis,
2126 3595 2229 3647 Sed
2271 3594 2462 3646 domiui
2499 3611 2672 3648 morea

1603 3676 1930 3726 Caesarianus
1953 3674 2145 3727 habet.’
2181 3677 2329 3726 Idem.

1666 3753 1802 3808 Du'm
1822 3756 2169 3821 volunt,fiunt]
2203 3758 2247 3807 1.
2271 3773 2314 3806 e.
2338 3756 2460 3806 dum
2488 3725 2690 3808 volunt·

1602 3825 1768 3884 videri
1801 3834 1993 3883 similes
2017 3834 2187 3895 malis,
2224 3832 2291 3882 ad
2327 3834 2674 3896 promerenda

1601 3911 1747 3975 paria
1769 3910 2006 3974 premia,
2028 3910 2149 3959 mali
2166 3909 2316 3959 fiunt.
2352 3909 2513 3959 Ovid.
2536 3910 2672 3961 Met.

1601 4002 1665 4039 n.
1698 3992 1813 4039 84⁶.
1860 3988 1878 4017 ‘
1900 3988 2039 4038 Nan
2062 4001 2258 4038 morem
2283 3986 2488 4038 fecerat
2513 3986 2692 4048 usus),

1600 4065 1769 4115 Tacit.
1805 4064 1983 4127 Agric.
2017 4078 2134 4127 cap.
2157 4069 2210 4114 2.
2242 4072 2259 4095 ⁴
2281 4063 2438 4114 Subit
2469 4066 2668 4130 quippe

1600 4141 1758 4189 etiarn
1792 4142 1955 4203 ipsius
1989 4140 2193 4189 inertioe
2213 4139 2460 4202 dulcedo,
2497 4150 2555 4190 et
2594 4143 2668 4190 iu-

1602 4216 1711 4265 visa
1733 4216 1901 4280 primo
1920 4214 2122 4264 desidia
2141 4220 2403 4279 postremo
2423 4216 2671 4268 amatur.’

1600 4292 1812 4345 Curtius
1850 4305 1927 4344 w.
1962 4296 2044 4343 16.
2082 4292 2150 4343 de
2185 4291 2467 4344 militibus:
2504 4300 2518 4323 ⁸
2542 4295 2663 4344 dum
