3017 4942
477 383 611 450 612

477 549 565 596 tus
598 548 797 606 noster,
819 539 1179 593 Periculorum
1204 553 1254 592 e.
1279 546 1360 592 15.
1382 553 1438 606 p.
1460 544 1546 594 ³9.

478 616 711 685 ejusdem
745 619 847 672 ioci
881 618 1175 684 Symmachi
1203 618 1547 682 meminisset,

480 698 597 750 baec
617 698 764 749 addit
783 712 797 747 ε
833 705 848 727 ‘
869 696 1092 747 Labitur
1111 696 1407 761 Scioppius,
1430 710 1550 747 curn

481 776 575 832 ait,
594 790 625 825 a
646 775 787 825 nullo
812 780 1114 838 usurpatum
1139 773 1375 836 verbum,
1392 774 1549 824 ‘ube-

479 855 638 909 rare,’
658 851 756 901 nisi
783 863 816 901 a
839 850 1096 909 Palladio,
1130 864 1194 900 eo
1232 849 1549 915 significatu.

479 928 618 980 Nam
644 928 783 979 idem
815 928 1154 993 Symmachus
1176 927 1255 978 ita
1276 927 1399 978 alibi
1424 942 1552 994 quo-

479 1021 584 1072 que
619 1006 864 1071 loquitur,
896 1004 1071 1070 Epist.
1093 1019 1180 1057 m.
1203 1006 1254 1058 1.
1273 1006 1439 1057 ‘Nam
1464 1005 1551 1069 je·

468 1084 630 1149 junas
653 1093 805 1133 aures
827 1095 989 1140 meas,
1012 1090 1068 1133 et
1092 1083 1332 1146 praeelari
1355 1081 1551 1146 eloquii

478 1163 555 1214 tui
600 1162 727 1213 satis
769 1172 1031 1227 superque
1071 1162 1329 1224 sitientes,
1362 1160 1552 1212 affatus

477 1239 677 1305 largior
699 1238 884 1289 debuit
920 1237 1177 1301 uberare-³
1244 1239 1416 1290 Etiam
1441 1238 1547 1288 Pu·

478 1317 619 1373 nius,
671 1316 726 1367 iu
767 1315 1028 1382 Panegyr.
1071 1329 1262 1368 xxxn.
1293 1314 1386 1367 ·2.’
1453 1314 1551 1365 His

482 1393 652 1446 adhuc
685 1405 842 1443 unum
876 1393 1053 1443 iocum
1086 1393 1223 1443 addo
1256 1401 1324 1442 ex
1344 1389 1551 1442 Pallad.

481 1471 570 1520 tit.
609 1483 701 1520 m.
741 1473 818 1519 17.
858 1473 910 1519 4.
941 1470 1186 1521 ‘Surculi
1228 1475 1424 1531 autem,
1462 1469 1552 1533 qui

480 1546 750 1599 inserendi
786 1551 924 1603 sunt,
955 1546 1062 1598 sint
1094 1548 1304 1604 novelli,
1332 1545 1553 1608 fertiles,

482 1655 498 1675 .
521 1656 537 1673 .
559 1656 576 1674 .
599 1624 812 1687 gemmis
857 1622 1092 1687 pluribus
1133 1622 1379 1673 uberati.’
1443 1621 1550 1673 Sed

480 1701 700 1750 verbnm
757 1700 994 1749 neutrius
1050 1700 1273 1764 generis,
1318 1704 1334 1728 ‘
1360 1698 1553 1749 exube-

480 1773 640 1840 rare,’
661 1775 699 1825 i.
722 1788 770 1825 e.
793 1775 1006 1824 uberem
1031 1787 1168 1838 esse,
1183 1779 1240 1825 et
1261 1773 1551 1834 abundare,

480 1853 622 1917 apud
653 1852 951 1916 Virgilium,
981 1851 1240 1909 Tacitum,
1271 1859 1553 1915 utrumque

481 1930 731 1992 Plinium,
759 1927 992 1993 aliosque
1021 1932 1282 1991 auctores,
1308 1942 1409 1978 non
1435 1942 1554 1977 raro

479 2006 743 2068 occurrit-3
787 2004 1078 2071 eodemque
1124 2019 1332 2069 genere,
1370 2012 1426 2054 et
1466 2019 1555 2054 ea·

481 2082 603 2134 dem
639 2083 868 2139 notione,
898 2082 1058 2133 etiam
1094 2081 1318 2145 simplex
1339 2081 1553 2132 verbum

481 2158 770 2210 ‘uberare’
804 2159 993 2224 saepius
1027 2174 1057 2209 a
1090 2158 1381 2210 Columella
1415 2161 1555 2223 posi·

483 2243 592 2288 tum
619 2236 877 2288 invenies.
942 2238 1048 2287 Pro
1083 2237 1182 2288 boc
1213 2238 1374 2300 igitur
1395 2236 1554 2287 verbo

481 2311 774 2379 ‘uberare,’
812 2321 1069 2379 quatenus
1101 2315 1292 2379 agendi
1328 2316 1427 2365 vim
1462 2315 1551 2365 lua·

482 2390 598 2450 bet,
618 2391 805 2442 Cicero
832 2391 989 2447 dixit,
1010 2398 1026 2422 ⁸
1044 2390 1422 2443 fecunditatem
1449 2399 1552 2441 ter·

485 2468 557 2518 ris
584 2466 785 2531 odare3'
837 2469 1045 2518 Plinius
1081 2469 1286 2527 Senior,
1327 2468 1344 2497 ‘
1367 2468 1555 2519 uberes

483 2541 701 2609 facere,’
738 2550 796 2595 et
827 2542 1190 2594 ‘fecundum'
1254 2543 1330 2594 At
1367 2545 1553 2604 Eume-

483 2624 600 2683 nius
625 2623 778 2674 Grat.
802 2620 929 2677 Act.
950 2636 1031 2673 tx.
1052 2627 1101 2672 6.
1135 2621 1347 2672 adhibet
1382 2623 1434 2672 in
1467 2637 1555 2673 ea-

483 2700 604 2752 dem
629 2700 839 2753 notione
862 2700 1076 2751 verbum
1103 2702 1118 2728 ‘
1137 2699 1423 2750 ubertare.'
1466 2701 1557 2750 Sic

484 2777 620 2827 enim
645 2791 745 2827 non
769 2777 934 2827 solum
959 2777 1010 2826 iu
1035 2776 1216 2826 codice
1236 2791 1370 2840 meo,
1388 2775 1479 2826 sed
1498 2782 1558 2828 et

488 2855 542 2904 in
560 2853 956 2919 omnibus‚quos
975 2851 1099 2909 vidi,
1113 2853 1374 2917 impressis
1393 2852 1556 2911 libris,

483 2929 588 2992 legi
610 2945 622 2975 ε
656 2935 670 2960 ‘
690 2929 846 2992 Nam,
869 2929 1004 2979 sicut
1027 2942 1181 2991 agros
1205 2928 1453 2978 diuturno
1476 2944 1557 2979 ar·

488 3006 619 3058 dore
649 3004 890 3056 sitientes
925 3005 1201 3067 expetitus·
1220 3005 1357 3056 votis
1380 3006 1561 3058 imber

487 3083 740 3145 ubertat3
789 3082 866 3132 ita
905 3081 1147 3146 lacrymae
1185 3088 1291 3133 tuae
1340 3089 1560 3144 pectora

487 3163 668 3209 nostra
698 3157 896 3221 gaudiis
923 3157 1252 3222 irrigabant.’
1317 3160 1412 3209 Est
1437 3160 1557 3209 mihi

488 3237 542 3285 in
576 3234 812 3290 manibus
838 3233 1167 3284 Glossarium
1193 3234 1455 3286 Get-bardi
1489 3236 1560 3288 de

485 3311 774 3369 Scirum-en,
802 3310 1098 3362 cancellarii
1120 3312 1377 3377 qnondam
1402 3314 1560 3364 Clivi-

488 3388 886 3452 ensis,Coloniae
905 3403 986 3438 an.
1006 3392 1150 3440 1477.
1165 3390 1490 3454 impressum,
1505 3392 1559 3441 in

490 3481 594 3532 quo
611 3465 831 3517 verbum
845 3466 863 3493 ‘
878 3466 1119 3516 ubertare
1133 3464 1148 3487 ’
1171 3466 1431 3531 redditur,
1449 3467 1465 3495 ‘
1483 3465 1562 3530 fef·

490 3542 1004 3607 cundare,uruehtbar
1023 3543 1224 3594 mahen!
1256 3546 1428 3596 Taceo
1445 3545 1559 3596 Hu-

491 3622 773 3687 guytionis,
816 3622 1019 3685 Papioe,
1059 3628 1130 3672 et·
1167 3623 1558 3674 Mammotrecti

490 3699 761 3764 glossaria.
825 3700 919 3748 Tb.
945 3699 1217 3750 Reinesius
1238 3701 1410 3766 Epist.
1435 3712 1560 3752 uu.

493 3777 561 3826 ad
618 3776 922 3837 Daumium,
965 3777 1033 3826 ad
1079 3776 1338 3842 quendam
1388 3778 1559 3828 locum

494 3853 749 3916 Drepanii
786 3852 950 3913 Flori,
975 3850 1146 3916 poe'tae
1173 3853 1470 3909 Christiani,
1498 3853 1562 3903 il-

491 3929 840 3990 lustrandum,
882 3929 1057 3990 docet,
1100 3936 1114 3959 ‘
1141 3923 1457 3993 uberitare,'
1503 3936 1561 3981 et

494 4010 511 4034 ·
532 4004 816 4068 ubertare‚'
850 4019 966 4057 esse
999 4005 1441 4072 frequentativum
1473 4006 1565 4055 τοῦ

493 4089 507 4112 ‘
532 4082 798 4145 uberarest
854 4096 915 4133 ac
973 4091 1159 4135 notare
1212 4083 1229 4113 ‘
1251 4081 1563 4141 cumulare,'

494 4157 911 4222 ‘multiplicat-el
980 4161 1048 4209 Et
1085 4175 1229 4218 sane,
1258 4161 1359 4211 hoc
1393 4162 1562 4225 ipsum

497 4236 712 4284 verbum
749 4241 764 4263 ‘
782 4233 1031 4298 ubertet,'
1058 4251 1151 4300 pro
1183 4237 1443 4301 ‘uberetss
1463 4240 1564 4290 eti-

499 4324 581 4360 am
604 4310 806 4361 Gudius
842 4308 908 4360 ad
943 4310 1079 4361 hunc
1112 4312 1284 4364 locum
1320 4314 1565 4379 Panegy-

1186 394 1401 446 ⁸01·AE
1450 390 1861 444 vAmoRtJM
1913 387 1996 443 m

1621 538 1718 590 rici
1741 536 1988 594 Plinlsni,
2008 535 2077 587 de
2100 549 2202 602 quo
2234 534 2456 602 agimus,
2473 547 2576 588 non
2601 543 2692 588 so·

1620 616 1725 666 ium
1758 616 1811 666 iu
1846 613 2076 678 margine
2110 613 2250 670 libri,
2282 613 2335 662 iu
2359 625 2465 678 qua
2483 619 2692 664 ceteras

1622 692 1770 757 hujus
1813 690 2130 756 Panegyrici
2165 690 2445 746 variantes,
2482 697 2538 740 et
2580 691 2690 754 ple-

1621 782 1838 832 rumque
1863 782 1978 819 cum
2016 766 2194 818 codice
2219 765 2692 831 Guelpherbytano

1621 847 2013 908 convenientes,
2027 844 2289 895 recensuit
2304 845 2580 904 lectiones3
2596 840 2689 892 sed

1624 932 1681 976 et
1703 924 1964 989 sigillatim
1998 923 2051 973 in
2087 922 2251 987 prima
2283 922 2475 986 pagina
2498 922 2693 985 ligatu-

1623 1017 1697 1054 roe
1732 1003 1877 1068 liujus
1911 999 2244 1063 exemplaris,
2275 998 2569 1060 annotavit,
2594 997 2694 1047 do·

1624 1079 1857 1145 coitque,
1897 1091 1955 1127 se
1997 1077 2050 1126 id
2087 1077 2140 1126 in
2176 1082 2355 1125 vetere
2386 1074 2577 1125 codiee·
2611 1087 2694 1123 re·

1625 1158 1841 1221 perisse.
1892 1155 2013 1205 Huc
2028 1153 2141 1218 jam
2162 1152 2366 1204 accedit
2390 1149 2693 1216 suffragium

1627 1234 1781 1283 trium
1801 1231 2041 1281 codicum
2064 1230 2193 1279 Mss.
2216 1229 2564 1280 Bibliotheca
2587 1228 2696 1278 Va·-

1625 1310 1827 1368 ticanae,
1862 1319 2051 1373 nempe
2088 1321 2228 1358 num.
2264 1311 2411 1359 1776.
2452 1309 2601 1358 1776.
2635 1308 2695 1357 et

1622 1391 1771 1438 8461.
1790 1389 1841 1436 in
1865 1387 2047 1451 quibus
2067 1386 2284 1450 siugulis
2306 1385 2505 1435 diserte
2526 1383 2699 1447 scrip·

1626 1470 1738 1514 tum
1769 1473 1850 1514 est
1879 1464 2087 1514 aberret.
2154 1463 2304 1513 Solus
2327 1461 2497 1512 codex
2518 1461 2702 1512 Vatic-

1626 1545 1770 1592 1475.
1792 1542 1949 1591 babet
1973 1540 2134 1591 aberet
2150 1555 2173 1600 ,·
2204 1538 2341 1605 qued
2364 1539 2487 1589 vero
2514 1543 2573 1589 et
2607 1550 2700 1589 ce·

1627 1620 1726 1669 teri
1786 1618 1996 1669 codices
2049 1623 2333 1669 ostentant.
2412 1613 2698 1682 Equidem,

1626 1711 1796 1761 neque
1833 1698 1848 1725 ‘
1870 1695 2132 1759 uberare,’
2163 1709 2279 1746 cum
2315 1693 2700 1758 significatione

1627 1774 1774 1825 verbi
1800 1774 2022 1837 agentis,
2045 1786 2216 1838 neque
2238 1771 2255 1801 ‘
2271 1770 2550 1834 ubertare,’
2571 1772 2700 1822 buc·

1628 1867 1791 1919 usque
1836 1854 1890 1903 in
1930 1850 2422 1917 scriptoribus=aevi
2467 1847 2701 1903 Pliniani

1628 1932 1858 1994 reperire
1896 1930 2078 1992 licuit3
2111 1935 2345 1981 attamen
2379 1939 2483 1979 nou
2521 1927 2702 1979 omnia

1628 2006 1789 2057 verba
1833 2023 1952 2057 rara
1996 2014 2118 2058 sunt
2168 2007 2346 2057 statim
2385 2002 2701 2071 rejicienda.

1627 2085 1699 2135 Et
1720 2083 1859 2134 forte
1890 2087 1905 2114 ‘
1927 2081 2187 2141 uber-arel
2210 2090 2453 2147 tanquam
2477 2080 2701 2133 verbum

1627 2176 1807 2226 agens,
1852 2162 1902 2210 in
1949 2162 2124 2227 piures
2173 2160 2486 2224 scriptorum
2532 2158 2702 2222 locos,

1629 2253 1724 2303 pro
1748 2241 1764 2268 ‘
1785 2237 2065 2295 ubertare,’
2086 2238 2321 2301 irrepsit.
2368 2236 2386 2264 ‘
2404 2234 2668 2286 Ubertare
2685 2232 2708 2258 ’

1630 2322 1775 2365 certe
1811 2314 2125 2379 panegyrico
2145 2312 2358 2363 dicendi
2393 2312 2574 2378 generi
2605 2323 2706 2377 ap·

1634 2393 1737 2444 tius
1794 2393 2020 2443 videtur.
2106 2390 2306 2442 Admisi
2368 2391 2531 2456 igitur
2581 2390 2703 2449 boe.

1633 2483 1960 2535 quamquam,
2007 2469 2145 2535 quod
2193 2467 2383 2529 fateor,
2426 2479 2533 2517 non
2583 2465 2707 2517 sine

1630 2549 1770 2598 omni
1821 2547 2166 2599 hoesitatione.
2241 2545 2346 2596 Sed
2396 2544 2538 2596 idem·
2582 2544 2703 2609 jam

1632 2638 1840 2691 quoque
1893 2639 1959 2673 ex
2016 2625 2195 2674 nostro
2248 2621 2439 2673 indicio
2487 2619 2706 2675 admisit

1632 2689 1919 2751 Gesnerns'.
1960 2701 2112 2750 Idem.
2349 2707 2354 2712 '

1699 2779 1839 2828 Mala
1854 2776 2153 2842 sterilitatis]
2196 2774 2328 2827 Hoec
2349 2783 2490 2838 sunt,
2503 2773 2708 2840 inopie,

1633 2857 1826 2907 caritas
1847 2869 2084 2919 annouae,
2105 2853 2289 2911 fames,
2305 2859 2359 2903 et
2381 2852 2484 2903 alia
2504 2852 2708 2903 incom-

1635 2933 1819 2993 moda3
1862 2932 2000 2983 sicut
2042 2946 2073 2981 e
2109 2930 2375 2982 contrario
2407 2937 2427 2966 ⁸
2449 2930 2584 2980 bona
2619 2924 2709 2980 fes

1636 3006 1949 3058 canditatis’
1973 3013 2096 3058 suut
2128 3008 2301 3071 copia,
2330 3013 2384 3057 et
2404 3006 2578 3057 vilitas
2607 3019 2710 3057 an-

1634 3099 1808 3141 nonae,
1831 3090 1887 3134 et
1908 3081 2178 3147 αὐτάρκεια.
2206 3084 2360 3135 Idem.

1702 3161 1844 3211 Mala
1867 3161 2168 3225 sterilitatis]
2204 3161 2294 3211 Sic
2314 3159 2381 3211 de
2401 3159 2583 3211 Tiber.
2602 3157 2708 3210 ‘ra-

1638 3237 1731 3289 cit.
1752 3237 1944 3287 Annal.
1970 3252 2049 3288 tv.
2070 3242 2122 3287 6.
2144 3238 2161 3265 ‘
2181 3237 2339 3287 Plebs
2362 3236 2473 3288 acri
2495 3249 2705 3288 annona

1634 3314 1976 3380 fatigabatur,
1998 3317 2090 3364 sed
2119 3315 2263 3364 nulla
2295 3314 2347 3363 in
2380 3328 2447 3365 eo
2468 3328 2537 3365 ex
2561 3312 2705 3379 priu-

1637 3392 1757 3457 cipe
1780 3392 1935 3455 culpa
1950 3412 1968 3455 ;
1997 3392 2119 3457 quin
2145 3388 2514 3442 infecunditati
2539 3397 2709 3441 terra-

1637 3482 1766 3526 tum,
1803 3476 1895 3521 aut
1939 3469 2140 3534 asperis
2177 3469 2333 3518 maris
2374 3467 2583 3519 obviam
2621 3468 2714 3532 iit,

1637 3553 1886 3610 quantum
1923 3545 2188 3611 impendio
2209 3545 2589 3612 diligentiaque
2612 3559 2705 3610 po-

1638 3622 1817 3674 terat?
1849 3624 2004 3674 Bern.
2037 3677 2040 3680 ,

1701 3700 1924 3751 AEcernis
1952 3697 2309 3763 commeatibus]
2354 3698 2436 3750 An
2469 3697 2709 3750 alternis?

1638 3777 1834 3840 etiam3
1888 3784 1945 3829 et
1996 3777 2187 3827 deinde
2236 3783 2461 3828 serantur
2511 3777 2712 3830 malim·

1634 3855 1773 3919 Lips.

1705 3932 1927 3983 AEtmis
1960 3930 2314 3995 commeatibus]
2357 3930 2568 3995 Lipsius
2609 3943 2710 3996 pro

1638 4011 1837 4061 «εἰει-πίε
1870 4012 2048 4061 maluit
2084 4010 2295 4062 alternis.
2363 4010 2496 4060 Quae
2538 4016 2707 4060 muta-

1641 4091 1717 4140 tio
1738 4092 1896 4140 etiam
1922 4089 2119 4154 placuit
2138 4088 2396 4138 Gesner-o.
2443 4086 2512 4136 Et
2532 4094 2703 4152 putes,

1638 4166 1774 4215 haue
1806 4180 1987 4216 vocem
2024 4166 2225 4216 alternis
2260 4177 2552 4227 congruere
2586 4178 2702 4215 cum

1639 4242 1978 4308 sequentibus
2018 4242 2212 4305 verbis,
2248 4255 2406 4291 omnes
2433 4246 2603 4302 gentes
2631 4243 2706 4291 ia·

1638 4319 1787 4371 vicem
1826 4318 2036 4383 capiant.
2112 4317 2327 4374 Adime,
2375 4318 2496 4369 alibi
2546 4308 2704 4369 etism
