3017 4942
755 406 820 455 o.
868 403 1111 454 rainu
1162 402 1495 453 saeuum
1547 403 1828 453 ranae.
1899 403 1951 453 1.
2010 385 2120 453 82.

324 557 417 602 aut
451 552 716 612 urgentem
740 547 1066 611 Latinitatis,
1088 545 1386 609 exemplum

322 627 597 682 succurrit,
662 626 750 674 ubi
804 625 1120 687 indulgentie
1172 635 1390 672 numero

321 702 671 755 multitudinis
695 703 957 759 dicuntur,
982 702 1108 751 licet
1137 699 1390 765 sequioris

321 780 423 831 aevi
447 779 730 830 auctoritas
756 793 857 828 non
884 777 1034 829 desit.
1092 776 1389 842 Aliquoties

321 858 483 907 etiam
528 856 760 906 Velleius
806 858 824 886 ‘
850 854 1074 905 fortunas
1120 855 1391 918 indulgen·

321 932 450 982 tiam
471 931 486 954 ’
506 937 907 992 commemorat3
940 944 1191 995 nusquam
1217 938 1392 980 tamen

320 1010 374 1060 in
392 1024 604 1059 numero
622 1009 839 1073 plurali;
866 1022 916 1058 v.
935 1024 985 1072 g.
1006 1022 1068 1059 ιι.
1092 1011 1205 1058 121.
1231 1010 1246 1036 ‘
1265 1009 1388 1057 For-

322 1094 464 1137 tunae
488 1100 612 1135 vero
635 1086 746 1149 quis
765 1100 869 1135 non
890 1084 1390 1148 mireturindulgen-

322 1165 452 1214 tiam
470 1162 511 1213 ?’
546 1161 706 1213 Cf.n.
727 1167 774 1211 1.
793 1170 848 1213 et
869 1176 935 1212 ιι.
964 1166 1013 1212 8.
1051 1162 1263 1225 Molliut,
1285 1161 1321 1210 i.
1339 1175 1390 1210 e.

321 1241 553 1305 frangat,
572 1248 629 1290 et
651 1239 934 1291 effeminet.
982 1240 1187 1290 Plinius
1213 1244 1392 1287 noster

320 1333 481 1383 supra
506 1332 722 1368 xxxin.
748 1323 798 1367 1.
832 1326 847 1348 ‘
864 1318 1006 1373 Non,
1030 1315 1167 1381 quod
1194 1314 1390 1364 animos

321 1396 549 1445 virorum
585 1396 812 1444 molliret
846 1400 901 1444 et
934 1390 1235 1457 frangeret?
1299 1392 1389 1465 Se-

320 1488 452 1526 neca
475 1473 641 1538 Epist.
665 1476 749 1523 82.
784 1472 800 1501 ‘
822 1472 1061 1522 Molliter
1085 1471 1215 1519 vivit
1236 1485 1249 1517 z
1291 1469 1389 1519 hoc

321 1550 524 1613 dicunt,
571 1551 732 1599 malus
773 1556 888 1608 est;
935 1547 1204 1613 paullatim
1250 1547 1388 1596 enim

320 1625 652 1677 effeminatur
686 1625 905 1682 animus,
946 1631 1105 1688 atque
1129 1624 1180 1672 iu
1206 1623 1388 1672 simili·

323 1703 555 1753 tudinem
591 1703 684 1752 otii
713 1703 812 1758 sni,
849 1706 906 1751 et
938 1701 1185 1765 pigritiae,
1210 1700 1260 1749 in
1286 1715 1388 1763 qua

313 1780 482 1844 jacet,
504 1778 758 1829 solvitur!
814 1779 878 1828 In
902 1779 1085 1828 codice
1111 1777 1389 1839 Patavino,

321 1864 376 1906 et
400 1858 532 1908 libro
555 1846 835 1918 Vossiau'o,
852 1870 950 1919 pro
962 1856 1200 1911 molliunt,
1221 1855 1389 1918 scrip-

316 1942 429 2001 tum
455 1942 539 1985 est
561 1935 760 1985 violant.
828 1934 1061 1998 Operam
1081 1933 1275 1996 perdit,
1298 1931 1385 1996 qui

320 2013 539 2063 verbum
561 2013 679 2069 hoc,
701 2012 904 2069 violant,
929 2011 1050 2062 huic
1082 2012 1196 2061 loco
1221 2010 1384 2059 vindi·

318 2105 444 2141 care
475 2099 715 2142 conetur.
782 2090 977 2152 Credo,
1007 2090 1301 2154 imperitum
1325 2088 1388 2138 li·

319 2167 549 2217 brat-ium
572 2167 701 2217 illud
726 2182 793 2217 ex
819 2168 931 2232 ipso
954 2166 1131 2228 verbo,
1154 2166 1388 2221 molliant,

314 2244 599 2303 effinxisse,
624 2245 746 2296 dum
779 2245 832 2294 in
851 2245 1016 2309 prima
1038 2243 1237 2306 syllaba
1258 2243 1388 2302 moll,

313 2325 533 2389 primam
557 2324 777 2386 literam,
796 2338 863 2385 m,
888 2337 983 2386 pro
997 2320 1278 2377 ui,habuit.
1303 2321 1384 2370 Id.

381 2399 744 2464 Detorqueant]
794 2400 845 2449 1.
888 2414 936 2449 e.
981 2397 1286 2456 deflectant,
1328 2406 1384 2447 et

319 2483 565 2539 avocent,
608 2477 752 2542 quasi
794 2477 1037 2540 invitum,
1072 2482 1127 2526 et
1174 2476 1221 2525 vi
1262 2490 1384 2539 qua·

312 2555 456 2618 dam,
508 2555 621 2604 sive
678 2561 884 2617 aperta,
939 2554 1048 2604 sive
1092 2551 1383 2601 blandiore.

313 2633 521 2683 Noster
542 2645 719 2695 supra,
742 2643 876 2680 Lxx.
896 2636 943 2679 5.
980 2638 994 2661 ‘
1012 2629 1250 2693 Ingenia,
1282 2628 1383 2678 etsi

313 2722 417 2758 non
453 2707 822 2772 detorquebat,
860 2704 1144 2757 hebetabat
1176 2704 1384 2769 tamen,’

312 2787 416 2836 διο.
439 2784 508 2834 ad
538 2799 691 2849 quem
723 2785 895 2835 locum
920 2785 1039 2836 vide
1065 2791 1243 2835 notam
1267 2799 1383 2834 nos-

314 2868 470 2911 tram.
505 2862 658 2911 Idem.

317 2954 326 2958 ·
378 2937 738 3002 Detorqueant]
772 2934 973 2989 ‘Quem
1016 2951 1121 2985 non
1165 2951 1194 2985 a
1235 2942 1385 2987 recto

315 3017 483 3066 traxit
507 3016 643 3065 male
663 3014 826 3065 suada
848 3016 1109 3078 Voluptas
1134 3015 1384 3079 Tramite,

310 3107 416 3142 non
441 3093 568 3163 luxu
592 3099 817 3141 mentem
836 3090 1081 3141 labefecit
1098 3092 1384 3153 honestam,

311 3171 574 3221 Florentis
610 3168 822 3219 fortuna
851 3166 1072 3219 domus.’
1106 3168 1174 3217 D.
1211 3168 1381 3218 Baud.

309 3247 470 3298 Bern.

382 3323 658 3374 Creu-entia
693 3320 931 3373 laboribus
968 3317 1203 3382 membra]
1240 3322 1383 3370 Cres-

307 3399 486 3463 οιπίἱα,
523 3414 627 3448 non
669 3406 774 3458 tam
808 3397 1187 3460 magnitudine,
1225 3412 1380 3461 quam

310 3477 510 3527 viribus
535 3483 590 3525 et
615 3475 833 3535 robore3
868 3475 991 3524 dum
1027 3473 1291 3522 laboribus
1329 3475 1379 3522 in

308 3553 423 3603 dies
470 3552 722 3601 validiora
765 3550 1072 3610 redduntur,
1112 3550 1379 3614 magisque

310 3627 710 3681 confirmantur.
776 3627 922 3676 Hinc
944 3626 1153 3682 Cicero,
1179 3627 1381 3677 Quaest.

306 3705 524 3756 Tuscul.
567 3719 632 3755 ιι.
689 3710 770 3756 15.
832 3704 849 3730 ‘
874 3702 982 3764 Illi,
1019 3703 1106 3767 qui
1148 3702 1378 3752 Graeciae

306 3781 526 3832 formam
559 3781 1061 3846 rerumpublicarum
1100 3779 1380 3840 dederunt,

306 3871 534 3920 corpora
561 3856 814 3920 juvenum
847 3854 1039 3903 firmari
1081 3855 1258 3903 labore
1293 3867 1378 3901 vo-

306 3932 560 3986 luerunt.’
626 3932 717 3981 Sic
741 3936 981 3981 auctores
1008 3930 1195 3994 passim
1219 3929 1377 3978 etiam

304 4013 513 4073 dicunt,
537 4011 553 4040 ‘
572 4022 816 4071 amorem,
833 4007 1123 4067 audaciam,
1138 4006 1382 4070 animum,

304 4089 651 4150 voluptatem,
688 4081 969 4139 crescere!
1003 4083 1038 4133 i.
1074 4098 1122 4132 e.
1158 4084 1377 4133 invales-

297 4162 451 4215 cere.
521 4163 788 4212 Quantum
812 4172 936 4208 vero
968 4157 1111 4206 labor
1134 4156 1377 4207 corrobo-

304 4247 390 4293 tet
430 4238 693 4288 hominnm
741 4234 993 4295 membra,
1028 4241 1214 4283 contra
1248 4246 1377 4282 vero

301 4316 467 4367 otium
513 4315 763 4377 resolvat,
816 4310 974 4362 docet
1021 4309 1377 4375 Hippocrates

2350 385 2527 454 1013

1464 543 1533 594 de
1558 543 1732 596 Diaeta
1756 544 1844 595 lib.
1872 558 1934 595 ιι.
1961 560 2014 609 p.
2037 549 2152 597 362.
2176 544 2526 610 edit.}Foesii:

1461 622 1682 685 Ῥαδυμίη
1715 622 1925 688 hypatum,
1961 623 2041 674 καὶ
2073 624 2270 677 ἀσθενὲς
2299 624 2358 675 τὸ
2390 629 2527 688 σῶμα

1461 699 1626 750 ποιέει·
1658 700 1801 751 πόνος
1831 700 1883 751 δὲ
1903 701 2093 766 ξηραίνη
2115 702 2192 752 καὶ
2216 702 2277 752 τὸ
2298 706 2435 766 σῶμα
2454 704 2530 756 ier·

1463 777 1614 843 χορὸν
1631 778 1797 830 ποιέει.
1866 780 2070 829 Desidia
2092 782 2344 838 humectat,
2366 787 2414 831 et
2435 782 2527 831 im-

1464 857 1679 905 becillum
1698 870 1885 919 corpus,
1910 855 2211 920 fluidumque
2231 858 2390 907 reddit
2404 874 2424 917 ,·
2456 861 2530 908 lu-

1464 934 1549 983 bor
1568 933 1733 997 siccut,
1757 939 1806 984 et
1826 933 2068 984 robustum
2088 937 2401 998 strictumque
2420 951 2527 985 cor·

1456 1026 1551 1074 pus
1581 1010 1730 1071 fucit.
1798 1011 1967 1060 Item:
2002 1012 2065 1060 ΟΖ
2095 1011 2190 1076 ’γὰρ
2230 1011 2528 1074 ἀγύμναστοι

1462 1090 1561 1137 τῶν
1581 1086 1833 1152 ἀνθρώπων
1853 1086 1946 1137 ἀπὸ
1961 1087 2139 1139 παντὸς
2154 1092 2351 1139 notram
2361 1089 2526 1144 πόνον.

1466 1165 1781 1215 Inexercituti
1804 1165 2013 1214 homines
2037 1165 2099 1214 ab
2119 1168 2246 1215 omui
2264 1167 2422 1217 labare
2436 1167 2528 1225 sa·

1463 1244 1698 1303 figuntur.
1764 1242 1964 1292 Horum
2001 1257 2186 1305 corpus
2221 1257 2321 1292 nou
2354 1245 2530 1294 reddi·

1464 1328 1549 1370 tur
1584 1327 1774 1384 ‘opere
1821 1318 2039 1380 laetum,’
2091 1329 2148 1370 ut
2194 1328 2346 1370 antea
2391 1323 2527 1373 dixit

1462 1397 1685 1461 Plinius,
1709 1397 1760 1446 h.
1785 1410 1831 1448 e.
1874 1410 1976 1446 non
2000 1395 2061 1446 fit
2091 1398 2208 1459 ipso
2231 1398 2410 1449 labore
2432 1397 2528 1449 flo-

1461 1475 1642 1530 ridius,
1689 1474 2050 1540 ualidiusque3
2084 1474 2159 1522 uti
2203 1477 2525 1541 eorum‚,qui

1459 1549 1692 1601 crebrius
1715 1559 2050 1602 exercentur.
2084 1550 2170 1599 Sic
2190 1551 2390 1601 Seneca
2412 1553 2527 1604 haec

1461 1627 1749 1690 conjungit,
1772 1626 1838 1674 de
1864 1626 1971 1682 Ira,
1999 1640 2058 1674 n.
2081 1631 2162 1675 15.
2195 1627 2212 1652 ‘
2230 1627 2418 1678 Valida
2442 1644 2526 1679 ar·

1462 1704 1630 1759 busta,
1652 1711 1708 1753 et
1730 1701 1885 1751 laeta-⁹
1930 1704 2258 1754 Burmannus
2283 1705 2348 1754 ad
2372 1706 2525 1757 1³11ae-

1460 1781 1636 1836 drum‚
1668 1793 1728 1829 ιι.
1760 1785 1810 1828 5.
1837 1779 1969 1829 bene
1993 1781 2244 1842 explicat,
2270 1781 2405 1832 uude
2426 1783 2525 1832 eti-

1461 1871 1542 1907 am
1558 1856 1952 1917 dicantur,laeta
1979 1854 2188 1918 viridia,
2210 1857 2349 1906 laetae
2374 1873 2524 1922 sege-

1460 1942 1560 1991 tes,
1584 1935 1693 1984 laeti
1715 1934 1847 1996 agri,
1868 1933 1989 1983 laeta
2011 1933 2208 1985 humus.
2245 1935 2492 1986 Schmun.

1527 2011 1738 2080 Marius
1770 2010 2010 2075 Deorum]
2048 2012 2434 2075 Ut-Cephalus‚
2467 2019 2526 2066 et

1462 2086 1647 2144 Orion,
1677 2088 1744 2138 ab
1779 2087 1982 2138 Aurora
2012 2087 2147 2151 rapti
2163 2108 2180 2151 3
2217 2090 2282 2138 de
2304 2105 2525 2154 quornm

1461 2166 1627 2228 primo
1652 2164 1941 2214 Pausanias
1964 2165 2016 2213 in
2043 2164 2237 2215 Lacon.
2270 2167 2334 2217 de
2358 2169 2526 2219 altero

1460 2240 1725 2300 Homerus
1770 2240 1963 2305 Odyss.
2007 2249 2064 2292 Ε.
2097 2246 2410 2296 mentionem
2447 2246 2526 2298 fa-

1460 2319 1624 2368 ciunt.
1691 2318 1828 2369 Item
1872 2319 2087 2384 Peleus,
2134 2337 2286 2386 quem
2328 2325 2525 2390 Thetys

1460 2396 1563 2445 sibi
1597 2396 1827 2461 jugavit,
1872 2397 2157 2448 secundum
2212 2398 2522 2464 Apollodor.

1459 2473 1550 2524 lib.
1593 2487 1680 2523 ιιι.
1719 2475 1805 2538 qui
1841 2489 2018 2523 omnes
2052 2476 2209 2526 hosce
2246 2491 2275 2526 a
2300 2478 2525 2528 venandi

1458 2549 1631 2599 studio
1653 2549 1852 2599 laudat.
1919 2551 2019 2600 His
2045 2551 2163 2600 addi
2191 2559 2366 2616 potest
2393 2554 2523 2617 Hip-

1459 2629 1687 2692 polytus,
1720 2635 1937 2690 pmpter
1976 2629 2300 2680 venationem
2335 2631 2524 2682 Diauoe

1457 2704 1772 2754 carissimus.
1807 2704 2029 2754 Puturol.

1522 2781 1738 2832 Muritos
1783 2781 2021 2844 Deorum]
2055 2781 2268 2840 Peleus,
2307 2782 2523 2834 Achillis

1458 2865 1629 2922 pater,
1647 2858 1884 2908 Thetidis
1906 2859 2141 2914 maritus,
2177 2858 2335 2910 Ovid.
2352 2861 2521 2924 Epist.

1460 2949 1517 2986 v.
1539 2935 1801 2998 Cephalus
1826 2934 2043 2983 Aurorae
2069 2934 2155 2984 Id.
2176 2935 2241 2984 de
2265 2936 2380 2985 Art.
2406 2936 2525 2989 Am.

1458 3012 1547 3062 lib.
1572 3024 1662 3061 ιιι.
1685 3011 2008 3075 Hippolytus
2031 3013 2239 3075 Dianae,
2265 3012 2396 3062 Met.
2417 3027 2518 3065 vu.

1456 3089 1614 3138 Rern.

1520 3166 1598 3214 Ac
1621 3163 1862 3227 Deorum]
1898 3165 2055 3216 Deum
2079 3166 2143 3215 V.
2178 3166 2343 3217 Livia.

1521 3241 1738 3290 Deorum
1776 3241 1970 3305 liberos]
2016 3242 2298 3307 Theseum,
2337 3244 2524 3296 Casto-

1454 3332 1588 3384 rem,
1608 3319 1898 3383 Pollucem,
1916 3321 2141 3386 aliosque
2165 3323 2362 3386 plures.
2397 3323 2524 3374 Ber-

1454 3410 1658 3458 negger.

1521 3473 1734 3523 Deorum
1762 3473 1955 3537 liberos]
1988 3474 2064 3524 Ut
2088 3473 2276 3524 Castor
2310 3482 2364 3523 et
2400 3475 2526 3525 Pol·

1452 3549 1564 3606 lux,
1620 3548 1765 3601 Jovis
1819 3550 1930 3606 filii,
1973 3550 2040 3600 de
2096 3551 2280 3614 quibus
2325 3553 2520 3602 citatus

1456 3627 1758 3691 Apollodor.
1793 3626 1919 3677 ibid.
1983 3626 2072 3675 Sic
2106 3627 2299 3690 Dryas,
2345 3628 2521 3678 Marte

1456 3703 1684 3766 genitus,
1722 3703 2009 3759 secuudum
2056 3703 2299 3765 eundem,
2339 3704 2431 3755 lib.
2476 3719 2519 3756 1.

1454 3780 1733 3840 Hercules,
1758 3788 1809 3828 et
1834 3779 1937 3828 alii.
1972 3780 2192 3829 Putat-ol.

1521 3856 1735 3905 Deorum
1774 3855 1973 3920 liberos]
2035 3855 2236 3905 Horum
2279 3858 2519 3920 quaedam

1452 3932 1661 3982 nomina
1691 3933 1805 3996 jam
1843 3934 2107 3983 recensuit
2145 3934 2376 3983 Patarol.
2405 3936 2519 3987 Cic.

1453 4010 1504 4059 in
1531 4009 1739 4071 Fragm.
1761 4009 1828 4059 de
1854 4010 2129 4067 Universo,
2163 4024 2211 4059 c.
2235 4014 2314 4059 11.
2357 4011 2372 4037 ‘
2390 4013 2517 4063 Cre.

1450 4086 1677 4137 dendum
1712 4092 1795 4136 est
1831 4086 2096 4136 veteribus
2130 4093 2185 4135 et
2221 4087 2424 4149 priscis,
2461 4095 2522 4139 ut

1450 4166 1617 4228 aiunt,
1643 4163 1782 4219 viris,
1819 4164 1908 4225 qui
1942 4177 1999 4211 se
2039 4163 2339 4227 progeniem
2375 4165 2516 4216 Deo-

1454 4256 1566 4290 rum
1590 4254 1704 4293 esse
1723 4239 2000 4301 dicebant;
2036 4240 2209 4303 itaque
2228 4254 2402 4291 eorum
2426 4256 2511 4307 νο·

1451 4318 1641 4369 cabula
1679 4317 1826 4369 nobis
1862 4315 2248 4384 prodiderunt.’
2313 4318 2523 4385 Intelli·⁴
2606 4354 2613 4362 .
