3017 4942
656 384 722 432 c.
766 377 1013 434 namu
1060 377 1399 433 saeuum
1449 376 1726 428 ranno.
1799 379 1849 428 1.
1879 363 1986 428 54.
2034 389 2040 395 ·

232 524 467 579 mitisnus
503 531 797 591 autumnos,
833 523 1101 589 Augustus
1136 523 1285 576 anuis

231 602 569 655 commodabit
624 608 854 663 aestates,
898 601 1035 651 Dum
1089 599 1290 664 grande

231 676 403 728 famuli
459 693 649 729 nomen
692 684 893 729 asseret
940 676 1106 728 Rheni
1150 677 1288 729 Ger·

231 756 538 807 manicarum
561 768 749 818 magna
774 755 865 806 lux
893 751 1288 805 Kalendarum.’

229 831 378 884 Adde
398 832 641 883 Macrob.
660 832 873 885 Saturn.
896 845 939 882 ι.
963 835 1042 882 12.
1085 830 1224 896 upa.

257 958 266 963 .
293 911 396 961 Nee
415 912 500 961 bos
520 910 760 976 sing-alos]
796 910 1125 961 Domitianus
1148 909 1288 961 euim

229 987 247 1016 ‘
260 987 618 1054 Septembrem
639 1001 888 1051 mensem,
905 993 959 1037 et
981 986 1293 1050 Octobrem,

229 1077 291 1117 ex
311 1064 748 1128 appellationibus
772 1064 897 1127 suis,
920 1062 1292 1114 Germanicum

230 1145 686 1210 Domitianumque
697 1139 1292 1194 transnominavit0’Sue·

231 1228 329 1273 ton.
351 1236 400 1271 c.
425 1224 509 1271 13.
551 1220 771 1270 Patare!-

289 1299 757 1348 Nonss‘aicoesarans
783 1292 1079 1361 dicebamus]
1112 1293 1177 1344 Iu
1201 1309 1291 1345 co-

229 1374 423 1425 dicibus
491 1377 625 1427 Mes.
677 1375 918 1425 Vatican.
986 1372 1294 1430 Parisiensi,

231 1450 718 1516 Guelpberbytauo.
750 1466 884 1513 meo,
913 1455 970 1500 et
1002 1450 1136 1500 libro
1159 1451 1290 1500 Vos·

229 1527 387 1590 siano,
419 1528 546 1578 item
582 1533 639 1578 et
672 1527 727 1577 in
758 1516 1074 1576 editionibus
1093 1525 1290 1581 ἔπαιε,

230 1603 463 1664 Livineii,
487 1604 729 1667 Gruteri,
751 1602 997 1666 Puteani‚
1017 1602 1195 1666 Cevoe,
1215 1603 1293 1652 le-

231 1680 389 1742 gimus
441 1679 730 1729 dicebamus.
807 1678 871 1728 In
911 1678 1293 1742 salisburgensi

229 1756 459 1806 similiter
498 1756 598 1804 boc
635 1754 853 1805 verbum
892 1761 1098 1815 exstat3
1129 1760 1186 1803 at
1221 1754 1318 1804 ab.

233 1832 327 1882 alia
357 1841 544 1882 vetere
574 1846 734 1881 manu
763 1830 1174 1896 superscriptum
1207 1837 1295 1882 est

231 1909 510 1965 ἅῡαὸαιιιιισ.
595 1909 716 1960 Hoc
758 1917 935 1958 autem
975 1909 1142 1972 ipsum
1178 1922 1296 1959 ver-

233 1983 344 2035 bum
365 1985 659 2041 dicebamus,
672 1986 785 2047 jam
808 1983 1128 2033 Puteolanus
1150 1991 1305 2034 cete-

232 2061 369 2127 rique
393 2061 631 2111 editores
649 2074 848 2124 omnes,
871 2066 1067 2124 praeter
1079 2058 1298 2122 citatos,

232 2138 565 2202 evulgarunt.
623 2137 851 2187 Verbum
876 2136 1108 2201 quidem,
1132 2137 1298 2188 ‘dice-

230 2212 313 2264 re'
333 2228 437 2264 non
479 2213 714 2265 absolute
749 2213 1086 2277 rejiciendum
1118 2213 1308 2263 videa·.

234 2299 331 2352 tur,
375 2307 500 2342 cum
548 2290 826 2355 aliquando
864 2295 1035 2355 notet,
1072 2289 1295 2341 diceudo

234 2369 541 2430 promittere
561 2375 653 2418 ant
671 2367 939 2417 destinare
964 2382 982 2428 ς
1017 2380 1132 2430 mg.
1155 2366 1294 2430 apud

231 2445 433 2497 Terent.
476 2444 676 2495 Heant.
715 2458 770 2495 v.
806 2448 858 2493 1.
890 2447 976 2494 69.
1013 2444 1140 2494 ‘Me
1179 2459 1304 2494 mea

234 2523 397 2573 omnia
437 2522 582 2574 bona
625 2521 738 2572 doti
780 2521 977 2572 dixisse
1021 2520 1137 2585 illi,'
1173 2521 1211 2573 i.
1247 2535 1298 2572 e.

233 2598 522 2651 destinasse
556 2605 612 2650 et
647 2597 944 2649 decrevisse
967 2597 1124 2648 dare:
1157 2605 1297 2649 atta-

234 2691 345 2729 men
367 2678 554 2744 negari
583 2692 687 2728 non
721 2684 917 2742 potest,
940 2675 992 2725 iu
1015 2675 1298 2725 monimen-

235 2755 298 2805 tis
333 2753 685 2807 inscribendis
719 2754 935 2803 solenne
969 2752 1184 2802 verbum
1214 2750 1297 2803 fu-

234 2830 349 2896 isse,
379 2832 395 2861 ‘
420 2828 642 2891 dicare‚'
681 2837 742 2881 et
779 2829 797 2858 ‘
821 2829 1069 2880 dedicare
1085 2828 1121 2891 ς’
1159 2830 1296 2895 quod

235 2905 284 2957 iu
323 2909 592 2960 sexcentis
636 2906 900 2970 lapidibus
944 2905 1171 2971 antiquis
1211 2920 1300 2956 oc·

237 2988 409 3049 enrrit.
445 2986 535 3038 Cf.
555 2986 786 3036 Brisson.
803 2985 872 3036 de
896 2984 1127 3038 Formul.
1148 2984 1240 3037 lib.
1257 2999 1310 3037 ι.

237 3082 348 3133 pag.
368 3072 490 3119 125.
533 3065 782 3117 Schmun-z.

267 3172 274 3178 ·
296 3142 614 3206 Dicabanass]
631 3142 938 3193 Dio-eburnus.
958 3142 1083 3193 Non
1098 3140 1304 3207 dubito,

240 3221 354 3286 quin
377 3233 561 3271 verum
584 3220 673 3282 sit,
696 3218 986 3269 dicebamus.
1020 3218 1271 3269 Rittersh.

298 3301 367 3349 At
401 3313 534 3348 aune
563 3297 672 3362 qais
707 3295 945 3359 asarum]
976 3296 1050 3347 At
1083 3310 1175 3346 aon
1195 3295 1308 3360 qais

240 3379 440 3425 nostram
462 3375 636 3425 Lirin.
654 3374 707 3423 in
734 3380 919 3433 textn3
954 3372 1046 3423 sed
1076 3376 1133 3423 in
1165 3387 1316 3423 mar·-

243 3450 370 3514 giue,
400 3450 477 3502 At
508 3466 633 3501 nunc
652 3451 765 3516 qais
793 3455 1008 3501 nostrum
1029 3450 1100 3500 V.
1123 3450 1185 3501 C.
1207 3464 1305 3515 op·

246 3527 376 3579 time.
416 3530 575 3579 Idem.
1008 3586 1014 3591 ,

302 3605 379 3657 De
394 3620 486 3669 qus
506 3603 741 3668 refertar]
769 3602 946 3653 Etiam
966 3602 1068 3655 hoe
1088 3601 1306 3657 verbum

247 3686 321 3731 est
341 3683 584 3744 solenne3
612 3681 853 3745 quoniam
877 3680 914 3730 ii
941 3681 1028 3744 qui
1051 3695 1309 3744 propone·

247 3755 368 3809 bant
387 3757 601 3824 aliquod
623 3758 888 3822 negotium
906 3756 1111 3807 senatui
1131 3758 1197 3807 ad
1217 3757 1307 3808 de·

249 3832 590 3899 liberandum,
611 3834 685 3897 id,
706 3835 787 3885 vel
826 3833 895 3883 de
928 3848 1016 3898 eo,
1035 3838 1051 3862 ‘
1071 3831 1276 3885 referre
1292 3833 1309 3857 ⁹

252 3910 308 3963 ad
340 3920 575 3962 senatum
612 3910 941 3962 dicebantur.
1006 3910 1193 3959 Placet
1222 3909 1307 3959 bie

253 3990 531 4039 summatim
550 3995 814 4052 repetere,
828 4002 944 4052 quae
970 3987 1306 4038 casaubonus

256 4062 313 4113 de
336 4063 453 4128 jure
490 4063 756 4116 referendi
788 4065 853 4116 ad
895 4074 1127 4115 senatum
1168 4076 1306 4115 com-

256 4151 505 4199 mentatus
529 4151 611 4193 est
637 4141 701 4192 ad
721 4142 936 4194 Sueton.
956 4141 992 4193 J
998 4141 1069 4190 ul.
1090 4156 1211 4206 cap.
1225 4145 1309 4192 2⁴).

258 4215 273 4243 ‘
291 4216 581 4270 Consularis
607 4217 921 4282 potestatis‚’
944 4219 1132 4283 inquit.
1153 4218 1170 4245 ‘
1187 4232 1309 4283 pars

258 4291 382 4347 haud
404 4296 618 4349 minima
644 4297 695 4347 iu
732 4296 998 4349 relationis
1024 4296 1150 4362 jure
1185 4296 1310 4349 olim

2292 362 2435 430 783

1357 521 1557 588 posits:
1581 521 1596 544 ⁹
1642 536 1745 574 nou
1787 522 1927 574 enirn
1964 526 2175 587 poterat
2215 527 2429 575 senatus

1358 600 1651 651 consultum
1682 601 1798 650 sine
1832 601 2087 650 relatione
2109 598 2258 663 fieri;
2291 599 2429 651 refe·

1358 675 1511 726 rendi
1547 682 1720 726 autern
1743 676 1834 741 jus
1863 674 2127 727 ordinarie
2157 666 2429 728 consulum

1360 750 1483 811 fuit,
1520 759 1576 803 et
1612 753 1728 818 ejus
1780 752 1991 818 quidem
2040 766 2072 803 e
2129 752 2428 802 consulibus

1357 831 1550 881 ralatio
1590 829 1716 893 fuit,
1747 831 1896 895 cujus
1926 837 1985 880 et
2017 827 2219 889 fasces.-
2271 829 2429 893 Saepe

1361 914 1537 959 autem
1571 906 1789 965 factum.
1811 917 1889 971 ut,
1912 907 2210 958 consulibus
2244 906 2431 956 absen-

1362 984 1525 1041 tibus.
1550 985 1631 1035 vel
1656 984 2141 1049 prevenientibus,
2164 996 2226 1034 ac
2248 984 2431 1033 mussi-¹

1362 1060 1615 1124 tentibus,
1635 1058 1897 1111 referrent
1921 1060 2009 1111 alli
2040 1073 2072 1109 e
2104 1059 2431 1124 principibus

1363 1137 1669 1201 amplissimi
1723 1136 1952 1198 ordini-5
2008 1144 2152 1201 puta,
2189 1134 2433 1186 consules

1362 1208 1647 1276 designati,
1682 1220 1776 1263 aut
1809 1221 2112 1277 pratorum,
2140 1212 2224 1261 vel
2262 1211 2436 1262 tribu·

1363 1301 1569 1351 norum,
1593 1289 1796 1355 aliquis.
1860 1289 2020 1352 Cujus
2049 1288 2126 1338 rei
2152 1289 2318 1338 multa
2340 1301 2433 1338 ex-

1364 1372 1481 1416 tant
1521 1366 1663 1430 apud
1695 1366 1809 1416 Cic.
1846 1367 2077 1430 aliosque
2114 1365 2432 1416 testimonia-

1365 1442 1534 1493 Porro
1568 1441 1659 1507 jus
1703 1443 1991 1507 relationis,
2030 1442 2233 1492 sublata
2273 1443 2431 1492 iiber·

1367 1526 1496 1579 tate,
1537 1521 1635 1578 etsi
1680 1520 1977 1572 consulibus
2017 1520 2281 1570 ademtum
2327 1535 2437 1571 non

1364 1605 1469 1660 est,
1493 1604 1667 1647 tamen
1699 1605 1754 1648 et
1780 1596 2056 1663 potestatis
2079 1597 2433 1661 imperatorin

1367 1691 1491 1742 pars
1519 1676 1654 1730 fuitt
1692 1678 1962 1744 paullatim
1995 1678 2135 1727 euim
2170 1677 2437 1743 principes

1365 1754 1422 1804 id
1460 1755 1562 1805 sibi
1601 1755 1948 1806 vindicarunt.
2012 1755 2322 1820 Exemplum
2353 1761 2434 1805 est

1366 1831 1433 1882 ab
1455 1831 1698 1896 Augusto
1716 1833 1917 1897 primo;
1939 1830 1991 1881 iu
2012 1831 2163 1895 cujus
2186 1832 2437 1882 bonorem

1368 1908 1642 1959 decretum
1685 1908 1854 1960 refert
1891 1908 1998 1960 Dio
2038 1908 2094 1960 iu
2135 1909 2269 1959 actis
2311 1908 2434 1959 anni

1369 1997 1645 2036 nccxxn.
1674 1992 1752 2051 ut,
1772 1995 1999 2038 assumta
2031 1985 2084 2036 in
2122 1993 2434 2051 perpetuum

1369 2061 1645 2112 tribunitia
1679 2068 1967 2126 potestate,
1989 2062 2178 2114 liceret
2211 2063 2280 2126 ei,
2310 2076 2441 2130 quo-1

1369 2154 1473 2205 que
1496 2147 1704 2204 senatu,
1734 2155 1907 2204 unam,
1939 2139 2006 2191 de
2042 2154 2353 2207 quacunque
2377 2154 2443 2191 re

1371 2217 1551 2282 vellet,
1573 2219 1876 2270 relationem
1899 2216 2099 2280 facere,
2123 2219 2223 2269 etsi
2255 2221 2435 2268 consul
2506 2262 2511 2269 ,

1367 2308 1474 2345 non
1505 2301 1671 2345 esset:
1730 2295 1927 2346 Postea
1955 2297 2202 2360 ampliato
2237 2297 2435 2346 bonore

1369 2371 1679 2436 principum,
1700 2371 1913 2422 inventa
1938 2379 2061 2422 sunt
2092 2371 2158 2422 ad
2196 2372 2441 2423 similitu·

1371 2447 1546 2500 dinem
1586 2447 1792 2499 decreti
1827 2448 1983 2513 hujus
2015 2449 2136 2513 jura
2176 2449 2442 2514 secundm,

1371 2525 1565 2582 tertius,
1606 2534 1826 2592 quartoe,
1866 2525 2112 2591 quincta,
2148 2528 2437 2584 relationis,

1370 2601 1472 2653 boc
1513 2607 1617 2664 est,
1656 2610 1716 2653 nt
1753 2616 1963 2669 quoque
1999 2611 2182 2653 senatu
2225 2610 2441 2667 possent

1370 2677 1440 2728 de
1484 2677 1705 2736 duabus,
1751 2678 1936 2740 tribus,
1981 2678 2212 2743 quinque
2256 2679 2435 2740 rebus,

1371 2769 1499 2819 quas
1521 2755 1715 2805 vellent
1750 2768 1972 2819 cunque,
1994 2754 2152 2804 etiam
2181 2768 2284 2804 nou
2315 2768 2440 2805 eon-

1371 2832 1533 2896 sules,
1579 2829 1757 2884 facere
1800 2831 2149 2883 relationemz
2196 2833 2441 2896 exempla

1372 2910 1513 2973 apud
1536 2909 1893 2974 Capitolinum
1921 2915 1981 2963 et
2013 2909 2318 2975 Vopiscum,
2336 2911 2441 2960 &c-

1370 2985 1691 3038 &haonsta-

1438 3062 1691 3128 Priacipis
1738 3065 1912 3115 honore
1960 3062 2223 3128 emunit]
2279 3062 2349 3113 H.
2390 3076 2438 3114 e.

1374 3141 1507 3193 Quis
1553 3151 1784 3192 nostrum
1828 3175 1845 3194 .
1879 3173 1896 3191 .
1925 3175 1942 3192 .
1987 3141 2224 3192 abutitur
2268 3139 2440 3191 officio

1375 3220 1622 3270 censendi
1647 3221 1698 3270 in
1719 3220 1919 3270 bonore
1941 3219 2188 3285 principis
2209 3226 2455 3269 assenta·'

1376 3298 1513 3348 toric
1533 3299 1897 3350 decernendo?
1941 3300 2067 3350 Non
2089 3312 2269 3362 pauca!
2290 3296 2457 3346 edith·

1375 3389 1526 3439 ones,
1560 3385 1686 3439 puta
1716 3375 1984 3440 Beroaldi‚
2018 3374 2275 3437 Catanaei,
2298 3372 2444 3430 Aldi,

1375 3449 1410 3505 J
1416 3459 1577 3519 uutae,
1592 3454 1894 3518 Philomusi,
1908 3453 2208 3509 Cratandri,
2221 3452 2446 3515 Stepha-

1377 3544 1581 3594 norum,
1615 3529 1858 3597 Gryphii,
1892 3531 2154 3588 Ascanii,
2188 3524 2445 3584 sichardi,

1378 3607 1560 3671 Navii‚
1596 3608 1859 3672 Eizevirii,
1895 3606 2091 3657 babent
2134 3607 2187 3654 iu
2228 3614 2459 3654 numero·

1378 3683 1750 3745 multitudiuis,
1768 3686 2065 3733 mmai.
2104 3682 2273 3733 Quam
2297 3676 2457 3727 lecti?

1379 3770 1530 3808 onem
1585 3757 1833 3808 tuendam
1879 3756 2109 3820 suscepit
2151 3748 2447 3806 cat-meua.

1379 3832 1397 3861 ‘
1413 3832 1617 3891 Vetus‚'
1635 3834 1823 3897 iuquit,
1846 3830 2087 3883 ‘dicendi
2108 3830 2310 3891 modus,
2329 3842 2444 3892 pro,

1380 3912 1467 3976 qui
1501 3918 1771 3961 senatores
1808 3908 2060 3960 censendi
2095 3904 2317 3957 officium
2353 3935 2369 3954 .
2393 3937 2412 3953 .
2434 3916 2459 3952 a

1380 3986 1695 4037 conterunt?
1743 3985 1962 4049 Proprie
1977 3996 2202 4048 namque
2218 3988 2445 4057 veteres,

1380 4061 1571 4129 ‘quis,’
1616 4070 1673 4115 et
1718 4060 1973 4128 ‘aliquis‚'
2010 4068 2067 4111 et
2103 4063 2120 4091 ⁸
2142 4057 2451 4125 quisquam,’

1384 4149 1440 4192 et
1467 4144 1483 4171 ‘
1507 4141 1780 4207 quisquis,'
1807 4154 1911 4190 uon
1950 4138 2317 4200 observabunt,
2342 4151 2449 4201 quo

1384 4233 1600 4283 genere,
1619 4227 1707 4267 aut
1728 4225 1830 4283 quo
1849 4229 2086 4278 numero,
2105 4213 2465 4265 declinarent.·

1384 4297 1563 4361 Quare
1602 4293 1820 4346 Plautus
1856 4291 1915 4345 in
1953 4290 2159 4344 Cistell.
2187 4290 2204 4321 ‘
2225 4286 2449 4350 mulier:
