3017 4942
365 377 498 443 444

370 535 555 584 timare
597 534 728 584 hanc
765 531 1076 596 orationem,
1114 531 1326 598 (iterum
1350 531 1437 580 'dl-

372 610 534 675 cam,)
560 611 897 675 praecipuam,
925 617 985 660 ut
1018 611 1157 659 inter
1187 624 1346 666 meas,
1376 608 1440 658 ὣς

373 686 488 751 ὑπὲρ
511 689 870 749 Κτησιφῶντος,
893 686 1060 748 esse3’
1095 691 1150 735 et
1176 687 1328 750 plura
1358 685 1436 735 in·

369 766 464 816 ibi.
532 765 636 814 Sed
661 779 724 814 ea
746 779 862 814 cum
887 764 1004 814 aliis
1026 762 1144 820 fuit,
1179 763 1328 812 nobis
1354 777 1438 812 su-

372 849 553 908 perest
596 840 928 906 desiderium.
1010 840 1091 890 De
1133 839 1233 889 hoc
1277 852 1439 902 opere

373 932 500 969 vero
527 917 662 982 quod
680 916 936 981 judicium
960 914 1209 979 parentis,
1227 922 1285 964 tu
1304 914 1440 963 aesti-

375 1009 480 1058 ma,
515 993 583 1041 mi
620 994 832 1050 Lector,
861 1007 927 1041 ex
958 992 1127 1054 Epist.
1161 1005 1252 1041 ιιι.
1283 995 1363 1040 13.
1386 997 1441 1041 et

377 1075 459 1121 18.
496 1068 741 1119 Meminit
766 1081 843 1118 vl.
865 1071 946 1117 2⁷.
979 1068 1247 1118 Livineius.

447 1146 602 1196 Hanc
623 1145 906 1210 gratiarnm
929 1145 1186 1195 actionem
1206 1160 1306 1194 non
1331 1159 1442 1194 rec·

378 1230 433 1274 te
456 1223 834 1287 Panegyricam
855 1222 981 1279 dici,
1004 1227 1058 1271 et
1079 1221 1277 1271 Theod.
1300 1222 1458 1271 Mar--

380 1299 527 1350 cilius
571 1299 639 1348 ad
682 1299 830 1348 Suet.
872 1299 1094 1362 Vespas-
1136 1312 1254 1362 cap.
1298 1301 1348 1346 2.
1390 1303 1444 1345 et

381 1377 638 1429 Get-hard.
669 1376 823 1429 Joan.
850 1376 1067 1427 Vossius
1090 1375 1268 1426 Instit.
1292 1374 1445 1425 Orat.

377 1462 420 1504 ι.
447 1458 495 1504 5.
523 1452 826 1503 ostendunt.
892 1452 996 1502 Sed
1021 1453 1169 1514 satis,
1200 1453 1251 1501 ni
1275 1449 1447 1516 fallor,

378 1532 510 1582 lianc
536 1538 779 1581 tueantur
800 1531 1221 1594 appellationem,
1251 1545 1368 1595 quae
1394 1530 1445 1579 in

380 1608 479 1658 boc
501 1608 750 1657 orationis
774 1616 966 1671 genere
989 1607 1258 1657 excellunt
1290 1615 1446 1671 atque
1494 1620 1498 1625 ’

383 1683 632 1742 eminent,
659 1683 908 1748 principis
934 1683 1188 1746 laudatio,
1210 1697 1310 1732 non
1337 1682 1448 1747 qui-

342 1799 346 1804 .
383 1761 502 1811 dem
535 1761 611 1810 sic
647 1762 891 1825 ampliter
920 1759 1084 1823 dicta,
1113 1766 1172 1810 ut
1207 1766 1325 1824 post
1361 1760 1450 1809 illa

384 1839 616 1903 scripta;
648 1836 862 1887 floridus
886 1837 1051 1893 stilus,
1079 1837 1164 1901 qni
1184 1835 1262 1885 =ad
1285 1835 1450 1898 poeti-

386 1931 503 1967 cum
537 1915 746 1964 modum
785 1913 901 1964 fere
942 1914 1200 1976 luxuriat3
1235 1913 1452 1962 celebris

385 1998 693 2056 conventus,
717 1990 803 2056 qui
827 1997 1055 2053 senatus,
1090 1997 1145 2040 et
1176 1991 1341 2053 locus,
1365 1990 1452 2054 qui

386 2069 442 2119 in
484 2082 619 2118 nova
657 2067 860 2133 republ.
893 2067 1056 2126 curia,
1093 2074 1153 2118 ut
1189 2069 1241 2118 iu
1282 2068 1454 2118 veteri

387 2146 591 2197 concio.
679 2147 846 2197 Immo
899 2146 1113 2207 vellem,
1173 2146 1216 2194 si
1271 2146 1453 2209 velles,

390 2222 657 2272 nominare
696 2224 936 2286 Satyrum
973 2222 1367 2286 Panegyricum,
1399 2230 1454 2271 et

390 2300 685 2365 Panegyrin
709 2302 1018 2364 Satyricam.
1052 2301 1411 2363 Berneggerus.

428 2392 431 2393 ⁷
458 2379 599 2428 cn.
620 2390 662 2425 r.
729 2377 866 2426 Beue
898 2392 955 2426 ac
985 2376 1249 2442 sapienter]
1285 2378 1457 2426 Καλῶς

391 2452 470 2504 καὶ
489 2455 666 2517 σοφῶς.
735 2453 979 2504 Solennia
1005 2454 1164 2503 verba
1200 2454 1458 2519 probandi

394 2533 610 2581 aliorum
648 2529 787 2579 bona
815 2529 977 2587 facta,
1010 2530 1461 2592 dictasinstitnta.

393 2608 493 2658 His
511 2615 686 2657 tamen
706 2606 969 2671 impendio
990 2613 1112 2656 sunt
1131 2607 1298 2672 abusi,
1315 2622 1458 2671 spor-

395 2685 517 2734 tulis
561 2683 827 2741 conducti,
878 2697 976 2733 nec
1026 2684 1285 2734 immerito
1328 2684 1459 2734 dicti

394 2763 654 2826 σοφοκλεῖε
670 2767 724 2811 et
742 2759 1114 2811 Laudicicoeni.
1138 2761 1276 2810 Plin.
1294 2762 1464 2826 Epist.

394 2853 460 2889 11.
486 2843 566 2888 14.
601 2838 743 2902 Lips.
769 2837 939 2902 Epist.
960 2851 1024 2887 n.
1042 2842 1127 2889 48.
1162 2839 1315 2889 Idem.

468 2915 537 2965 Ut
580 2913 766 2977 rerum]
814 2914 1181 2977 Xenophontis
1227 2928 1462 2979 proecep-

399 2997 535 3041 tum:
561 2992 819 3054 Πειρᾶσθαι
840 2988 931 3039 σὺν
951 2993 1074 3041 θεοῖς
1092 2990 1326 3056 ἄρχεσθαι
1347 3009 1462 3041 παν-

397 3067 484 3117 τὸς
517 3066 677 3130 ἔργον·
711 3065 776 3116 ὥς
823 3069 921 3116 τῶν
960 3070 1078 3115 θεῶν
1111 3067 1281 3130 κυρίων
1317 3068 1465 3118 ὄντων

399 3143 536 3194 οὐδὲν
567 3142 718 3204 ἧττον
744 3145 842 3193 τῶν
872 3141 1130 3208 εἲρηνικῶν,
1151 3145 1184 3204 ἢ
1204 3148 1303 3196 τῶν
1320 3154 1466 3195 πολε-

396 3225 545 3284 μικῶν
587 3219 756 3285 ἔργων·
790 3236 797 3243 ²
826 3222 1008 3271 Conari
1044 3238 1178 3272 omne
1211 3238 1326 3288 opus
1358 3238 1466 3274 cum

401 3300 527 3349 Diis
545 3300 748 3363 aggredi
759 3315 781 3357 ‚·
815 3299 930 3362 qaia
951 3299 1047 3349 Dis·
1066 3314 1160 3348 non
1179 3302 1366 3364 sequius
1387 3316 1464 3352 re-

402 3379 490 3429 bus
511 3379 751 3433 civilibus,
771 3392 909 3443 quam
930 3383 980 3429 et
1005 3379 1208 3444 bellicis,
1233 3387 1468 3447 presunt,

403 3471 460 3505 uc
479 3456 800 3505 dominantur.
833 3454 1056 3519 Lipsius.

406 3555 415 3562 ·
477 3532 546 3582 Ue
565 3530 749 3593 rerum]
772 3526 1087 3581 verissime:
1113 3546 1227 3581 nam
1252 3539 1308 3582 et
1330 3531 1467 3596 apud

406 3609 614 3659 Livium
655 3609 753 3659 Cn.
786 3608 1036 3672 Manlius,
1086 3623 1346 3660 xxxvm.
1386 3615 1469 3661 48.

405 3685 544 3735 ‘Sed
590 3699 688 3749 ego
729 3686 781 3733 in
828 3698 890 3734 ea
931 3685 1170 3750 civitate,
1201 3701 1314 3752 quae
1350 3686 1471 3738 ideo

407 3763 644 3814 omnibus
679 3763 832 3813 rebus
869 3762 1186 3827 incipiendis
1210 3765 1474 3830 gerendis-

408 3854 512 3906 que
536 3842 678 3891 Deos
706 3839 939 3896 adhibet,
971 3841 1092 3905 quia
1123 3841 1347 3904 nullius,'
1370 3845 1471 3893 ἃς.

409 3916 566 3967 Unde
600 3922 659 3966 et
695 3915 866 3966 eidem
903 3916 1052 3967 Livio
1084 3933 1193 3969 mos
1230 3920 1318 3968 ille
1355 3933 1473 3983 pre·-

413 3992 583 4056 candi‚
616 4000 855 4042 ‘carmen
881 3994 1134 4050 solenne,’
1159 4008 1366 4046 xxxix.
1391 3998 1473 4044 15.

411 4071 429 4113 4
452 4070 522 4120 Et
543 4068 797 4120 concione
820 4067 1093 4127 advocata,
1115 4084 1230 4120 cum
1259 4071 1475 4120 solenne

412 4161 623 4199 carmen
665 4147 999 4211 precationis,
1053 4146 1194 4212 quod
1249 4145 1475 4210 praefari,

413 4226 714 4295 priusquam
740 4227 986 4292 populum
1007 4228 1353 4291 adloquantur
1368 4242 1477 4277 ma-

417 4303 669 4368 gistratus
707 4305 897 4370 solent,
946 4304 1239 4369 peregisset
1274 4304 1477 4363 consul,

489 4792 611 4922 Ι

1060 360 1281 439 Nomi
1334 388 1741 440 unionum
1792 388 1875 438 m

1513 531 1589 580 ita
1631 529 1830 596 coepit,'
1862 533 1960 580 διο.
2025 530 2158 582 Quae
2195 529 2299 580 duo
2333 531 2449 581 loca
2483 543 2577 593 op-

1514 618 1737 672 portune
1764 607 1827 657 ad
1850 607 2002 656 Plinii
2022 608 2099 656 sui
2118 610 2399 672 marginem
2422 610 2578 657 adno-

1519 691 1656 734 tarat
1693 685 1783 734 illa
1824 685 2044 749 antiqua:
2086 685 2295 735 virtutis
2330 700 2580 748 expressa

1516 760 1713 825 effigies
1735 761 1962 812 Jacobus
1980 762 2317 825 Bongarsins.
2352 763 2580 810 Prorsus

1515 839 1653 889 enim
1679 839 1845 888 adhuc
1880 838 2147 902 antiquum
2186 838 2410 901 obtinet,
2438 853 2498 887 ac
2522 838 2584 886 li·

1515 914 1737 965 brariam
1777 930 1921 964 suam
1953 928 2129 964 eorum
2166 915 2280 965 usui
2305 914 2585 978 impendit,

1518 993 1605 1057 qui
1630 993 1750 1042 inde
1776 1000 1868 1042 ant
1885 990 2133 1049 fructum,
2150 1001 2238 1042 aut
2255 993 2577 1057 voluptatem

1517 1071 1757 1135 aliquam,
1776 1069 2090 1134 pollicentur
2112 1069 2344 1133 publico;
2365 1082 2582 1132 quorum

1518 1149 1571 1198 in
1628 1162 1844 1198 numero
1908 1161 2096 1196 nomen
2153 1161 2323 1196 meum
2379 1145 2582 1197 censeri

1520 1240 1672 1291 quam
1692 1224 1848 1275 facile
1875 1225 2065 1289 patior,
2091 1230 2196 1273 tam
2233 1224 2457 1274 libenter
2479 1223 2583 1273 loci

1521 1304 1635 1366 ejus
1673 1302 1981 1365 dignitatem
2018 1300 2233 1365 implere
2271 1301 2444 1350 velim.
2512 1302 2585 1350 Et

1523 1377 1745 1429 affectus
1768 1379 1975 1444 quidem
1996 1392 2058 1427 ac
2076 1377 2354 1427 voluntatis
2379 1377 2586 1427 abunde

1522 1462 1640 1515 est:
1675 1453 1897 1506 effectus
1943 1470 2005 1505 ac
2047 1453 2338 1516 facultatis,
2385 1468 2587 1519 parum,

1521 1542 1609 1584 aut
1632 1535 1790 1585 nihil:
1827 1534 1898 1583 ita
1930 1533 2220 1582 molitiones
2254 1540 2448 1583 nostra:
2477 1548 2582 1584 om·

1523 1626 1617 1661 nes
1641 1611 1970 1675 millepedam
1997 1611 2296 1662 imitantur:
2337 1618 2497 1674 utque
2527 1610 2588 1660 il-

1522 1688 1594 1751 la,
1635 1695 1735 1751 tot,
1769 1695 1829 1738 nt
1861 1687 1933 1737 ita
1969 1688 2173 1751 loquar,
2211 1702 2472 1737 remorum
2509 1687 2594 1737 in·

1526 1772 1727 1816 structa
1749 1765 2037 1828 ordinibus,
2059 1765 2204 1815 audit
2229 1772 2402 1815 tamen
2426 1765 2590 1828 repti-

1525 1843 1648 1892 lium
1689 1841 1842 1891 facile
1878 1840 2203 1891 tardissima:
2237 1841 2330 1898 sic,
2353 1840 2587 1905 quamvis

1526 1921 1579 1970 in
1610 1921 1708 1970 hac
1735 1918 1918 1983 grandi
1946 1919 2197 1969 bonorum
2223 1918 2475 1969 librorum
2510 1932 2591 1967 su-

1529 1997 1782 2062 pellectili
1830 1996 1993 2046 multa
2037 2008 2213 2060 coner,
2270 1995 2436 2044 multa
2478 2007 2588 2043 mo-

1531 2087 1697 2135 veam,
1741 2072 2001 2120 minimum
2049 2078 2226 2119 tamen
2270 2081 2587 2133 promoveo:

1530 2150 1630 2201 nisi
1650 2156 1902 2215 qiiatenns
1917 2148 2052 2198 forte
2067 2163 2184 2197 meo
2201 2148 2443 2212 exemplo
2459 2160 2589 2196 unus

1532 2226 1766 2290 alterque
1790 2225 1913 2274 boni
1949 2224 2143 2289 ingenii
2170 2225 2464 2283 excitatur;
2502 2221 2591 2287 qni

1531 2317 1647 2352 cum
1675 2301 1869 2360 videat,
1901 2301 2258 2365 dignationem
2284 2306 2480 2349 tantam
2501 2299 2593 2348 ha·

1533 2380 1645 2429 beri
1667 2378 1933 2429 industriae
1965 2384 2179 2439 nostrae,
2214 2375 2348 2426 infra
2387 2388 2592 2426 omnem

1534 2456 1947 2506 mediocritatem
1967 2453 2217 2503 mediocri
2238 2469 2253 2514 ;
2275 2453 2413 2502 haud
2433 2461 2593 2501 teme-

1534 2549 1593 2585 re
1628 2533 1850 2584 conflsus
1893 2537 1949 2582 et
1980 2530 2176 2580 indolis
2199 2545 2308 2581 sua*¹
2344 2528 2593 2579 felicioris

1535 2617 1757 2675 naturae,
1795 2616 1850 2658 et
1888 2606 2195 2658 eruditionis
2239 2607 2466 2656 uberiori
2507 2618 2591 2654 co·
2693 2642 2702 2651 .

1537 2688 1659 2753 piae,
1682 2687 1814 2736 bene
1835 2684 1962 2734 item
1996 2683 2105 2733 vult
2138 2681 2440 2746 reipublicae
2478 2695 2595 2729 nos-

1539 2773 1634 2815 trae
1658 2762 1921 2825 literariae,
1945 2774 2139 2826 proque
2159 2774 2221 2808 ea
2242 2766 2455 2808 strenue
2472 2771 2599 2823 pug-

1539 2849 1631 2892 nat
1654 2842 1704 2892 in
1726 2841 1902 2890 hostes
1925 2839 2035 2903 ejus
2053 2836 2421 2896 internecinos,
2440 2834 2596 2883 insci-

1540 2920 1661 2970 tiam
1696 2924 1752 2967 et
1781 2917 2033 2966 livorem:
2070 2914 2256 2979 quibus
2288 2913 2411 2977 ipsis
2440 2910 2599 2959 belln-

1539 2996 1761 3058 toribus,
1796 2992 2030 3058 quamvis
2062 2993 2248 3056 impar,
2282 2997 2482 3041 tantum
2507 2987 2597 3036 ab·

1542 3079 1641 3139 est,
1662 3080 1721 3122 nt
1745 3069 2035 3131 invideam3
2070 3067 2223 3118 faveo
2249 3065 2431 3128 magis,
2456 3064 2600 3127 plau·

1540 3164 1704 3216 suque
1726 3140 2018 3212 frequentis
2036 3144 2282 3194 faventiae
2304 3154 2600 3192 successum

1542 3238 1721 3278 eorum
1755 3226 2055 3275 cohonesto.
2119 3223 2195 3272 Ut
2218 3220 2352 3269 enim
2384 3219 2434 3266 in
2459 3231 2600 3280 mag-

1540 3319 1609 3355 na
1634 3302 1848 3364 familia,
1881 3314 1980 3350 non
2016 3298 2184 3349 omnia
2206 3297 2333 3347 licet
2356 3308 2473 3344 esse
2495 3308 2605 3343 om·

1541 3382 1724 3444 nibus;
1758 3378 1851 3429 sed
1883 3375 2188 3427 suntibisui
2214 3373 2436 3436 gradus;
2471 3377 2605 3420 tam·

1545 3474 1646 3524 que
1669 3458 1877 3508 domino
1906 3459 2123 3519 prosunt
2155 3449 2456 3502 sordidioris
2478 3462 2602 3512 ope·

1547 3551 1617 3585 rae
1641 3535 1894 3595 homines,
1923 3545 2071 3596 quam
2099 3528 2285 3594 quibus
2317 3541 2411 3576 sua
2435 3525 2600 3573 virtus

1546 3614 1762 3662 honesta
1782 3609 2022 3674 adsignat
2045 3603 2358 3664 ministeria3
2381 3601 2456 3650 sic
2472 3613 2602 3647 uun·

1547 3703 1702 3755 quam
1733 3685 1933 3736 inutilis
1967 3690 2051 3734 est
2082 3678 2377 3747 philologiae
2414 3683 2604 3726 nostras

1547 3765 1937 3830 qualiscumque
1959 3758 2086 3809 civis
2109 3769 2291 3820 opera.
2342 3752 2491 3803 Belle
2514 3753 2607 3802 Se·

1550 3855 1701 3904 neca,
1723 3840 1738 3866 ‘
1756 3839 1877 3888 Nou
1904 3836 1992 3885 ille
2029 3833 2167 3884 solus
2198 3830 2407 3889 militat,
2442 3829 2529 3893 qui
2553 3828 2606 3877 in

1549 3918 1662 3968 acie
1685 3919 1809 3978 stat,
1830 3921 1885 3964 et
1918 3925 2081 3962 cornu
2114 3909 2359 3958 dextrum
2396 3906 2609 3955 laevum-

1547 4006 1650 4061 que
1674 3990 1942 4051 defendit3
1976 3987 2069 4038 sed
2092 3991 2147 4035 et
2177 3984 2265 4049 qui
2289 3988 2469 4047 portas
2494 3987 2610 4031 tue-

1549 4080 1656 4130 tur,
1677 4077 1731 4121 et
1750 4068 1974 4119 statione
1992 4064 2157 4114 minus
2174 4060 2490 4126 periculosa,
2510 4071 2610 4107 nou

1549 4147 1718 4197 otiosa
1753 4151 1948 4198 tamen,
1999 4137 2251 4201 fungitur,
2302 4133 2611 4198 vigiliasque

1547 4230 1743 4287 servat,
1762 4228 1818 4272 et
1835 4213 2234 4271 armamentario
2250 4219 2440 4277 praeest
2459 4227 2472 4261 ε
2495 4224 2612 4275 qnae

1549 4299 1861 4363 ministeria,
1904 4291 2140 4362 quamvis
2175 4290 2446 4342 incruenta
2490 4287 2614 4350 siut,
