3017 4942
535 387 667 455 878

529 557 677 606 cose,
717 547 906 612 egerit,
948 561 1053 599 non
1094 547 1376 600 observato
1417 547 1602 600 ordine

536 639 807 690 annorum,
826 626 925 676 boc
953 632 1036 676 est
1069 626 1087 654 4
1109 639 1204 689 per
1227 626 1431 690 species
1452 640 1600 675 exse-

537 700 664 765 qui.’
727 701 816 751 Sic
851 708 907 751 et
935 716 1055 765 ego,
1084 715 1199 750 cum
1234 701 1602 765 gloriosissimo

536 776 884 828 Romanorum
920 778 1239 841 imperatori,
1273 791 1493 829 emoto
1518 792 1600 829 vt.

526 854 681 919 jussu
717 856 1027 920 perillustris
1059 863 1267 906 senatus
1296 855 1601 906 Norimber·

535 933 723 995 gensis.
781 939 1131 998 percuterem,
1185 933 1319 983 tanti
1375 933 1599 983 Caesaris

531 1007 742 1059 laudem
767 1023 863 1074 per
886 1010 1086 1074 species
1124 1010 1370 1062 virtutum
1400 1024 1598 1060 rerum·

533 1099 636 1150 que
675 1094 934 1149 gestarum
966 1086 1179 1151 exsequi
1213 1094 1433 1138 conatus
1466 1102 1598 1138 sum.

534 1160 685 1214 Quod
705 1176 866 1227 genus
885 1163 1252 1229 descriptionis
1267 1164 1621 1217 commendat.

532 1238 672 1291 Veli.
704 1254 745 1290 1.
783 1246 862 1293 14.
909 1242 926 1270 ⁸
948 1240 1214 1299 Felicius,'
1247 1242 1432 1307 inquit,
1469 1245 1597 1292 ‘cu-

524 1315 712 1380 jusque
734 1318 810 1367 rei
832 1318 885 1366 in
904 1332 1062 1368 unum
1083 1325 1352 1368 contracta
1374 1319 1597 1382 specics,

530 1405 685 1455 quam
718 1391 888 1443 divisa
924 1395 1268 1457 temporibus,
1290 1397 1452 1446 oculis
1483 1398 1593 1447 ani·

530 1481 719 1533 moque
742 1468 997 1520 iuberet!
1029 1470 1094 1520 In
1119 1472 1455 1535 sequentibus
1478 1486 1595 1520 ver-

530 1543 632 1609 bis,
654 1559 750 1610 pro
769 1547 1017 1598 dicendum
1036 1554 1160 1604 erut,
1186 1548 1401 1598 exbibet
1423 1549 1595 1600 codex

526 1620 840 1674 Parisiensis
870 1626 1119 1675 dicendum
1134 1624 1326 1685 suerat.
1358 1626 1594 1676 Schwar-

532 1713 663 1750 stus.

550 1800 558 1807 ·
593 1777 836 1829 Diducere
877 1794 935 1829 oc
976 1778 1226 1844 sporgere]
1281 1778 1389 1829 Pro
1431 1779 1591 1831 verbo

524 1853 765 1918 diducere,
811 1868 1009 1918 omnes,
1052 1856 1239 1921 quibus
1291 1869 1411 1906 usus
1455 1871 1591 1919 sum,

526 1931 733 1983 codices
755 1934 885 1984 Mss.
910 1934 1361 1984 babent-deducere
1377 1950 1399 1994 ‚-
1433 1948 1590 2000 quam

522 2008 806 2061 lectionem
851 2010 1087 2062 referunt
1130 2012 1287 2062 etiam
1331 2012 1591 2077 plurimae,

524 2101 706 2152 eaeque
729 2089 1047 2153 antiquiores
1081 2091 1356 2141 editiones.
1423 2091 1590 2141 Primi

526 2163 743 2214 verbum
766 2167 989 2216 diducere
1012 2168 1321 2231 evulgarunt
1354 2169 1418 2218 R.
1437 2176 1494 2218 et
1519 2168 1591 2218 H.

519 2239 788 2305 Stephani,
811 2242 1115 2301 Ascensius,
1141 2243 1421 2308 Gruterus,
1457 2259 1587 2309 quos

522 2315 775 2381 deinceps
802 2320 889 2369 aiii
913 2326 1035 2371 snut
1053 2321 1235 2370 secuti.
1304 2321 1483 2372 Possit
1502 2329 1587 2373 ut·

521 2406 725 2458 cunque
749 2397 965 2446 retineri
995 2396 1212 2447 verbum
1234 2399 1492 2458 deducet-u
1529 2405 1589 2449 ut

518 2471 748 2522 &decere
782 2475 983 2537 speciem
1027 2476 1183 2525 laudis
1224 2475 1452 2533 dicatur,
1493 2478 1585 2543 qni

519 2560 636 2598 eam
672 2549 748 2600 ita
780 2552 924 2602 varie
957 2552 1230 2616 expandit,
1271 2560 1330 2604 ut
1372 2554 1585 2605 tandem

519 2625 692 2674 tenuis
723 2626 994 2691 reddatur,
1015 2630 1163 2693 quasi
1190 2630 1530 2681 translatione
1552 2647 1585 2682 a

518 2698 656 2759 lana,
691 2716 809 2765 qum
842 2703 1124 2754 deducitur
1158 2705 1212 2754 iu
1252 2705 1581 2756 tenuitatem.

516 2772 708 2827 Horat.
743 2779 915 2842 Epist.
946 2793 1010 2831 n.
1048 2786 1094 2832 l.
1126 2782 1243 2831 226.
1289 2781 1397 2832 ‘Et
1434 2783 1581 2833 tenui

516 2849 744 2902 deducta
766 2854 1007 2919 poiSmata
1028 2855 1155 2907 filo.'
1216 2857 1366 2908 Sicut
1389 2867 1445 2909 et
1461 2861 1581 2910 Vir-

515 2926 640 2990 gilio
678 2930 859 2995 Eclog.
898 2945 976 2982 vx.
1011 2939 1061 2982 5.
1104 2933 1122 2962 4
1146 2932 1428 2985 deductum
1468 2951 1581 2986 car·

511 3004 674 3061 men.’
705 3006 997 3072 interprete
1030 3010 1267 3060 Macrob.
1303 3023 1381 3060 vr.
1399 3014 1451 3062 4.
1482 3027 1580 3077 pro

514 3082 660 3131 tenui
680 3089 737 3133 et
758 3085 936 3135 subtili
957 3085 1169 3137 dicitnr.
1214 3087 1319 3138 Sed
1339 3090 1454 3153 quis
1474 3104 1579 3140 non

514 3155 681 3220 videt,
701 3159 863 3210 multo
895 3162 1339 3215 accommodatius
1362 3166 1482 3216 huic
1503 3167 1579 3216 lo·

511 3244 579 3283 co
615 3249 729 3284 esse
771 3237 986 3287 verbum
1023 3240 1275 3290 diducere?
1307 3241 1343 3291 i.
1371 3257 1419 3293 e.
1452 3241 1579 3292 diri-

513 3322 677 3373 mere,
710 3318 768 3361 et
798 3313 850 3361 in
886 3313 1094 3365 diversa
1118 3316 1233 3366 loca
1269 3317 1578 3369 distrahere.

512 3385 656 3438 Quid
682 3402 804 3437 vero
834 3386 1041 3439 facilius
1068 3390 1183 3442 fieri
1209 3395 1400 3455 potuit,
1421 3409 1577 3460 quam

510 3469 573 3511 ut
595 3463 692 3513 ista
721 3464 882 3515 verba
911 3482 943 3516 a
977 3467 1192 3518 rudibus
1223 3470 1579 3523 librariis'siut

510 3540 759 3592 confusa?
838 3542 1126 3595 Annotarit
1148 3546 1260 3610 jam
1297 3548 1578 3599 Dracken·

508 3615 751 3669 borcbius
783 3618 851 3670 ad
886 3621 982 3671 Sil.
1013 3635 1110 3672 xv.
1133 3626 1248 3673 187.
1281 3624 1576 3689 hujusmodi

508 3693 825 3746 confusionis
867 3700 1126 3762 exempla.
1210 3700 1295 3751 Ibi
1353 3701 1576 3752 antebac

508 3770 665 3819 etiam
687 3770 978 3837 legebatur,
1009 3776 1026 3803 4
1046 3775 1151 3826 Qui
1183 3789 1276 3825 sua
1309 3789 1449 3826 nnnc
1480 3777 1576 3827 tri·

507 3846 589 3896 nis
624 3846 891 3899 deducunt
933 3851 1140 3912 agmina
1176 3851 1398 3903 castris.’
1464 3853 1573 3904 Sed

507 3921 630 3973 Nic·
668 3923 915 3974 Heinsius
947 3926 1140 3977 ibidem
1173 3930 1572 3980 rescribendum

506 4001 711 4049 censuit
742 4001 990 4065 diducunt,
1028 4005 1112 4053 vel
1157 4012 1341 4055 contra
1385 4008 1572 4056 stanti-

505 4073 604 4124 bus
638 4075 992 4140 membranis3
1026 4081 1145 4143 quia
1180 4095 1369 4145 nempe
1405 4082 1456 4130 in
1491 4082 1571 4132 bi·

504 4149 667 4203 berna
700 4150 895 4201 diversi
937 4166 1306 4211 concesserant
1351 4158 1572 4208 Cartba-

505 4224 784 4288 ginienses.

506 4301 605 4355 bac
626 4317 755 4353 voce
778 4318 900 4354 usus
918 4313 1006 4356 est·
1023 4308 1091 4358 de
1111 4309 1368 4362 divisione
1389 4319 1446 4363 et
1460 4311 1569 4363 dis-

849 4228 938 4278 Sic
970 4232 1128 4280 etiam
1160 4234 1277 4283 Liv.
1298 4238 1571 4286 xxv1.Al.
1603 4264 1624 4278 ο

1227 404 1450 456 ΝΟΤΕ
1497 404 1908 458 vammum
1958 407 2043 457 m

1675 549 1936 600 tractione
1975 547 2243 614 copiarum
2280 548 2402 599 olim
2434 547 2734 613 conjuncta·

1676 639 1819 676 rum:
1872 628 1903 656 4·
1923 625 2254 676 Diduxerunt
2298 627 2581 684 exercitus,
2624 642 2735 693 que

1674 702 1813 766 patri
1858 711 2153 768 patruoque
2197 717 2314 752 mco
2360 717 2548 753 caussa
2591 703 2737 754 exitii

1673 776 1810 827 fuit)
1877 778 2194 830 conferatur
2215 779 2421 829 Pierius
2457 778 2523 828 ad
2556 780 2739 844 virgil.

1672 852 1788 907 AEn.
1813 870 1869 910 V.
1893 859 2006 907 580.
2061 858 2151 908 Sic
2174 866 2228 908 et
2251 858 2319 907 de
2344 859 2563 908 civitate
2587 858 2641 906 in
2663 857 2740 907 di-

1673 947 1848 984 versas
1888 933 2146 985 factiones
2182 923 2346 985 scissa
2380 934 2482 984 boc
2522 933 2738 984 verbum

1672 1012 1941 1076 usurpavit
1971 1012 2141 1063 Tacit.
2172 1011 2364 1062 Annal.
2388 1025 2468 1061 rv-
2491 1015 2576 1060 17.
2608 1012 2625 1040 4
2649 1010 2737 1060 In-

1669 1089 1848 1139 stabat
1872 1089 2063 1154 quippe
2081 1089 2317 1154 Sejanus,
2341 1087 2735 1152 incusabatque,

1671 1166 1935 1218 diductam
1971 1167 2257 1231 civitatem,
2286 1173 2347 1217 ut
2383 1165 2527 1216 civili
2561 1163 2735 1216 bello-⁹

1668 1243 1817 1294 Bene
1860 1259 1988 1309 ergo
2042 1245 2142 1294 boc
2196 1244 2410 1294 verbum
2456 1244 2617 1293 etiam
2667 1240 2734 1291 sd

1669 1333 1824 1370 uuum
1872 1336 2034 1385 genus
2080 1320 2244 1371 laudis
2281 1321 2488 1371 diversa
2525 1319 2580 1368 in
2619 1319 2735 1368 loc'a

1667 1394 1973 1447 distractum
2018 1397 2273 1462 applicari
2294 1451 2300 1455 ⁴
2321 1399 2517 1461 potuit.
2602 1394 2736 1444 Sunt

1668 1478 1841 1522 autem
1893 1475 2004 1524 baec
2059 1475 2239 1536 verba,
2287 1475 2304 1502 4
2330 1468 2623 1533 diducere,'
2674 1475 2735 1519 et

1667 1553 1684 1576 ‘
1706 1547 1993 1613 spargere!
2033 1550 2130 1600 boc
2169 1550 2283 1600 loco
2325 1561 2636 1613 synonyma,
2679 1551 2734 1595 et

1665 1630 1890 1691 utraque
1931 1634 2268 1693 opponuntur
2300 1626 2364 1676 iis
2400 1638 2516 1690 qum
2567 1623 2619 1672 in
2660 1622 2734 1673 lo·

1664 1716 1784 1752 cum
1807 1718 1966 1754 unum
1983 1703 2230 1761 conferri,
2249 1711 2307 1753 et
2328 1699 2732 1765 continuari,di²·

1664 1785 1871 1830 cuntur.
1919 1779 2243 1846 ‘Spargere’
2259 1780 2396 1830 enim
2420 1778 2581 1828 etiam
2606 1776 2731 1826 alibi

1664 1870 1762 1920 pro
1780 1859 1798 1887 4
1816 1856 2074 1908 dividere’
2096 1865 2152 1907 et
2175 1859 2193 1887 4
2209 1856 2531 1907 distribuere
2547 1852 2566 1877 '
2588 1854 2731 1918 poni·

1664 1939 1769 1985 tur.
1805 1934 2023 1989 Sueton-
2035 1934 2224 1997 Gaiba,
2243 1949 2292 1985 c.
2308 1937 2394 1983 22.
2412 1934 2431 1961 4
2449 1933 2728 1995 congestas

1663 2023 1823 2073 super
1838 2026 2018 2061 manus
2031 2010 2139 2062 cibi
2162 2010 2408 2075 reliquias
2426 2004 2729 2058 circumfer·

1663 2086 1710 2136 ri
1730 2086 1971 2150 jubebat,
1994 2088 2276 2151 spargique
2298 2084 2365 2135 ad
2397 2083 2568 2149 pedes
2587 2089 2730 2133 stan-

1664 2164 1800 2214 tibus
1819 2162 1855 2214 =’
1888 2165 1978 2215 ubi
2004 2164 2309 2215 Torrentius
2345 2169 2515 2218 notat,
2551 2166 2728 2225 ‘spar-

1661 2241 1715 2304 gi
1731 2240 1746 2263 ’
1768 2241 1872 2292 dici
1898 2257 1993 2305 pro
2013 2244 2031 2271 4
2047 2242 2207 2291 dividi
2225 2239 2259 2302 ς’
2282 2240 2424 2305 quia,
2445 2238 2726 2288 secundum

1661 2319 1847 2369 Senec.
1888 2320 2054 2384 Epist.
2100 2322 2212 2369 123.
2260 2319 2278 2346 4
2302 2331 2452 2367 coena
2489 2320 2727 2379 peracta,

1662 2397 1896 2461 reliqniae
1941 2394 2390 2446 circumstantibus
2423 2391 2727 2441 divideban-

1662 2472 1781 2523 tur.’
1848 2475 1997 2524 Curt.
2028 2486 2153 2523 vm.
2192 2477 2241 2523 1.
2292 2470 2309 2499 ‘
2334 2470 2467 2520 Cum
2510 2475 2728 2532 propter

1658 2563 1844 2613 vagum
1869 2550 2071 2600 bostem
2095 2547 2407 2613 spargenda
2437 2559 2620 2595 manus
2650 2558 2727 2593 es·

1658 2633 1798 2683 sent,
1814 2626 1868 2676 in
1890 2632 1998 2677 tres
2015 2634 2190 2690 partes
2207 2624 2385 2674 divisit
2401 2619 2727 2673 exercitum?

1659 2699 1808 2751 Idem
1830 2715 1884 2751 v.
1903 2706 1952 2752 1.
1987 2703 2004 2730 ‘
2022 2704 2126 2752 Per
2148 2701 2432 2764 nonaginta
2446 2698 2625 2748 stadia
2643 2698 2727 2746 ba·

1658 2775 1896 2841 bitstur3
1942 2792 2041 2828 uec
2079 2778 2251 2829 omnia
2297 2784 2442 2827 tecta
2477 2775 2727 2824 continua

1657 2862 1810 2904 sunta
1850 2855 2030 2911 credo,
2065 2855 2186 2919 quia
2226 2853 2388 2903 tutius
2425 2851 2592 2901 visum
2629 2857 2727 2912 est,

1654 2932 1892 2995 pluribus
1927 2933 2053 2981 locis
2085 2930 2295 2996 κρατῇ·
2348 2930 2426 2980 .1u
2457 2928 2725 2994 sequenti-

1657 3008 1753 3059 bus
1775 3009 2012 3070 vocibus,
2041 3009 2060 3039 ‘
2082 3016 2242 3073 atque
2265 3005 2554 3057 identidem
2588 3014 2725 3055 trac·

1659 3092 1772 3134 tare
1817 3084 2101 3140 debemus,’
2145 3098 2241 3148 pro
2286 3083 2448 3133 verbo
2492 3087 2722 3144 tractare,

1655 3161 1823 3212 codex
1844 3161 2155 3211 Parisieusis
2188 3174 2372 3225 parum
2401 3159 2614 3209 utiliter
2635 3159 2722 3202 ba·

1654 3237 1749 3289 bet
1765 3246 1998 3301 spectare.
2029 3238 2200 3288 Idem.

1716 3312 1985 3376 Diducere]
2008 3315 2255 3363 Dedecet-e
2275 3310 2445 3361 Livin.
2467 3308 2521 3358 in
2539 3315 2719 3370 textu3

1653 3390 1747 3441 sed
1773 3392 1826 3440 in
1854 3391 2087 3453 margine
2117 3387 2276 3453 forte,
2296 3388 2551 3437 diducere.-
2587 3385 2720 3451 opti·

1653 3482 1755 3518 me.
1794 3467 2033 3518 Rittersls.
2344 3496 2349 3505 ·

1718 3545 1982 3610 Iunxerat]
2004 3543 2276 3605 Consules,
2297 3555 2401 3591 non
2431 3555 2490 3590 re
2514 3546 2718 3590 tantum

1650 3621 1786 3686 ipsa,
1807 3624 1905 3673 boc
1927 3629 2030 3687 est,
2059 3618 2404 3685 expediendis
2435 3632 2531 3682 pro
2555 3616 2719 3667 tribu·

1648 3701 1752 3751 nali
1779 3698 2280 3756 manumissionibus,
2298 3706 2499 3762 gratam
2526 3695 2719 3760 populo

1647 3777 1906 3828 libertatis
1928 3775 2226 3826 memoriam
2248 3773 2606 3833 renovabant3
2634 3786 2717 3820 ve-

1649 3869 1760 3903 rum
1797 3855 1957 3905 etiam
1992 3853 2166 3902 verbis
2201 3850 2475 3912 faciendis,
2498 3857 2556 3899 et
2588 3848 2720 3897 reci·

1649 3930 1807 3979 tanda
1830 3929 2063 3979 oratione
2084 3929 2137 3977 in
2161 3927 2306 3977 curia
2331 3927 2499 3990 primo
2524 3937 2718 3974 consu-

1646 4008 1783 4058 latus
1826 4008 1911 4057 die
1949 4014 2218 4057 senatores
2261 4003 2328 4053 ad
2365 4016 2513 4068 spem
2557 4009 2719 4068 atque

1646 4084 2070 4148 expectationem
2141 4078 2538 4145 recuperandae,
2595 4077 2718 4129 reti·

1646 4160 1938 4224 nendaeque
1989 4158 2154 4224 ipsius
2211 4154 2472 4207 libertatis
2529 4156 2716 4206 iuvita·

1646 4237 1791 4288 bant.
1825 4236 1981 4287 Beris.
2276 4260 2281 4267 ·

1711 4313 1911 4364 Primum
1941 4313 2212 4364 consulatus
2246 4311 2321 4362 tus·
2352 4308 2481 4373 dies]
2513 4308 2712 4362 Queri-
