3017 4942
469 355 603 426 854

470 534 702 579 mentum
736 529 965 597 aliquod,
991 529 1059 583 de
1092 546 1195 598 qno
1225 533 1384 585 etiam
1405 549 1536 586 non·

473 605 599 656 dnm
629 612 711 656 est
741 614 932 658 actum.
996 609 1118 660 Jarn
1142 616 1311 661 autem
1336 611 1541 662 Plinius

477 695 653 746 snpra,
676 696 792 748 cap.
818 697 935 734 nvi.
957 686 1166 736 omnino
1189 693 1244 737 et
1269 686 1335 737 de
1353 702 1538 738 secun·

470 756 559 815 do,
602 765 655 808 et
698 759 766 809 de
812 761 970 812 tertio
1006 763 1281 813 consulatu
1326 764 1539 829 Trajani

470 847 629 898 agere
644 843 911 899 coeperat;
944 844 1000 886 et
1018 852 1064 889 c.
1085 851 1224 888 nvn.
1244 852 1403 889 tvm.
1422 854 1541 897 ux.

469 915 526 958 et
545 922 636 959 nx.
653 912 965 974 proedicarat
981 914 1391 966 moderationem
1405 918 1538 967 Tra-

460 984 594 1049 jani,
613 987 827 1037 tertium
844 990 1166 1041 consulatum
1184 991 1539 1055 deprecantis.

466 1061 697 1118 Deinde,
715 1063 766 1113 in
782 1064 965 1115 eodem
977 1067 1155 1130 capite
1168 1081 1259 1119 nx.
1276 1069 1538 1120 item-mn.

468 1142 526 1186 et
569 1150 711 1202 mm.
752 1139 1039 1191 inseruerat
1079 1146 1428 1195 narrationem
1468 1148 1537 1196 de

468 1211 673 1264 dnobus
719 1217 1068 1274 senatoribus,
1107 1235 1240 1284 quos
1278 1221 1534 1287 Trajanus

355 1340 361 1344 „
465 1289 625 1340 tertio
640 1293 876 1342 consules
890 1291 1110 1358 fecerat,
1123 1298 1240 1345 etin
1257 1299 1536 1350 consulatu

399 1405 405 1414 .
464 1379 560 1417 auo
581 1368 757 1426 tertio,
786 1371 1007 1420 alterum
1032 1373 1241 1437 quidem
1263 1381 1383 1437 post
1405 1377 1535 1425 alte

464 1457 602 1509 rum,
620 1456 928 1497 assumserat
945 1450 1191 1513 collegas.
1227 1452 1384 1502 Nunc
1401 1452 1535 1505 adeo

464 1524 753 1573 revertitur
785 1525 853 1574 ad
883 1525 1052 1589 ipsum
1077 1529 1398 1579 consulatum
1431 1536 1533 1580 ter·

463 1600 615 1664 tium,
638 1616 670 1650 a
690 1603 914 1666 Trajano
938 1612 1164 1668 gestum.
1231 1606 1348 1656 Vox
1370 1608 1531 1659 etsiin

461 1677 766 1741 quibusdam
791 1680 937 1729 libris
959 1680 1169 1744 scriptis
1188 1688 1244 1731 et
1264 1683 1531 1747 impressis

459 1751 668 1803 divisim
717 1755 1045 1819 exprimitur,
1086 1762 1135 1806 et
1177 1758 1222 1806 si
1240 1774 1262 1819 ,-
1320 1758 1372 1807 in
1416 1760 1531 1809 aliis

460 1831 804 1895 conjunctim,
826 1841 1070 1899 tanquam
1085 1836 1204 1900 conj
1214 1837 1391 1887 unctio
1406 1824 1531 1888 con·

460 1912 679 1961 cessiva.
745 1910 993 1977 Ambigo,
1029 1919 1200 1964 utram
1239 1915 1532 1979 amplectar

462 1985 806 2050 scripturam3
838 1988 933 2036 sed
959 1988 1131 2053 video,
1150 2004 1350 2055 parum:
1366 1991 1530 2043 refer-

395 2092 400 2096 ·
458 2075 543 2118 re,
575 2063 883 2113 utramlibet
906 2062 1169 2114 admittas.
1232 2065 1290 2116 Si
1324 2066 1529 2118 divisim

460 2138 739 2200 scribatur,
765 2144 813 2189 et
834 2139 899 2197 ai,
932 2139 1011 2190 sic
1044 2139 1294 2203 explicari
1329 2150 1529 2208 potest,

457 2213 478 2243 ‘
498 2216 759 2265 Revertor
786 2213 896 2280 jam
920 2217 985 2266 ad
1008 2218 1331 2268 consulatum
1365 2229 1529 2279 tunm,

460 2300 515 2341 et
540 2291 803 2356 [revertor
839 2292 904 2341 ad
942 2295 1049 2358 ea‚]
1068 2295 1110 2342 si
1141 2303 1263 2345 sunt
1286 2297 1528 2361 quiedam

458 2366 528 2416 ad
569 2368 892 2419 consulatum
936 2369 1147 2433 quidem
1186 2374 1528 2438 pertinentia,

459 2451 585 2492 ante
622 2444 946 2495 consulatum
984 2452 1156 2495 tamen
1193 2445 1372 2499 facta.'
1434 2450 1527 2500 Sin

458 2521 881 2584 conjunctionem
918 2524 1269 2593 concessivam
1315 2526 1409 2575 etsi
1446 2543 1529 2581 as-

428 2611 650 2654 wnmas,
683 2600 902 2649 eandem
924 2599 1036 2649 fere
1064 2601 1282 2651 habebis
1316 2611 1528 2654 senten-

456 2675 603 2736 tiam,
634 2677 651 2705 ‘
677 2677 936 2729 Revertor
963 2680 1076 2743 jam
1113 2681 1177 2729 ad
1203 2682 1527 2733 consulatum

456 2755 600 2801 tuum
628 2754 865 2818 tertium,
894 2755 979 2819 [ut
1012 2771 1291 2823 exponam,
1313 2772 1527 2824 quomo-

453 2828 526 2878 do
549 2843 668 2879 eum
690 2833 907 2894 gesseris
924 2832 965 2896 ς]
1000 2834 1097 2883 etsi
1132 2841 1252 2883 sunt
1286 2836 1526 2900 qnoedam

454 2903 522 2977 ad
563 2908 892 2957 consulatum
934 2908 1141 2973 quidem
1184 2908 1528 2975 pertinentia,

456 2989 581 3030 ante
596 2984 921 3034 consulatum
940 2992 1110 3034 tamen
1126 2984 1270 3036 facta
1282 2987 1390 3036 sive
1407 3002 1531 3051 ges-⁴

456 3057 552 3118 ta,’
574 3073 903 3124 qtiae.nempe
927 3075 1028 3110 non
1052 3062 1221 3112 minus
1239 3070 1361 3113 sunt
1382 3079 1525 3115 com-

453 3134 808 3184 memoranda.
849 3137 863 3164 ‘
882 3133 1025 3185 Ante
1047 3140 1375 3189 consulatum
1393 3139 1406 3161 '
1428 3155 1526 3206 per

455 3206 670 3274 ἔλλειψιν
696 3210 909 3276 dicitnr,
935 3219 990 3260 ut
1015 3212 1339 3277 intelligatur
1361 3217 1523 3281 parti·

454 3286 684 3350 cipiumff
699 3285 879 3347 facta,'
897 3288 978 3337 vel
993 3289 1009 3316 ‘
1025 3297 1170 3351 gesta
1183 3290 1217 3352 ς’
1233 3291 1525 3355 cujusmodi

456 3361 717 3435 mespres
745 3365 995 3428 ‘exempla
1039 3368 1271 3428 quiedam
1318 3370 1525 3421 notavit

454 3439 667 3490 Cortius
684 3439 748 3490 ad
769 3440 1088 3504 Sallustium,
1104 3443 1524 3508 insugurthmv.

449 3519 503 3567 4.
566 3514 856 3580 Aliquanto
887 3515 1024 3565 enim
1048 3517 1352 3575 insolentius
1383 3520 1523 3571 dice-

454 3599 623 3650 retur,
642 3592 981 3656 ‘pertinentia
1009 3602 1133 3643 ante
1166 3596 1525 3647 consulatum!

454 3668 658 3718 Clarius
679 3677 735 3719 et
768 3671 995 3733 plenius,
1018 3676 1033 3698 ‘
1055 3685 1169 3734 quse
1192 3675 1522 3726 consulatum

453 3749 628 3795 tamen
655 3745 1091 3797 antecesserunt?
1129 3747 1370 3799 Schwarz.
1429 3754 1436 3760 “

517 3819 781 3883 Revertor]
816 3822 1096 3871 Proevertor
1118 3823 1182 3873 V.
1220 3824 1389 3876 Livia.

517 3894 756 3947 Revertor
795 3897 929 3961 jam]
980 3898 1183 3961 Sequor
1234 3908 1521 3964 praevertor.

454 3969 825 4037 Auensspist.
868 3985 919 4021 v.
968 3977 1048 4022 1⁵.
1083 3974 1416 4031 ‘Praevertor
1453 3978 1518 4027 ad

393 4063 398 4067 ’
451 4039 533 4110 ea,
572 4062 685 4111 quae
735 4064 818 4098 me
861 4059 1101 4110 agentem
1132 4053 1241 4103 -hic
1302 4055 1521 4105 nuncius

451 4122 837 4187 deprehendit-⁹
899 4125 969 4174 Et
991 4125 1114 4175 alibi
1136 4141 1297 4192 saepe.
1352 4130 1520 4180 Hora-

454 4200 579 4258 tius,
615 4200 786 4248 ‘Illuc
817 4208 1194 4262 praevertamur
1234 4212 1518 4256 amatorem

453 4274 595 4339 quod
614 4274 796 4324 amicoe
820 4274 1016 4338 Turpia
1031 4272 1304 4342 decipiunt
1318 4297 1519 4333 caecum

491 4349 621 4402 itia?
695 4348 954 4416 Apuleius
996 4353 1276 4420 Apologia,
1321 4356 1520 4411 ‘Nunc

1174 378 1395 430 ⁸0⁶1·AE
1441 378 1852 432 vammum
1902 382 1987 433 ΙΝ

1614 529 1824 591 tempus
1855 532 1940 578 est
1973 525 2041 578 ad
2079 525 2330 592 epistolas
2361 527 2675 582 Pudentmae

1614 602 1898 665 praeverti.'
1928 604 2084 655 Iden.

1680 681 1940 747 Revertor]
1971 684 2111 734 Nam
2148 689 2274 735 ante
2312 684 2474 748 coepit
2500 684 2672 735 dicere

1614 756 1682 807 de
1701 759 1860 809 tertio
1873 760 1922 824 ej
1931 775 1987 809 ns
2000 762 2297 823 consulatu,
2314 769 2517 825 aperte.
2554 762 2673 812 Nou

1614 848 1741 900 ergo
1758 836 1913 888 audio
1933 843 2161 888 veterem
2181 839 2402 905 aliquem
2425 838 2674 905 codicem,

1615 910 1704 976 qni
1724 917 2009 975 prosator.
2045 913 2192 977 Lips.

1681 988 1822 1044 Quod
1843 989 2052 1040 comitiis
2078 989 2177 1040 tuis
2205 988 2495 1052 interficias]
2527 969 2592 1039 In
2616 989 2672 1039 li·

1613 1058 1708 1111 bro
1732 1060 1985 1113 Vossiano
2009 1078 2102 1127 pro
2130 1065 2389 1128 particula
2418 1067 2570 1129 qaod,
2591 1061 2699 1115 ιιι(

1611 1143 1829 1188 notatur
1849 1141 2020 1204 quusi,-
2051 1140 2167 1198 sed,
2199 1148 2449 1204 qnantum
2486 1141 2675 1190 intelli-

1611 1231 1696 1280 go,
1716 1217 1827 1269 sine
1850 1233 1964 1268 usu.
2018 1221 2353 1269 Denotantur
2376 1233 2500 1268 vero
2520 1219 2673 1268 comi·

1610 1294 2032 1353 tia=consularia,
2071 1295 2256 1361 quibus
2299 1295 2558 1360 Trajanus
2596 1310 2673 1344 re·

1609 1371 1881 1421 nuntiatus
1899 1380 1977 1420 est
2007 1372 2218 1422 tertium
2243 1373 2440 1422 consul.
2509 1372 2566 1421 Si
2597 1369 2673 1419 di·-

1609 1459 1717 1508 cas,
1740 1446 1879 1498 Quid
1903 1461 2033 1510 opus
2055 1446 2299 1508 comitiis,
2316 1461 2433 1496 cum
2461 1453 2572 1497 tota
2592 1460 2674 1496 res

1610 1521 1940 1586 dependeret
1964 1537 1995 1571 a
2023 1522 2289 1572 voluntate
2312 1522 2589 1586 principis,
2607 1522 2673 1575 si-

1607 1614 1674 1658 ve
1713 1601 1829 1663 ipse
1863 1588 2155 1664 susciperet
2188 1599 2532 1656 consulatum,
2565 1600 2671 1648 sive

1598 1675 1819 1741 juberet
1837 1676 1966 1726 alios
1986 1676 2275 1747 renuntiari
2293 1676 2566 1727 consules?
2598 1683 2683 1740 et,
2694 1740 2701 1745 1

1608 1766 1675 1801 an
1711 1759 1834 1802 tunc
1869 1752 2076 1803 omnino
2101 1752 2316 1803 comitia
2338 1752 2552 1819 habita?
2588 1767 2669 1804 res

1609 1835 1758 1880 certe
1781 1830 2026 1881 intricata
2055 1830 2282 1889 videtur,
2316 1837 2369 1879 at
2400 1837 2547 1879 certe
2569 1844 2670 1879 non

1608 1906 1836 1970 indigna,
1873 1921 1989 1971 quae
2034 1905 2312 1973 aliquando
2356 1906 2671 1975 excutiatur·

1608 1982 1796 2045 Neque
1819 1982 1973 2032 alium
1994 1982 2138 2039 novi,
2155 1982 2247 2047 qui
2266 1982 2531 2045 hanc-rem
2555 1996 2675 2031 ner·

1607 2058 1781 2108 vosius
1794 2072 2021 2122 exposue
2029 2060 2096 2108 rit
2110 2058 2171 2107 Li
2178 2060 2311 2122 pain,
2322 2073 2437 2108 cum
2454 2059 2506 2107 in
2521 2059 2671 2128 Com-

1605 2140 1831 2184 mentar.
1873 2132 1939 2182 ad
1993 2133 2092 2183 boc
2132 2142 2297 2198 caput
2339 2122 2670 2198 Pane'gyrici,

1606 2215 1715 2260 tum
1740 2210 1792 2260 in
1819 2211 2057 2260 Excursu
2084 2211 2149 2260 E.
2179 2210 2245 2260 ad
2280 2210 2456 2261 Tacit.
2482 2210 2669 2260 Annal.

1604 2301 1646 2335 1.
1690 2292 1770 2337 15.
1804 2287 1954 2351 cnjus
1990 2287 2209 2350 vestigia
2247 2286 2429 2336 lubens
2464 2301 2668 2351 sequor.

1603 2359 1828 2413 Interim
1852 2370 2080 2418 constat,
2113 2354 2434 2426 temporibus
2461 2363 2666 2433 reipub·

1602 2439 1718 2488 licae
1733 2439 1928 2503 libera,
1939 2440 2026 2502 jus
2045 2439 2385 2489 creandorum
2400 2440 2666 2489 consulum

1602 2524 1876 2580 spectasse
1901 2518 1964 2566 ad
2000 2514 2246 2579 suffragia
2275 2517 2435 2566 totius
2473 2518 2651 2582 populi

1602 2593 1659 2642 in
1694 2593 1920 2642 comitiis
1956 2592 2166 2658 quidem
2199 2593 2520 2654 centuriatis,
2558 2593 2668 2663 qui-³

1602 2668 1696 2720 bus
1734 2669 1955 2732 populus
1989 2683 2084 2733 per
2122 2670 2361 2719 classium
2399 2668 2661 2739 centurias

1603 2746 1800 2797 divisus
1823 2745 2064 2810 suffragia
2099 2745 2320 2804 ferebat,
2355 2761 2472 2795 cum
2499 2755 2663 2796 totum

1601 2823 1790 2873 civium
1808 2816 2009 2887 ’corpus
2046 2830 2312 2874 constaret
2349 2828 2462 2874 193.
2489 2831 2662 2874 centu·

1601 2900 1710 2950 riis.
1778 2901 1909 2950 Cum
1931 2915 1996 2951 ea
2020 2900 2197 2967 populi
2228 2899 2445 2950 libertas
2469 2900 2662 2963 incipe-

1599 2983 1687 3027 ret
1728 2976 2030 3040 exspirare;
2071 2975 2245 3029 Julius
2288 2976 2487 3033 Caesar,
2530 2972 2661 3025 refe-

1600 3060 1752 3104 rente
1786 3053 2001 3104 Sueton.
2035 3068 2154 3117 cap.
2191 3056 2274 3103 41.
2305 3053 2517 3103 comitia
2546 3066 2659 3103 cnm

1600 3130 1798 3194 populo
1822 3130 2043 3194 partitus
2065 3137 2169 3194 est,
2191 3131 2520 3193 nt,exoeptis
2542 3143 2661 3181 con-.

1599 3208 1796 3257 aulatus
1820 3206 2151 3270 petitoribus,
2178 3205 2245 3255 de
2272 3213 2453 3255 cetero
2487 3219 2658 3255 nume·

1599 3299 1658 3334 ro
1686 3284 2101 3342 candidatorum,
2135 3299 2230 3349 pro
2254 3288 2408 3348 parte
2430 3282 2659 3339 dimidia,

1599 3377 1731 3427 quos
1768 3362 1993 3427 populus
2036 3362 2218 3418 vellet,
2262 3362 2655 3425 pronuntiaren-

1600 3445 1715 3500 tut-3
1753 3452 1848 3502 pro
1873 3445 2025 3502 parte
2047 3438 2228 3501 altera,
2255 3452 2385 3502 quos
2416 3440 2532 3502 ipse
2554 3437 2656 3486 edi-

1597 3515 1778 3566 disset.
1843 3517 1914 3566 Et
1950 3514 2146 3566 edebat
2182 3530 2277 3581 per
2308 3514 2530 3579 libellos,
2559 3515 2654 3564 cir·

1597 3605 1712 3642 cum
1752 3593 1918 3650 tribus
1952 3593 2157 3656 missos,
2194 3592 2457 3656 scriptura
2496 3591 2656 3655 brevi,

1596 3672 1699 3719 etc.
1767 3668 1959 3733 Itaque
1994 3667 2171 3719 Caesar
2215 3668 2486 3718 consulum
2521 3667 2654 3717 elec·

1597 3744 1792 3795 tionem
1838 3758 1940 3793 non
1987 3743 2178 3807 populo
2224 3744 2526 3808 reliquerat,
2561 3739 2651 3792 sed

1594 3828 1905 3885 seposuerat
1943 3819 2045 3869 sibi
2079 3820 2320 3883 maxime,
2348 3826 2405 3869 et
2435 3818 2654 3870 senatui.

1595 3897 1832 3962 Augusto
1864 3897 2173 3959 imperante,
2210 3897 2308 3946 etsi
2342 3896 2652 3946 haberentur

1596 3974 1774 4039 populi
1815 3971 2066 4033 comitia3
2126 3978 2322 4034 tamen,
2365 3973 2503 4036 quod
2552 3973 2651 4022 Dio

1595 4057 1794 4113 narrat,
1815 4050 1905 4099 lib.
1929 4061 2050 4099 uu.
2076 4063 2133 4111 p.
2154 4051 2271 4098 511.
2288 4048 2412 4097 nihil
2431 4048 2500 4098 ibi
2523 4063 2646 4113 prae-

1596 4133 1677 4177 ter
1722 4126 2043 4175 voluntatem
2095 4122 2321 4186 Augusti
2364 4122 2645 4186 agebatur3

1592 4216 1705 4253 cum
1745 4199 2080 4262 magistratus
2118 4199 2314 4262 partim
2345 4199 2455 4263 ipse
2485 4198 2647 4262 desig·

1592 4283 1763 4338 naret,
1782 4273 1972 4339 partim
1997 4273 2189 4338 populo
2208 4272 2453 4338 plebique
2475 4287 2644 4324 crean-

1593 4354 1687 4406 dos
1707 4349 2059 4418 permitteret.
2122 4346 2311 4400 Adbuc
2340 4349 2536 4402 arctius
2559 4364 2644 4416 po·
