3017 4942
726 417 794 464 G.
840 415 1092 465 PLINII
1139 413 1474 465 summm
1526 412 1804 464 PANEG.

277 556 691 621 praetermissnm
711 564 793 607 est
811 572 1094 622 pronomen
1107 564 1191 618 ·te‚·
1211 555 1346 623 qnod

277 642 458 683 tamen
485 634 655 684 ceteri
682 635 799 684 libri
821 649 1017 691 omnes,
1039 634 1198 700 idque
1220 634 1349 685 satis

278 711 572 776 commode,
594 720 862 777 repetunt.
925 714 1117 764 Similis
1141 715 1351 763 omissio

209 837 218 844 ,
280 794 533 836 annotata
555 795 635 837 est
661 802 839 851 supra,
857 787 921 838 ad
942 793 1121 852 pam.
1170 789 1353 852 Immo,

280 872 588 927 propterea,
621 865 757 929 quod
797 867 849 914 in
891 866 1140 930 proximis
1177 865 1353 915 verbis

280 951 595 1005 repetuntur
617 945 815 994 vocula
831 951 949 994 ante
970 950 1035 1002 te,
1057 944 1269 1005 accidit,
1293 952 1353 996 ut

278 1017 524 1068 librarius
556 1019 608 1068 in
639 1021 819 1070 codice
843 1035 960 1071 meo
981 1021 1215 1071 omiserit
1238 1022 1353 1071 hac

280 1093 567 1159 interjecta
603 1098 784 1159 verba,
820 1102 933 1147 nate
969 1102 1020 1147 te
1058 1098 1220 1146 mdem
1256 1097 1354 1146 ista

279 1174 533 1237 dixerunt,
553 1175 733 1225 nemini
754 1179 927 1224 um.
995 1174 1069 1226 At
1100 1189 1266 1240 neque
1298 1176 1352 1224 in

280 1249 364 1298 his
383 1250 555 1299 verbis
577 1259 725 1300 recte
747 1264 981 1301 caremus
1004 1252 1264 1316 particula
1279 1258 1352 1301 tu·

280 1341 407 1387 mett,
426 1341 578 1391 quam
596 1342 664 1379 ex
681 1329 1001 1391 negligentia
1022 1329 1356 1392 praetermisit

281 1402 532 1452 librarius
553 1402 748 1454 codicis
770 1403 1239 1470 Guelpberbytani.
1284 1406 1354 1455 E·

280 1481 496 1545 quidem
517 1480 738 1537 Neroni,
756 1481 850 1531 snb
871 1483 1072 1543 initium
1095 1484 1355 1548 principa·

284 1565 374 1608 tus
415 1557 496 1608 sui
542 1559 795 1620 praclara
835 1573 1054 1623 qna-que
1099 1559 1357 1623 pollicito,

280 1633 472 1698 utique
509 1634 765 1684 creditum
796 1632 955 1685 fnisse
983 1635 1214 1697 videtur,
1234 1635 1275 1685 si
1296 1633 1355 1685 fi·

282 1712 378 1761 des
416 1710 657 1762 habenda
686 1713 872 1762 Tacito
912 1712 1100 1762 Annal.
1138 1725 1268 1763 xm.
1304 1717 1356 1762 5.

280 1795 298 1819 ‘
324 1788 482 1852 Nec,’
513 1789 706 1854 inquit,
736 1787 942 1841 ‘defuit
972 1789 1135 1851 tides;
1170 1789 1357 1840 multa·

282 1880 389 1932 qne
441 1880 509 1916 ex
555 1867 772 1917 arbitrio
821 1875 1034 1917 senatus
1076 1867 1358 1918 constituta

281 1942 446 1994 sunt!
508 1944 705 1995 Verum
726 1942 794 1992 de
814 1942 1005 1994 blanda
1025 1943 1216 1994 Tiberii
1239 1958 1356 1992 ora·

282 2023 431 2072 tione
458 2019 592 2071 dixit
613 2021 785 2072 Tacit.
811 2021 1000 2072 Annal.
1020 2036 1061 2072 r.
1082 2026 1165 2071 ll.
1192 2028 1208 2053 ‘
1229 2022 1357 2070 Plus

282 2097 340 2147 iu
364 2098 600 2147 oratione
626 2099 718 2148 tali
735 2096 1029 2163 dignitatis,
1040 2113 1193 2164 quam
1215 2097 1360 2162 fidei,

283 2173 441 2223 erat.’
474 2174 717 2225 Schmun-2.

358 2251 641 2314 Naufragii:
680 2251 960 2317 maltorum]
1012 2252 1217 2304 Plinius
1262 2267 1360 2317 per

241 2370 256 2381 2
283 2326 585 2389 elegantem
621 2329 982 2392 metaphoram
1016 2330 1183 2379 utitur
1218 2331 1359 2380 simi·

283 2404 510 2453 titudine
550 2419 582 2453 a
614 2406 951 2469 navigatione
993 2407 1190 2469 petita3
1234 2406 1357 2457 dum

282 2479 466 2529 dicere
504 2481 686 2537 voluit,
709 2483 871 2532 multa
899 2483 1062 2533 oculis
1090 2484 1358 2535 obversari

284 2558 530 2618 exempla
564 2560 876 2613 calamitatis
913 2575 1115 2623 eorum,
1156 2561 1241 2624 qni
1281 2561 1359 2610 in·

282 2632 490 2683 sidioais
524 2634 788 2686 blanditiis
815 2636 1135 2702 quorundam
1167 2637 1359 2702 princi·

285 2724 411 2773 pum
448 2711 669 2776 inducti,
698 2713 925 2764 adierint
961 2715 1170 2780 quidem
1202 2719 1360 2765 bono·

285 2801 394 2845 res,
413 2804 574 2854 seque
606 2790 914 2841 immiserint
945 2793 998 2840 in
1025 2793 1238 2856 negotia
1259 2791 1360 2842 rei·

285 2868 547 2931 publicae3
589 2884 716 2935 quos
754 2884 878 2920 vero
918 2886 1039 2921 mox
1075 2870 1360 2921 eorundem

286 2944 582 3008 principum
618 2946 925 3012 crudelitas,
956 2951 1100 2999 velut
1136 2955 1361 3013 tempes-

285 3025 365 3068 tas
410 3028 630 3084 repente
672 3030 877 3086 exorta,
916 3026 1257 3089 oppresserit,
1298 3039 1362 3076 ac

284 3096 564 3159 dignitate,
583 3097 823 3161 fortunis,
841 3108 934 3151 aut
957 3102 1073 3165 ipsa
1091 3102 1225 3167 vita,
1242 3115 1359 3165 spo-

283 3174 448 3223 liarit.
518 3175 798 3239 Naufragio
828 3178 908 3243 liic
941 3180 1189 3228 dicuutur
1222 3177 1362 3242 peri·

283 3251 405 3301 cula
440 3259 496 3302 et
530 3253 861 3304 calamitates
895 3253 1238 3318 fortunarum,
1270 3255 1361 3303 bo-

283 3341 490 3392 norum,
525 3334 583 3378 et
621 3329 779 3395 ipsius
815 3332 971 3395 vita-3
1005 3346 1107 3396 qua
1143 3332 1363 3381 transla-

282 3407 430 3454 tione
466 3407 747 3472 scriptores
780 3407 1086 3474 frequenter
1119 3418 1361 3459 utuntur.

283 3481 401 3531 Cic.
436 3482 584 3532 Fam.
608 3496 648 3534 1.
667 3489 717 3535 9.
752 3485 768 3512 ‘
795 3484 1028 3547 Propter
1064 3486 1135 3534 rei
1169 3484 1362 3534 famili-

287 3561 390 3608 nris
438 3559 742 3622 naufragia-⁹
789 3575 871 3611 xv.
910 3566 992 3612 la.
1034 3563 1272 3612 ‘versor
1309 3563 1361 3610 in

289 3634 571 3686 amicorum
638 3637 921 3701 naufragiis
977 3644 1035 3688 et
1106 3639 1362 3689 bonorum

286 3705 706 3769 direptionibus!
788 3715 896 3765 Pro
944 3716 1128 3766 Rabir.
1164 3729 1278 3778 cap.
1313 3717 1363 3763 9-

287 3782 305 3808 ‘
332 3783 454 3832 Nec
490 3790 604 3836 tuas
643 3803 866 3854 unquam
902 3793 1133 3843 rationes
1173 3790 1238 3840 ad
1273 3805 1362 3840 eos

288 3856 531 3920 ”opulot
553 3864 855 3922 appan-m,
878 3866 944 3915 aa
975 3881 1105 3931 quo·
1127 3866 1251 3916 Sex.
1272 3865 1363 3914 'ri-

288 3935 352 3986 tii
387 3934 634 3985 afflictam
670 3951 875 3999 navem,
900 3950 957 3991 et
990 3948 1042 3991 tn
1079 3947 1267 4009 quibus
1304 3944 1365 3994 c.

287 4011 519 4062 Deciani
553 4010 876 4076 naufragium
911 4016 1260 4083 fortunarum,
1288 4021 1363 4071 vi·

288 4088 483 4140 detes!
536 4088 658 4137 Huc
683 4090 815 4140 adeo
838 4092 1040 4145 faciunt
1064 4107 1115 4146 et
1139 4112 1363 4163 sequen·

289 4168 363 4216 tia
389 4165 548 4214 Plinii
574 4166 750 4230 verba,
776 4171 790 4196 ‘
809 4185 935 4234 qnos
954 4166 1205 4225 insidiosa
1223 4184 1358 4225 tran-

290 4245 552 4310 quillitate
573 4255 853 4306 provectos
877 4250 1184 4313 improvisus
1206 4254 1363 4302 turbo

287 4322 592 4387 perculerat
609 4323 643 4380 3'
682 4335 801 4385 quae
841 4326 1003 4377 verba
1041 4329 1093 4378 in
1129 4329 1364 4393 pluribus

420 4401 602 4468 Delph.
621 4405 671 4450 et
701 4403 817 4457 Ver.
845 4407 976 4459 ctae.

1255 4411 1445 4476 Paneg.
1475 4413 1588 4464 Vct.

1889 413 1939 462 1.
1985 395 2093 462 66.
2356 394 2485 463 881

1423 559 1651 623 antiquis
1673 558 1989 609 editionibus
2011 562 2254 621 corrupte
2282 565 2404 609 sunt
2433 574 2488 608 e-

1423 636 1655 698 vulgata.
1722 635 1775 685 N
1781 633 2105 699 avigautibns
2121 633 2332 699 quidem
2360 637 2491 686 nihil

1424 713 1590 774 tnagis
1621 717 1855 776 optatur,
1876 726 2031 776 quam
2059 725 2200 762 mare
2234 715 2492 778 tranquil·

1426 789 1565 849 lum3
1588 788 1699 850 sed,
1716 789 1732 816 ⁴
1748 788 1800 838 N
1803 787 1912 848 oli,’
1924 788 2090 852 iuquit
2107 789 2310 839 Seneca
2323 791 2492 855 Epist.

1423 868 1476 914 4.
1523 864 1685 913 ‘huic
1728 860 2088 927 tranquillitati
2129 865 2284 915 nimis
2329 865 2491 917 confi-

1426 939 1589 1001 dere3
1622 949 1889 990 momento
1922 955 2066 992 mare
2107 943 2361 992 vertitur:
2403 956 2496 995 eo-

1426 1017 1544 1066 dem
1581 1017 1687 1081 die,
1721 1018 1809 1068 ubi
1846 1020 2083 1069 luserunt
2119 1021 2341 1082 navigia,
2381 1036 2492 1071 sor-

1426 1092 1652 1143 bentur-⁹
1707 1094 1831 1144 Non
1854 1109 2034 1157 pancae
2055 1095 2334 1162 editiones,
2350 1112 2495 1148 nem·

1430 1183 1496 1233 pe
1521 1169 1819 1231 Puteolani,
1840 1171 2103 1228 Beroaldi.
2126 1173 2384 1237 cannati,
2402 1174 2496 1224 Al-

1427 1245 1503 1305 di,
1536 1246 1796 1307 Rhenaui,
1824 1247 2131 1310 Philomusi,
2152 1249 2350 1307 Jnntae,
2374 1252 2494 1301 Ste-

1428 1323 1731 1386 phanorutn,
1756 1324 1998 1389 bivinen,
2020 1334 2075 1376 et
2101 1327 2277 1384 Navii,
2300 1342 2397 1391 pro
2416 1329 2497 1378 ia·

1426 1400 1620 1465 afflicta,
1638 1400 1828 1450 babent
1844 1402 2077 1452 invidiosa
2086 1419 2108 1461 ‚-
2141 1417 2259 1453 curn
2281 1405 2373 1454 ilia
2390 1405 2496 1456 lec-

1431 1479 1524 1539 tio,
1541 1492 1657 1542 quae
1678 1485 1734 1527 et
1753 1478 1988 1528 codicum
2014 1480 2143 1529 Mas.
2160 1482 2499 1546 auctoritate,

1430 1563 1486 1605 et
1500 1554 1746 1620 suffragio
1761 1557 2076 1620 reliquorum
2094 1555 2363 1619 librorum,
2375 1572 2499 1608 cen-

1429 1631 1689 1694 firmatur,
1701 1634 1865 1682 multo
1881 1634 1945 1682 sit
1965 1634 2155 1696 aptior.
2185 1634 2202 1660 ‘
2219 1635 2501 1691 Insidiosa’

1430 1710 1568 1759 enim
1600 1712 1614 1737 ‘
1643 1710 1993 1774 tranquillitas
2042 1710 2232 1760 maris’
2283 1711 2497 1777 dicitur,

1431 1800 1548 1852 quo
1571 1786 1784 1836 insidias
1805 1786 1981 1852 babet,
2003 1797 2093 1838 aut
2114 1788 2315 1838 insidiis
2343 1791 2499 1854 plena

1429 1871 1531 1915 est.
1544 1864 1858 1928 Opportune
1870 1865 1933 1914 ad
1950 1865 2086 1916 bunc
2101 1866 2500 1917 locumArntze-

1429 1943 1548 1992 nius
1569 1943 1858 2003 annotavit,
1871 1956 1904 1992 a
1921 1942 2093 1994 Plinio
2111 1943 2338 2009 Majore,
2355 1945 2503 1995 Hist.

1433 2019 1564 2070 Nat.
1599 2033 1688 2069 ιιι.
1719 2025 1769 2070 6.
1805 2020 2052 2084 Capriam
2087 2020 2303 2072 insulam
2335 2025 2352 2053 ⁴
2375 2023 2502 2072 insi·

1431 2095 1628 2147 diosam
1654 2096 1965 2161 naufragiis'
1986 2101 2183 2149 vocari.
2223 2101 2334 2150 ‘Pali
2352 2101 2501 2164 mari,

1431 2182 1490 2224 et
1514 2176 1604 2224 tali
1626 2176 2013 2240 tranquillitati,
2031 2186 2401 2242 comparantur
2423 2177 2502 2228 iu·

1432 2252 1635 2302 sidiosoe
1648 2253 1914 2302 blanditia
1928 2254 2045 2302 mali
2057 2254 2321 2318 principis.
2348 2255 2504 2320 Nam,

1434 2330 1571 2396 qnod
1594 2331 1846 2380 Pboedrna
1867 2345 1906 2380 1.
1926 2334 2008 2381 19.
2029 2333 2124 2393 ait,
2158 2338 2173 2360 ‘
2190 2331 2406 2383 Habent
2426 2332 2500 2382 in-

1434 2409 1594 2459 sidias
1629 2409 1849 2459 bominis
1888 2408 2157 2459 blanditiae
2198 2408 2357 2459 mali.’
2430 2412 2505 2462 Et

1436 2485 1576 2534 Plin.
1615 2485 1786 2549 Epist.
1809 2498 1860 2534 .1.
1894 2490 1945 2535 5.
1987 2485 2215 2536 ‘Gratia
2254 2486 2502 2536 maiorum

1435 2569 1542 2613 tam
1565 2561 1725 2611 infida
1749 2567 1850 2617 est,
1872 2574 2021 2624 quam
2046 2559 2183 2625 ipsi)
2215 2562 2370 2611 Idem·

1457 2668 1460 2673 -
1502 2637 1805 2701 Naufragio]
1841 2639 2017 2701 Opum
2040 2646 2096 2687 et
2122 2638 2262 2687 vitae.
2300 2637 2438 2702 Lips.

1501 2713 1767 2777 Inuidiosa]
1802 2713 2048 2764 Invidiosa
2066 2714 2237 2763 Livin.
2255 2714 2308 2763 in
2325 2720 2474 2764 textu
2490 2729 2507 2777 ς

1434 2793 1525 2842 sed
1558 2788 1613 2842 iti
1647 2793 1902 2857 margine,
1927 2790 2159 2841 insidiosa
2193 2791 2255 2841 C.
2287 2790 2503 2855 optime.

1436 2870 1675 2920 Rittersh.

1506 2947 1770 3012 Insidiosa]
1847 2945 2065 2995 Blandis
2128 2943 2507 3010 fallacibusque

1437 3025 1735 3089 principum
1768 3023 1940 3073 dictis.
1974 3024 2115 3086 Lips.

1504 3102 1741 3151 Insidios-
1778 3098 2151 3164 tranquillitate]
2191 3099 2363 3150 Tacit.
2398 3098 2508 3149 An-

1435 3181 1538 3229 nal.
1565 3193 1603 3235 1,.
1625 3184 1673 3229 2.
1696 3180 1761 3228 de
1794 3180 1994 3228 artibus
2026 3178 2250 3242 Augusti
2280 3178 2348 3226 ad
2380 3179 2508 3242 imp.

1435 3255 1451 3283 ⁸
1475 3256 1701 3305 Militem
1742 3253 1926 3311 -douis,
1984 3256 2232 3318 populum
2288 3267 2509 3317 annona,

1438 3339 1657 3383 cunctos
1678 3331 1956 3381 dulcedine
1975 3332 2069 3380 otii
2093 3327 2342 3395 pellexit.'
2386 3331 2512 3380 Vic-

1439 3417 1526 3459 tor
1544 3409 1609 3458 de
1632 3409 1847 3458 eodem:
1881 3411 1896 3436 ‘
1912 3408 2115 3457 Illectis
2141 3423 2234 3471 per
2255 3406 2512 3456 dona-mi·

1438 3485 1640 3547 litibus,
1669 3490 1829 3546 atque
1862 3498 2089 3536 aunonae⁴
2113 3482 2357 3532 curanda
2389 3496 2512 3544 spc-

1438 3563 1539 3615 cie,
1583 3560 1757 3623 vulgo,
1798 3568 2002 3609 ceteros
2045 3558 2182 3608 haud
2230 3556 2512 3607 difficulter

1440 3635 1684 3699 subegit-⁹
1716 3634 1871 3684 Adde
1890 3636 2047 3685 Grut.
2067 3636 2302 3684 Discat-s.
2319 3647 2513 3684 xxxn.

1437 3719 1487 3765 2.
1512 3713 1682 3763 Tacit.
1709 3713 1888 3776 Agric.
1912 3727 1961 3761 c.
1985 3716 2067 3762 41.
2104 3713 2258 3761 Rern.

1506 3789 1783 3851 Prona-tos]
1817 3789 2043 3852 Longius
2063 3788 2115 3837 in
2137 3786 2508 3851 rempublicam

1439 3867 1755 3930 liberiusque
1776 3881 1831 3914 se
1853 3867 2208 3915 immittentes.
2243 3865 2379 3928 Lips.

1507 3944 1789 4007 Provecta]
1826 3943 1942 3991 Hoc
1976 3942 2309 4006 participium
2345 3941 2508 3990 Pute-

1439 4019 1641 4082 olanus,
1687 4018 1998 4077 Beroaldus,
2055 4019 2398 4075 Phiiomnsus,
2453 4025 2513 4068 et

1440 4098 1580 4148 forte
1625 4099 1731 4155 alii,
1771 4112 2043 4163 perperam
2087 4097 2370 4160 omittunt3
2411 4111 2512 4148 uec

1440 4177 1568 4225 satia
1602 4176 1738 4226 bene
1777 4190 1872 4238 pro
1908 4188 1971 4223 eo
2008 4175 2353 4238 Cuspiniauus
2394 4190 2511 4238 pro-

1440 4253 1579 4303 didit
1622 4253 1877 4319 profeotoa.
1957 4253 2200 4316 Proprie,
2239 4251 2375 4307 navi.
2422 4257 2514 4302 ant

1442 4345 1580 4395 equo
1625 4332 1642 4360 ‘
1666 4328 1913 4396 provehi'
1960 4329 2192 4380 dicimur.
2274 4329 2390 4378 Cic.
2441 4329 2508 4377 de

2265 4412 2295 4457 3
2329 4411 2378 4460 K
