3017 4942
750 432 815 480 c.
865 429 1114 479 Pan-m
1165 426 1496 477 saeuum
1555 425 1829 489 muna,
1914 427 1964 475 1.

304 575 411 637 tirr,
450 584 578 640 quas
622 573 781 631 alere,
819 573 1038 635 nutrire,
1067 572 1274 636 Juvare,
1314 575 1372 620 et

305 653 634 713 conservare,
675 650 963 700 studemus.
1029 650 1141 698 Cic.
1188 646 1252 696 ad
1302 649 1370 700 Q.

304 730 393 778 Fr.
414 741 506 778 ιιι.
523 732 567 777 1.
588 728 605 755 ‘
621 728 817 778 Scribis
841 726 908 777 de
933 725 1155 776 C'aesaris
1175 736 1373 774 summo

303 803 360 853 in
400 819 496 854 nos
531 817 743 854 amore:
781 804 927 852 ‘hunc
962 810 1017 852 et
1059 809 1117 852 tu
1155 799 1374 857 fovebis,

305 887 362 931 et
399 895 512 941 nos,
547 881 939 946 quibuscunque
975 879 1263 942 poterimus
1293 892 1373 928 re·

305 957 421 1013 bus,
460 954 796 1019 augebimus?
863 955 988 1020 Ipse
1023 955 1163 1004 Plin.
1202 954 1374 1017 Epist·

306 1047 345 1084 ι.
365 1040 418 1083 5.
446 1033 461 1060 ‘
485 1033 710 1095 Regulus
753 1032 952 1081 Rustici
986 1030 1203 1080 Aruleni
1237 1030 1374 1094 peri·

305 1110 479 1158 culum
506 1107 744 1158 fover-aff
798 1109 968 1170 Epist.
985 1112 1202 1158 vnum.
1227 1107 1374 1156 ‘Stu-

306 1186 480 1236 diosos
515 1191 676 1244 amat,
707 1184 871 1242 fover>
909 1183 1181 1248 provebit?
1248 1183 1375 1232 Pul-

306 1263 432 1312 clire
487 1262 756 1313 continuat
798 1263 933 1311 hanc
982 1261 1376 1311 translationem

306 1339 425 1389 Liv,
461 1353 528 1389 11.
566 1343 615 1390 1.
654 1340 980 1402 ‘Dissipatae
1025 1346 1105 1388 res
1149 1337 1376 1387 nondum

303 1415 506 1465 adultas
539 1415 797 1465 discordia
827 1413 1035 1477 forent3
1080 1430 1207 1478 quas
1245 1413 1378 1463 fovit

304 1493 589 1557 tranquilla
621 1493 911 1543 moderatio
953 1493 1179 1554 imperii,
1213 1504 1378 1556 eoque

306 1568 591 1619 nutriendo
635 1569 901 1632 produxit,
944 1575 1003 1617 ut
1043 1568 1227 1618 bonam
1269 1566 1378 1616 fru-

305 1659 426 1708 gem
467 1644 743 1708 libertatis,
771 1644 987 1694 maturis
1016 1644 1128 1708 jam
1163 1643 1378 1705 viribus,

307 1720 447 1773 ferre
471 1721 721 1788 possent-⁹
758 1723 912 1773 Idem.

366 1800 556 1850 Favete
584 1799 851 1863 judicium]
905 1801 1083 1851 Favete
1115 1803 1275 1849 sancte
1312 1796 1377 1849 R.

303 1877 466 1941 forte,
485 1892 616 1928 sane.
646 1878 818 1927 Livin-

377 1953 823 2018 Fovetejudicium]
851 1954 1030 2004 Favete
1041 1959 1222 2004 nnete.
1261 1953 1379 2018 Ego

309 2030 519 2090 vellem,
537 2031 734 2079 sancite.
765 2030 912 2093 Lips.

379 2105 631 2168 Probavit,
651 2120 811 2155 amre
832 2120 882 2155 se
899 2104 1046 2169 scire]
1081 2105 1127 2155 1.
1144 2120 1195 2161 e.
1218 2118 1380 2168 expe-

310 2183 592 2233 rimentum
616 2187 673 2231 et
688 2183 963 2245 'specimen
986 2181 1154 2242 dedit,
1172 2196 1228 2231 se
1247 2179 1379 2230 scire

309 2272 485 2308 amare
509 2256 694 2321 dignos
732 2264 786 2306 et
822 2258 956 2308 bene
980 2259 1218 2321 meritos;
1256 2270 1382 2320 ergo

311 2337 471 2400 culpa
497 2342 667 2391 vacat,
691 2337 735 2384 si
765 2336 913 2398 alios,
942 2342 1188 2400 tanquam
1218 2334 1383 2384 minus

312 2412 495 2468 bonos,
536 2410 807 2475 minusque
845 2410 1047 2474 dignos,
1088 2409 1243 2459 etiarn
1288 2408 1384 2458 mi-

312 2504 411 2539 nus
437 2494 594 2539 amat.
615 2487 875 2538 Schmun-z.
1327 2546 1332 2551 ,

380 2568 445 2616 In
480 2565 704 2628 tedium]
756 2566 870 2615 Pro·
895 2565 995 2627 bis,
1029 2564 1079 2614 in
1118 2561 1383 2613 codicibus

311 2643 1012 2707 Salisburgensi,·Patavino‚
1030 2649 1086 2692 et
1108 2641 1241 2691 libro
1256 2641 1384 2690 Vos-

316 2721 485 2785 siano,
522 2720 645 2768 item
680 2720 732 2768 in
771 2719 978 2770 excusis
1017 2717 1295 2768 Puteolani
1332 2721 1387 2766 et

315 2798 588 2860 Beroaldi,
614 2797 790 2860 inepte
823 2796 1099 2861 repositum
1117 2794 1383 2845 'estimet--

315 2877 428 2925 dam
442 2891 463 2934 ‚·
497 2888 793 2940 quanquam
815 2873 981 2924 codici
1002 2870 1387 2937 salisburgensi

307 2952 422 3016 jam
469 2952 570 3001 alia
608 2966 790 3001 manus
831 2951 1087 3000 medelam
1132 2950 1386 2999 attulerit.

315 3029 501 3080 Codex
530 3027 1019 3092 Guelpberbytanus
1054 3026 1212 3079 etiam
1246 3031 1388 3075 aute·

317 3106 570 3156 cedentes
610 3117 767 3154 voces
805 3109 859 3153 ut
894 3103 1077 3152 mavult
1112 3115 1391 3165 perperam

316 3181 531 3243 omisit3
581 3180 750 3230 codex
787 3193 911 3228 vero
943 3178 1262 3228 ⁴Parisiensis
1295 3190 1391 3240 pro

316 3256 543 3321 simplici
582 3271 708 3311 voce
752 3254 1032 3319 presentia,
1075 3254 1390 3304 tolerabilius

318 3333 480 3383 habet
511 3331 767 3395 prasentia
793 3320 897 3380 suia.
963 3329 1256 3381 Praesentia
1281 3328 1391 3392 qui·

320 3411 440 3461 dem
479 3416 535 3458 et
572 3408 729 3457 nimia
764 3406 1090 3457 familiaritas
1114 3405 1391 3470 aliquando

320 3486 539 3537 taedium
558 3482 745 3533 afferre
763 3484 953 3545 solent,
966 3482 1250 3533 secundum
1272 3495 1389 3545 pro-

321 3562 577 3617 verbium,
614 3559 768 3625 Κόραν
799 3561 948 3625 ’γεννᾷ
984 3559 1015 3619 ἡ
1050 3556 1284 3620 συνήθεια,
1315 3572 1391 3607 sa·

320 3638 537 3688 rietatem
554 3637 724 3700 gignit
744 3638 1051 3686 consuetudo.
1120 3636 1290 3684 Etiam
1315 3633 1393 3682 di·

320 3722 517 3764 utnrna
553 3713 791 3764 absentia
831 3713 1043 3763 tandem
1075 3711 1392 3761 oblivionem

320 3789 512 3841 afferre
550 3797 750 3854 potest,
786 3789 1070 3839 secundum
1107 3788 1393 3838 Germano·

320 3882 439 3917 rum
489 3863 784 3922 dicterium,
825 3865 930 3931 Ans
963 3867 1055 3915 den
1093 3880 1268 3926 eugen,
1304 3877 1396 3912 aus

320 3944 431 3991 dem
448 3942 575 3990 sian.
624 3940 844 3990 Aristot.
869 3932 1042 3989 Etbic.
1069 3953 1191 3988 vui.
1212 3945 1262 3989 6.
1283 3938 1397 3988 Ἐὰν

323 4015 519 4082 χρόνιος
549 4015 581 4075 ἡ
614 4014 819 4065 ἀπουσία
849 4014 1067 4077 γένηται,
1088 4014 1168 4065 καὶ
1200 4017 1292 4075 τῆς
1319 4024 1396 4079 φι-

323 4095 437 4145 λίας
470 4095 602 4142 δοκεῖ
622 4092 777 4152 λήθην
806 4094 973 4140 ποιεῖν.
1025 4090 1174 4141 Ὅθεν
1199 4092 1398 4153 εἴρηται·

322 4169 518 4221 πολλὰς
541 4169 600 4229 δὴ
622 4170 784 4231 φιλίας
814 4167 1136 4233 ἀπροσηγορία
1167 4168 1400 4220 διέλυσεν.

324 4248 385 4297 82·
428 4247 665 4297 diuturna
702 4245 917 4295 absentia
948 4245 1129 4308 fuerit,
1170 4246 1399 4295 amicitiae

324 4339 507 4389 quoque
565 4323 758 4372 videtur
819 4322 1098 4372 oblivionem
1163 4322 1401 4374 inducere.

1431 4106 1446 4111 “
1473 4092 1612 4140 solus

2011 409 2119 478 87.
2339 406 2515 479 1053

1454 570 1591 619 Unde
1624 570 1807 621 dictum
1829 576 1917 627 est,
1937 572 2125 622 Multas
2144 571 2252 633 jam
2275 573 2514 623 amicitias

1447 647 1664 696 dissolvit
1697 647 2033 712 inaffabilitas.
2100 649 2316 711 Verum,
2353 649 2512 712 majo·

1449 738 1558 773 rem
1591 724 1798 786 Trajani
1837 725 2173 774 constantiam
2211 726 2263 775 in
2297 726 2515 776 colenda

1448 800 1679 850 amicitia
1701 801 1951 865 praedicat
1975 801 2195 851 Plinius.
2224 803 2381 853 Idem.

1524 877 1685 940 Venit]
1719 877 1889 941 Vulgo
1913 876 1966 925 in
1985 876 2156 939 editis,
2175 877 2298 928 item
2324 888 2378 927 et
2402 880 2514 942 plu·

1450 954 1589 1005 ribus
1624 955 1831 1019 scriptis
1865 954 2030 1010 libris,
2052 961 2197 1004 extat
2222 956 2516 1019 conjuncti-

1450 1049 1546 1083 vus
1580 1034 1773 1090 venian
1807 1032 1896 1081 sed
1918 1033 2118 1082 'melius
2157 1036 2376 1097 quadrat
2416 1034 2515 1083 huc

1450 1111 1764 1161 indicativus
1786 1111 1916 1160 venit
1931 1126 1952 1169 ,⁰
1980 1125 2134 1175 quem
2169 1111 2221 1159 in
2247 1111 2515 1161 codicibus

1450 1189 1558 1239 Ms.
1598 1188 1875 1247 Patavino,
1911 1194 1970 1237 et
2013 1190 2146 1249 meo,
2185 1187 2381 1237 diserte
2425 1200 2515 1237 ex·

1452 1279 1683 1330 pressum
1739 1262 1936 1313 inveni.
2017 1263 2115 1312 His
2161 1264 2297 1313 enim
2343 1263 2514 1314 verbis

1451 1357 1555 1393 non
1590 1341 1882 1392 adhortatio
1905 1340 2161 1404 quaedam,
2183 1340 2272 1389 sed
2300 1340 2516 1391 'asseve-

1453 1419 1605 1480 ratio,
1652 1425 1709 1468 et
1758 1415 2025 1478 αἲτωλοὴία
2077 1415 2514 1473 antecedentium,

1451 1496 1791 1556 continetnr3
1828 1494 2124 1559 rectiusque
2161 1494 2272 1543 haec
2308 1500 2517 1543 senten·

1454 1572 1529 1621 tia
1551 1586 1667 1621 cum
1690 1570 2026 1636 sequentibus
2049 1568 2219 1619 verbis
2250 1569 2516 1620 connecti·

1453 1652 1560 1705 tur,
1587 1647 1731 1698 Tenet
1754 1648 1949 1712 quisque
1968 1649 2136 1698 locum.
2172 1647 2340 1697 Idem.

1524 1727 1668 1775 Tenet
1685 1727 1879 1789 quisque
1895 1724 2070 1787 locam]
2097 1724 2304 1787 Nempe
2322 1724 2373 1773 in
2391 1723 2515 1779 ami·

1452 1801 1579 1851 citia
1609 1801 1838 1865 Trajani.
1906 1800 2012 1849 Pro
2026 1800 2254 1864 quisque,
2289 1800 2339 1848 in
2375 1800 2519 1849 codi-

1453 1878 1602 1928 cibus
1637 1879 1766 1928 Mss.
1807 1877 2036 1941 itemque
2079 1877 2131 1925 in
2175 1873 2417 1926 Beroaldi
2462 1882 2518 1926 et

1454 1953 1685 2004 Catanoei
1721 1952 1983 2017 prioribus
2015 1951 2346 2013 editionibus,
2371 1957 2520 2001 extat

1454 2032 1578 2094 quis.
1639 2030 1744 2080 Sed
1782 2030 1953 2095 aptior
1978 2032 2067 2079 ‘es't
2101 2029 2257 2078 lectio
2290 2031 2521 2093 quisque,-

1454 2122 1608 2172 qusm
1640 2107 1796 2157 etiarn
1829 2107 1942 2171 jam
1978 2107 2372 2171 promulgarunt
2415 2107 2520 2157 Pn-

1456 2186 1707 2244 teolanus,
1728 2182 1914 2247 Aldus,
1938 2182 2307 2246 Cuspinianus,
2324 2183 2522 2233 Ascen-

1458 2262 1584 2323 sius,
1602 2262 1785 2317 sunta,
1812 2261 2099 2324 Grypliius,
2119 2274 2182 2309 ac.
2203 2261 2385 2309 ceteri.
2409 2260 2513 2308 Id:

1527 2337 1686 2387 Semel
1726 2336 1926 2401 meruit]
1984 2337 2177 2385 Mirum
2221 2341 2320 2396 est,
2367 2349 2523 2400 quam

1459 2413 2120 2477 pertinaciter·adverbium
2142 2420 2322 2475 semper
2344 2413 2395 2461 in
2417 2426 2523 2461 om·

1459 2490 1610 2563 nibus
1628 2489 1859 2551 ‘vulgatis
1888 2488 2026 2539 libris
2043 2484 2316 2553 hucusque
2353 2490 2522 2541 locum

1461 2566 1726 2627 tenuerit;
1761 2571 1912 2631 q‘nem
1936 2580 2053 2615 cnm
2082 2566 2166 2614 hie
2201 2580 2301 2614 non
2325 2572 2521 2614 merea·

1460 2649 1565 2702 tur,
1594 2656 1686 2705 pro
1718 2656 1784 2691 eo
1818 2642 2184 2705 congruentius
2221 2641 2523 2691 adverbium

1458 2720 1602 2768 semel
1640 2718 1994 2782 reponendum
2042 2732 2172 2774 esse,
2200 2716 2399 2767 ‘dudum
2444 2732 2525 2766 os·
2611 2764 2619 2772 ,

1461 2796 1638 2857 ίοηάἱς
1671 2796 1807 2860 quod
1830 2793 2093 2843 Livineius
2117 2800 2170 2841 et
2188 2793 2396 2856 Lipsius
2411 2794 2524 2856 ,iam

1461 2873 1762 2935 conjectura
1785 2870 2006 2920 assecuti
2029 2879 2197 2942 erant.
2249 2870 2366 2920 Hoc
2390 2869 2526 2918 enim

1462 2963 1564 2998 non
1601 2954 1802 2998 tantum
1840 2946 2061 3010 probant
2094 2947 2165 2995 illi
2191 2953 2411 3010 quatuor
2438 2960 2525 2995 co-

1463 3025 1606 3074 dices
1629 3025 1758 3074 Mss.
1779 3038 1904 3088 quos
1927 3023 2147 3072 antebac
2173 3022 2408 3082 laudavi3
2433 3022 2526 3072 sed

1465 3101 1620 3150 eri-am
1645 3099 1804 3149 ceteri
1824 3112 2022 3159 omnes,
2037 3097 2421 3161 quorum‘copia
2438 3096 2529 3145 mi·

1464 3177 1518 3225 hi
1540 3183 1658 3239 post
1678 3175 1793 3224 haec
1810 3173 1953 3224 facta
1970 3180 2071 3230 est,
2086 3173 2126 3222 si
2145 3170 2212 3223 ab
2229 3188 2328 3222 uno
2344 3173 2528 3224 codice

1467 3252 1728 3301 Patavino
1760 3249 2078 3312 discesseris,
2111 3251 2162 3297 in
2192 3263 2291 3313 quo
2316 3242 2528 3310 vulgare

1467 3327 1594 3377 illud
1622 3325 1919 3376 adverbium
1941 3340 2123 3391 semper
2140 3323 2350 3374 offendi.
2388 3325 2529 3376 Huic

1468 3411 1643 3454 autem
1681 3402 2029 3453 emendationi
2063 3416 2199 3451 nunc
2234 3401 2388 3450 etiam
2426 3402 2532 3451 cal-

1469 3482 1639 3529 culum
1685 3494 1831 3527 suum
1877 3477 2125 3528 addidere
2169 3476 2433 3527 Gesnerus
2473 3484 2531 3528 et

1467 3555 1800 3611 Arntzenius.
1834 3555 1986 3603 Idem.

1535 3633 1690 3682 Semel
1702 3631 1899 3696 meruit]
1916 3632 2112 3694 Semper
2125 3632 2318 3682 meruit.
2355 3633 2531 3689 Forte,

1467 3711 1610 3760 semel
1630 3710 1821 3780 meruit.
1856 3708 2024 3757 Lirin.

1537 3784 1911 3848 Semetmeruit]
1933 3785 2130 3848 Semper
2146 3786 2338 3835 meruit.
2376 3784 2534 3834 Vide-

1473 3862 1631 3912 batur
1671 3863 1883 3925 aptius,·
1912 3874 2046 3924 quem
2085 3863 2226 3910 semel
2254 3861 2532 3925 promeruit.

1472 3939 1620 4001 Lips.

1541 4015 1735 4064 Caritas
1756 4012 1972 4076 excidat]
2007 4013 2114 4061 Pro
2137 4013 2295 4063 verbo
2324 4013 2536 4070 excidat,

1667 4089 1835 4140 codex
1891 4102 2033 4138 meus
2093 4088 2250 4138 babet
2304 4089 2540 4138 abscedat.

1474 4168 1627 4219 Quod
1669 4168 1880 4216 verbnm
1925 4166 2155 4230 quamvis
2197 4164 2322 4214 ferri
2362 4164 2539 4228 possit,

1475 4247 1636 4295 multo
1694 4246 1855 4308 pluris
1912 4250 2085 4293 tamen
2140 4241 2273 4292 facio
2323 4243 2535 4291 verbnm

1474 4324 1686 4387 excidat,
1723 4322 1861 4388 quod
1894 4320 2013 4372 huic
2045 4319 2322 4373 sententiae
2345 4326 2426 4369 est
2451 4332 2537 4368 ac·
