3017 4942
445 314 583 387 778

447 487 510 531 ut
527 476 743 531 lascivia
763 476 1059 544 verborum,
1085 485 1143 530 et
1162 479 1381 531 levitate
1396 492 1514 530 sen·

448 556 750 614 tentiarum,
786 563 842 607 et
874 554 1089 607 lieentia
1108 556 1515 621 compositionis,

450 634 784 686 liistrionales
800 633 978 686 modos
993 635 1312 700 exprimant.
1334 633 1514 687 Quod-

447 725 552 777 que
566 712 656 761 vix
674 711 856 764 auditu
878 709 960 761 fas
982 726 1098 762 esse
1109 710 1323 768 debeat,
1343 710 1516 761 landis

449 795 509 838 et
526 789 708 852 gloria
730 797 787 839 et
810 778 1004 854 ingenii
1024 791 1139 839 loco
1157 788 1395 854 plerique
1408 789 1516 852 jac-

451 872 582 929 tant,
599 867 796 917 cantari
818 867 1101 932 saltarique
1116 866 1515 916 commentarios

445 941 734 1000 auos.’&c.
766 944 918 995 Idem.

517 1017 848 1086 Saum-entur]
887 1019 934 1071 A
953 1020 1302 1085 pantomimis.
1336 1019 1478 1083 Lipe.

513 1095 847 1162 Effemiantis]
872 1098 1007 1149 Sunt
1029 1111 1171 1155 sane,
1190 1105 1244 1148 et
1257 1095 1513 1163 quidquid

453 1171 519 1222 ad
549 1172 858 1234 histriones3
892 1188 1018 1238 qnos
1052 1173 1169 1224 ideo
1190 1173 1209 1203 ‘
1228 1175 1407 1223 molles
1438 1173 1514 1222 vi-

449 1262 539 1300 ros
555 1247 571 1272 '
593 1248 773 1300 Livius
795 1249 917 1300 alibi
942 1249 1194 1315 appellat.
1228 1250 1382 1301 Idem.

517 1326 581 1377 In
599 1333 770 1378 matrs
786 1332 833 1379 et
856 1327 1019 1392 scena]
1044 1327 1228 1378 Celeb.
1246 1327 1515 1378 Heuman-

447 1417 568 1468 nns,
588 1403 642 1454 in
664 1405 1092 1455 annotationibus
1122 1405 1251 1455 Mss.
1276 1404 1439 1455 voluit
1456 1412 1516 1455 ut

448 1480 550 1531 ista
572 1480 734 1531 verba
768 1481 904 1532 bunc
933 1481 986 1532 in
1022 1480 1233 1532 modum
1274 1486 1514 1546 transpo-

448 1565 663 1621 nantur,
682 1560 1084 1621 societatemn,
1120 1563 1171 1609 et
1196 1559 1250 1608 ia
1285 1573 1423 1609 sceau
1453 1558 1518 1608 ab

447 1634 698 1694 histrione,
722 1641 769 1686 et
789 1636 1029 1687 asmata
1065 1651 1095 1686 a
1122 1636 1328 1698 consule,
1347 1638 1516 1686 laada-

447 1711 638 1765 batmtr.
685 1711 788 1763 Sed
812 1713 1023 1776 elegans
1040 1719 1096 1762 et
1115 1712 1373 1763 Pliniana
1392 1726 1517 1762 con·

449 1789 693 1845 cinnitati
709 1803 999 1853 congruens
1014 1796 1094 1840 est
1109 1790 1323 1854 vulgata
1337 1789 1517 1839 borum

451 1866 728 1919 verborum
747 1865 1041 1928 collocatio,
1065 1865 1154 1915 cni
1176 1873 1233 1916 et
1253 1864 1435 1916 similis
1461 1865 1515 1915 in

446 1937 549 1991 hoc
574 1941 693 2003 ipso
709 1940 884 2004 eapite
902 1940 1137 1991 occurrit
1152 1956 1169 1990 z
1191 1941 1207 1968 ‘
1226 1940 1516 2005 Incipimus

447 2015 591 2073 inde,
609 2015 895 2069 desinimus
922 2016 1033 2077 ibi;
1065 2030 1096 2066 a
1122 2031 1225 2081 qno
1243 2018 1423 2081 incipi,
1461 2018 1515 2069 in

447 2105 551 2158 quo
572 2092 758 2151 desini,
771 2091 870 2147 σιώ
891 2091 992 2142 alio
1015 2094 1254 2159 principe
1276 2108 1376 2144 non
1395 2110 1518 2158 pos·

447 2168 568 2219 aet.'
631 2169 784 2222 Quod
809 2170 858 2227 si
873 2176 1183 2235 transponas
1218 2172 1316 2221 ista
1335 2172 1519 2235 verba,

445 2258 552 2295 non
571 2258 751 2308 parum
768 2247 1051 2301 venustatis
1074 2246 1271 2299 adimes
1292 2251 1517 2302 orationi

447 2321 731 2372 Plinianoe.
762 2321 1008 2381 Scirona.

481 2397 529 2449 A
540 2397 749 2462 consule]
770 2399 893 2462 Ipsa
905 2400 1187 2466 gratiarum
1198 2401 1420 2452 sollenni
1433 2416 1518 2453 ac-

449 2472 824 2539 tioue‚quaiem
839 2476 1035 2537 Plinius
1049 2492 1188 2528 nunc
1200 2477 1521 2541 habet.Lips.

519 2550 594 2601 Tu
625 2553 793 2614 poculo
834 2568 867 2603 a
906 2553 979 2602 tus·
1012 2554 1163 2618 cisun,
1201 2559 1257 2605 trs
1293 2553 1522 2617 ludicras]

444 2628 581 2679 Cum
605 2628 669 2678 ad
692 2629 829 2681 huuc
854 2644 1015 2696 usqne
1035 2631 1174 2681 diem
1204 2632 1257 2681 in
1273 2631 1518 2682 omnibus

447 2706 597 2756 libris
626 2707 894 2770 impressis
924 2707 1080 2773 hujus
1107 2709 1308 2772 Paneg.
1331 2709 1520 2770 legeri-

445 2796 567 2833 mus
614 2784 689 2837 Τιι
724 2785 895 2849 procul
937 2801 973 2836 a
1021 2785 1097 2835 tat
1138 2787 1270 2836 caua
1308 2786 1520 2835 ludicius

445 2865 580 2913 artu
592 2862 852 2925 removisti,
862 2876 961 2926 ego
975 2861 1169 2925 primns
1186 2862 1318 2913 hanc
1333 2876 1518 2912 novam

447 2935 728 2988 lectionem
749 2952 781 2988 e
801 2938 1069 2989 codicibus
1083 2938 1214 2989 Mas.
1234 2945 1293 2990 et
1308 2937 1516 3003 quidem

451 3027 556 3064 non
569 3020 773 3064 tantum
792 3028 928 3077 meo,
943 3016 1034 3065 sed
1053 3016 1211 3066 etiarn
1225 3015 1350 3065 Vat.
1365 3019 1518 3067 3461.

450 3098 611 3155 atque
632 3091 1122 3155 Gueipherbytano,
1134 3093 1187 3143 in
1204 3094 1372 3143 lucem
1396 3107 1517 3155 pro-

449 3166 583 3227 fero,
616 3167 928 3234 dignamque
969 3169 1154 3228 liabeo,
1187 3184 1303 3235 qun
1341 3170 1517 3221 Plinio

443 3244 784 3296 restituatur.
850 3244 1112 3297 Convenit
1134 3247 1274 3297 enirn
1307 3248 1519 3297 omnino

445 3321 729 3371 sententiae
752 3321 993 3379 oratoris.
1027 3322 1291 3373 laudantis
1312 3322 1517 3373 modes·

453 3397 579 3448 tiam
594 3396 831 3461 Trajani,
852 3399 942 3463 qni
966 3399 1136 3450 noluit
1158 3413 1345 3450 nomen
1368 3414 1518 3450 suurn

447 3473 739 3538 laudesque
800 3474 939 3526 inter
1003 3477 1397 3528 comissationes
1445 3475 1518 3527 ab

451 3549 809 3601 adulatoribus
829 3549 1118 3613 celebrari·
1141 3559 1230 3603 aut
1261 3560 1412 3604 certe
1434 3567 1519 3604 re·

448 3625 672 3689 cusavit,
696 3626 793 3676 sibi
826 3625 1056 3678 divinum
1078 3629 1346 3687 bonorem,
1379 3630 1521 3681 intes·
1580 3672 1585 3677 .

447 3702 658 3765 pocula,
680 3701 892 3773 libando
914 3701 1093 3753 haberi
1117 3719 1136 3767 ς
1165 3705 1331 3769 qualis
1352 3706 1518 3758 lionor

447 3778 565 3829 aliis
587 3778 926 3842 principibus,
960 3786 1200 3845 tanquam
1234 3782 1371 3842 Diis,
1392 3790 1518 3834 ante

449 3850 633 3903 haberi
654 3861 1016 3905 consueverat.
1049 3855 1189 3908 Quid
1210 3857 1349 3907 enim
1373 3858 1521 3908 aliud

452 3928 710 3993 significat
732 3929 858 3981 illud
886 3929 1073 3983 Horat.
1088 3932 1193 3982 Od.
1208 3946 1289 3983 tv.
1305 3937 1354 3986 δ.
1377 3934 1517 3999 qnod

451 4006 610 4057 modo
623 4006 689 4056 ad
707 4008 735 4071 ς
753 4012 801 4057 ι.
815 4008 1061 4058 annotavi
1083 4009 1519 4074 ‘Quisqne...hiue

451 4082 522 4135 ad
543 4085 662 4135 vina
682 4085 819 4136 redit
841 4086 1009 4151 lotus,
1029 4093 1084 4138 et
1101 4089 1279 4139 alteris
1302 4097 1357 4141 te
1375 4105 1520 4143 men·

451 4160 526 4213 ais
543 4160 751 4211 adhibet
766 4160 1080 4221 Deum‚’&c.
1099 4162 1119 4213 ?
1151 4164 1403 4230 Trajanns
1425 4180 1519 4218 no-

447 4234 576 4304 luit,
604 4236 746 4288 cives
782 4236 1040 4291 Romanos
1066 4238 1167 4293 sibi
1197 4254 1419 4310 nsquam
1455 4250 1519 4297 nt

1057 318 1066 327 ’
1144 330 1368 384 1101·AE
1411 328 1825 384 vantonun
1870 330 1957 384 nr

1584 478 1728 542 Deo,
1740 490 1959 543 nsquam
1972 484 2034 531 nt
2044 475 2259 536 numini,
2269 474 2517 528 blandiri.
2541 472 2660 526 Au·

1588 556 1661 609 ud
1706 574 1833 624 ergo
1877 567 1979 622 est,
2024 561 2223 624 poculis
2263 558 2441 610 libatis
2479 557 2659 608 colere

1588 635 1901 700 principem,
1914 643 1971 686 nt
1984 637 2156 687 Deum
2172 650 2188 698 ς
2206 636 2368 700 alind,
2378 634 2656 695 hodierno,

1587 725 1760 777 eoque
1781 713 1921 763 civili
1942 713 2068 776 ritu,
2100 714 2240 763 inter
2260 714 2466 763 laetiora
2488 726 2655 774 pocu-

1590 788 1661 853 la,
1682 788 1847 839 libare
1860 790 2039 840 honori
2063 789 2341 854 principis3
2366 795 2457 838 aut
2473 787 2659 851 etiam,

1588 866 1728 918 inter
1766 868 2172 926 comissationes,
2202 868 2382 917 amicis
2406 866 2657 916 occinere

1589 941 1720 992 iliud
1757 943 2062 993 Plautinum
2097 958 2162 994 ex
2200 944 2387 1005 Persa,
2420 957 2477 992 v.
2499 946 2548 992 1.
2568 945 2658 991 20.

1588 1019 1768 1069 ‘Bene
1790 1020 1940 1071 mibi!
1976 1019 2124 1070 Bene
2160 1018 2355 1071 vobisl'
2392 1022 2492 1070 ὅτε.
2525 1019 2660 1069 item

1589 1109 1621 1146 e
1642 1096 1841 1154 Sticho,
1868 1101 1990 1148 v.4.
2012 1102 2096 1148 27.
2130 1098 2308 1147 ‘Bene
2350 1098 2471 1147 vos!
2504 1096 2662 1146 Bene

1590 1175 1710 1224 nos!
1745 1175 1888 1225 Bene
1914 1177 1998 1226 te!
2035 1176 2182 1225 Bene
2204 1173 2317 1225 mel
2352 1175 2499 1223 Bene
2532 1186 2660 1223 nos·

1588 1257 1728 1302 tram
1751 1250 2096 1315 Stephanium
2113 1250 2150 1299 1³
2213 1249 2318 1300 Aut
2344 1247 2661 1312 iilnd‚qnod

1589 1328 1906 1380 moderatim
1939 1328 2165 1379 Horatio
2209 1329 2456 1392 proponit
2495 1318 2689 1376 ovid.‘

1592 1405 1741 1456 Fast.
1764 1419 1832 1456 n.
1852 1409 1968 1455 686.
2015 1403 2033 1435 ⁴
2051 1406 2221 1468 Larga
2256 1410 2533 1468 precatura
2569 1415 2663 1452 sn·

1588 1482 1722 1536 mite
1743 1483 1865 1532 vina
1886 1496 2070 1533 manus
2106 1483 2199 1536 Et,
2232 1480 2365 1531 bene
2388 1495 2513 1541 nos3
2549 1479 2664 1529 Pa·

1590 1558 1730 1622 triae,
1770 1559 1908 1610 bene
1949 1564 2020 1621 te,
2066 1558 2255 1615 Pater,
2294 1557 2488 1620 optime
2541 1555 2666 1605 Ce-

1586 1651 1701 1696 sar,
1742 1637 1949 1699 Dicite;
1980 1634 2175 1687 suffuso
2204 1636 2312 1684 sint
2349 1641 2464 1684 rata
2495 1633 2668 1683 verba

1590 1725 1736 1764 mero
1751 1712 1784 1763 i'
1814 1711 2022 1765 Quibus
2045 1710 2218 1762 verbis
2243 1707 2516 1760 ovidianis
2539 1709 2667 1759 Cae-

1588 1802 1676 1839 sar
1695 1802 1818 1846 non,
1840 1794 1900 1839 nt
1918 1788 2089 1852 Deus,
2108 1785 2360 1837 colendus
2378 1801 2396 1846 ς
2428 1785 2518 1835 sed
2549 1783 2671 1841 nit,

1584 1867 1782 1933 quibus
1824 1865 2019 1918 suffuso
2048 1880 2194 1916 mero
2238 1863 2521 1924 libandnm,
2561 1874 2669 1925 pro

1584 1944 1757 1994 sainte
1779 1944 2003 1994 Caesaris
2020 1947 2077 1993 et
2112 1941 2292 2006 populi
2326 1937 2561 2002 rogandi,
2582 1937 2667 1986 di·

1584 2029 1800 2072 cuntur.
1866 2020 2022 2075 Quod
2046 2020 2088 2069 si
2109 2020 2273 2084 igitur
2290 2017 2509 2081 recipias
2520 2016 2670 2066 hane

1588 2098 1893 2161 lectionem,
1929 2112 1962 2147 a
1998 2111 2083 2148 rne
2116 2112 2146 2147 e
2192 2095 2359 2146 tribus
2394 2092 2673 2144 codicibus

1590 2175 1723 2226 Mas.
1764 2175 2094 2241 productam,
2130 2173 2355 2237 videbis,
2387 2171 2463 2222 sic
2491 2171 2673 2234 poc-la

1584 2256 1715 2314 apte
1761 2249 1945 2301 referri
1997 2263 2146 2315 posse
2190 2248 2257 2297 ad
2305 2246 2673 2298 ‘comissatio-

1589 2341 1684 2377 nes
1699 2326 1732 2388 ς’
1761 2335 1817 2378 at
1839 2333 1969 2379 ortes
1987 2327 2197 2378 ludicras
2218 2325 2283 2375 ad
2306 2322 2522 2385 ‘indos,’
2547 2320 2675 2388 qnf·

1595 2403 1692 2454 bns
1715 2405 1896 2456 landes
1920 2405 2050 2454 alins
2075 2402 2404 2467 imperatoris
2425 2415 2493 2451 ex
2528 2401 2669 2450 adn·

1591 2480 1788 2534 latione
1821 2482 2113 2533 celebratas
2147 2479 2444 2545 fractasque
2481 2478 2675 2543 paullo

1594 2564 1718 2609 ante
1740 2559 1950 2609 dixerat
1985 2557 2211 2608 Plinius.
2276 2557 2364 2607 Sic
2386 2555 2542 2606 etiam
2567 2568 2676 2618 pes·

1562 2630 1837 2703 κὼαφορὰν
1859 2635 2196 2701 pronominis,
2227 2637 2301 2690 tu,
2335 2638 2410 2694 ta,
2453 2632 2673 2696 plenior

1586 2720 1650 2763 et
1689 2712 1914 2763 vividior
1949 2711 2192 2762 redditur
2224 2711 2412 2762 oratio.
2476 2709 2676 2773 Immo,

1592 2792 1759 2842 multo
1798 2791 2142 2855 ingeniosior,
2177 2799 2235 2841 et
2256 2787 2524 2840 contextui
2547 2799 2677 2836 ora-

1593 2867 1753 2919 tionis
1767 2867 2141 2932 congruentior
2162 2873 2244 2918 est
2261 2867 2375 2916 baec
2392 2871 2503 2915 tota
2525 2863 2678 2913 vari-

1588 2950 1728 3009 etas,
1758 2958 1913 3010 qnam
1937 2948 1998 2994 ut
2020 2943 2106 2993 vel
2137 2944 2307 2994 errori
2339 2943 2425 2993 vel
2460 2939 2674 2990 libidini

1582 3019 1816 3084 alicujus
1839 3020 2055 3082 librarii,
2078 3027 2300 3085 accepta
2324 3016 2509 3068 referri
2544 3030 2677 3081 poa-

1592 3097 1684 3146 sit.
1749 3098 1867 3161 Ego
1891 3097 1992 3147 hac
2028 3102 2241 3160 reperta
2278 3093 2432 3159 fruge
2464 3107 2547 3142 me
2567 3091 2671 3141 ob-

1593 3172 1753 3235 lecto,
1789 3173 1980 3238 glande
2016 3173 2130 3223 aliis
2154 3186 2250 3237 pro
2272 3171 2441 3223 lubitu
2462 3169 2677 3221 relicta.

1588 3245 1856 3316 &amm-z.-

1658 3324 1915 3390 Βία-πυ]
1949 3323 2037 3375 Ita
2060 3330 2164 3387 est,
2190 3323 2383 3374 scitote
2406 3321 2502 3373 hoc
2517 3320 2670 3386 prin-

1593 3400 1757 3464 cipes.
1805 3400 1952 3452 Qnos
1974 3399 2257 3451 Annalium
2281 3399 2372 3450 iiie
2389 3399 2553 3449 bonor
2571 3398 2671 3448 bo-

1592 3479 1843 3541 nestavit,
1856 3477 1970 3540 jam
1994 3478 2062 3528 ab
2079 3477 2206 3528 orbe
2224 3476 2444 3527 condito
2455 3476 2673 3526 honesti

1593 3563 1736 3619 sunt,
1758 3559 1816 3605 et
1834 3556 1900 3605 ad
1920 3554 2244 3605 desinentem
2262 3561 2437 3604 erunt.
2467 3553 2605 3616 Lips.

1657 3632 1863 3698 Breuis]
1897 3633 2031 3685 Qnae
2068 3646 2185 3682 cnm
2223 3645 2351 3682 voce
2388 3636 2444 3681 et
2485 3631 2676 3695 plausu

1593 3710 1755 3776 perit,
1778 3717 1834 3761 et
1858 3717 2029 3760 tamen
2057 3709 2233 3771 talem,
2256 3716 2378 3759 sunt
2398 3707 2488 3774 qui
2510 3707 2674 3758 hodie

1595 3788 1757 3838 etiam
1781 3787 1841 3852 (o
1863 3799 2003 3835 veras
2028 3784 2181 3834 fama:
2206 3781 2533 3849 imperitial)
2556 3796 2671 3851 praej

1594 3879 1782 3930 magna
1806 3870 1863 3914 et
1887 3864 2136 3914 diuturna
2159 3868 2361 3927 petant.
2393 3863 2550 3914 Idem·

1659 3935 1919 4002 Pudet-da]
1953 3938 2037 3989 Ab
2061 3939 2165 3988 iilis
2186 3937 2477 4002 propudiis.
2515 3939 2674 3989 Iden·

1660 4017 1959 4068 Proedicats'o
1980 4016 2120 4080 colit]
2143 4015 2447 4067 Prodicutio
2466 4018 2590 4067 colet
2602 4016 2671 4069 0.

1593 4091 1759 4143 Liuias·

1641 4169 1873 4234 Theatra]
1889 4166 2158 4219 Theatrici
2169 4174 2522 4233 spectatores.
2533 4166 2677 4233 Lips-

1663 4245 1895 4312 Tbema]
1927 4245 2213 4298 Theatrum
2232 4259 2333 4313 pro
2354 4246 2673 4314 spectatori·
