3017 4942
724 463 791 511 c.
843 460 1089 512 psum
1138 459 1472 511 sucu-nm
1525 459 1800 510 mnne.
1877 461 1927 512 ι.
1956 446 2066 513 35.

310 605 435 658 flcile
452 604 568 665 est:
590 607 777 673 inquit,
799 607 819 638 ⁴
835 608 1010 667 rebus,
1033 619 1148 673 quie
1165 607 1230 657 ad
1253 605 1355 657 fas·

313 686 591 750 tigiumjam
606 687 874 751 perducta
887 684 1354 751 videntur,aliquid

310 766 487 816 addere
502 781 521 815 a
543 774 715 815 cessat
735 765 1026 826 admiratio,
1048 765 1092 815 si
1117 765 1358 826 addatis,

308 840 384 889 cui
406 848 718 892 reservatum
742 843 956 893 consilio
969 849 1072 905 est,
1086 849 1142 890 ut
1157 839 1357 891 addat.'

307 914 431 979 Sed,
455 931 586 979 pace
619 918 717 967 viri
749 917 1053 979 doctissimi,
1089 916 1355 967 existima·

306 991 411 1051 rim,
435 993 591 1043 nihilo
609 993 774 1044 minus
794 994 894 1044 boc
914 1008 1046 1057 opus
1061 992 1279 1043 arduum
1300 997 1357 1042 et

307 1067 632 1120 admiratione
650 1070 861 1134 dignum
879 1070 982 1120 dici
998 1084 1167 1135 posse.
1190 1070 1233 1118 si
1252 1084 1354 1120 non

305 1154 534 1211 respectu
558 1149 787 1212 Trajani‚
809 1154 1053 1214 respectu
1073 1153 1245 1198 tamen
1264 1148 1354 1198 ali·

306 1236 455 1279 orum.
477 1223 566 1288 qui
595 1224 642 1273 ei
679 1223 998 1289 perficiendo
1031 1222 1227 1275 fuerint
1263 1226 1355 1275 im-

301 1314 463 1365 pares.
483 1301 741 1365 Trajanus
748 1302 861 1367 jam
879 1303 932 1353 in
947 1302 1226 1354 eorundem
1248 1316 1356 1352 ver·

303 1376 472 1428 borum
507 1379 703 1429 ambitu
748 1378 1066 1444 designatur,
1107 1388 1355 1442 tanquam

301 1467 583 1516 successor,
645 1470 748 1520 quo
806 1455 1141 1521 dignissimus
1195 1455 1358 1508 fuerit

301 1532 487 1590 Nerva,
511 1538 572 1582 et
591 1548 622 1583 a
643 1548 745 1598 quo
769 1534 899 1584 adeo
910 1535 1022 1598 jum
1043 1534 1244 1598 majora
1266 1550 1355 1585 ex·

296 1609 515 1671 spectari
538 1610 823 1674 potuerint.
874 1609 957 1662 Ac
980 1617 1143 1675 certe,
1164 1611 1205 1661 sl
1239 1626 1354 1676 par·

300 1685 448 1736 ticula
467 1686 585 1737 haee
604 1687 702 1736 uisi
724 1687 807 1737 bic
829 1688 1125 1749 omittatur,
1149 1688 1355 1740 videtur

297 1763 550 1825 particula
593 1768 752 1813 tamen
789 1767 938 1829 sequi
973 1763 1234 1827 debuisse,
1270 1767 1357 1829 qui

298 1844 446 1888 umen
476 1844 582 1890 tum
615 1842 765 1890 multu
778 1880 782 1884 .
796 1842 1100 1903 excogitasti.
1162 1843 1356 1893 Saltem

298 1914 380 1973 illa
401 1917 513 1979 ipsa
549 1918 809 1981 particula
840 1917 954 1983 nisi,
980 1934 1132 1985 quam
1169 1926 1248 1969 tot
1273 1934 1355 1970 co·

300 1992 434 2044 dices
471 1995 680 2059 scripti,
719 1994 940 2062 librique
974 1997 1214 2061 impressi
1250 2007 1357 2047 ser-

294 2078 496 2135 varunt,
519 2072 686 2122 multo
706 2073 1012 2136 elegantius·
1028 2075 1171 2124 buno
1192 2074 1359 2124 locum

297 2155 541 2211 occupat,
579 2162 729 2213 quam
758 2158 817 2199 ut
839 2163 870 2197 a
891 2149 1013 2200 solis
1035 2150 1259 2201 librariis
1282 2146 1361 2202 in·

298 2232 436 2276 trusa
460 2225 725 2276 videatur.
758 2225 999 2278 Schwarz.

360 2295 429 2351 Ue
447 2303 519 2367 si]
557 2303 605 2352 1.
626 2316 672 2351 e.
691 2304 855 2367 quasi.
903 2304 1180 2356 Rhenanus
1200 2304 1360 2357 liabet

295 2377 343 2430 in
365 2380 601 2443 niargine
623 2395 678 2429 oo
699 2381 744 2429 si
755 2396 777 2441 ,-
797 2388 855 2431 et
874 2381 948 2432 sic
975 2397 1180 2447 quoque
1204 2397 1362 2433 exeu-

296 2468 401 2503 sum
430 2464 514 2505 est
559 2455 610 2504 in
641 2454 870 2506 editione
903 2456 1252 2523 Ultrajectina
1276 2473 1362 2509 an·

296 2535 434 2582 1652.
474 2533 531 2583 in
572 2533 928 2599 Salumriensi,
958 2544 1014 2587 et
1045 2536 1364 2588 Gedanensi.

292 2608 390 2660 Sed
435 2612 568 2662 nibil
606 2619 688 2662 est
722 2612 1042 2666 mutandum.
1092 2615 1271 2679 Nepos
1310 2616 1361 2665 in

294 2689 414 2740 Dat.
456 2704 582 2754 cap.
604 2694 685 2741 11.
718 2697 734 2719 ‘
757 2689 932 2757 Atque
959 2691 1052 2757 ibi,
1085 2692 1172 2742 ubi
1201 2693 1362 2743 telum

297 2772 407 2815 erat
441 2766 694 2832 positum,
726 2768 937 2825 resedit,
959 2775 1018 2818 ut
1038 2767 1079 2817 si
1104 2783 1135 2819 a
1158 2769 1362 2819 lassitu-

295 2840 411 2892 dine
435 2850 662 2909 cuperet
680 2845 1049 2911 acquiescere!
1109 2847 1219 2897 Cic.
1238 2846 1364 2897 Tus-

293 2920 393 2972 cul.
433 2935 517 2971 ιν.
567 2925 650 2973 23.
690 2922 900 2987 ‘Scipio
936 2924 1187 2988 privatus,
1224 2914 1292 2974 ut'
1319 2923 1363 2973 si

296 2999 476 3052 consul
521 3006 682 3058 esset,
717 3000 806 3065 qui
847 3002 1220 3065 rempublicam
1263 3001 1364 3052 sal-

295 3087 405 3123 sam
429 3089 551 3124 esse
573 3076 753 3139 vellet,
769 3091 825 3128 se
848 3077 995 3141 sequi
1008 3077 1204 3142 jussit.’
1252 3078 1364 3128 Pli-

293 3150 404 3201 nius
440 3153 561 3217 ipse
597 3151 798 3215 Paneg.
838 3166 938 3202 xx.
971 3157 1023 3204 4.
1064 3154 1173 3205 ‘Ut
1207 3156 1251 3205 si
1285 3153 1364 3205 vis

295 3228 462 3293 aliqua
488 3261 502 3278 .
531 3262 546 3279 .
571 3261 586 3278 .
610 3228 906 3281 incideret!
952 3232 1103 3282 Idem.

357 3306 685 3373 Dispensata]
722 3306 769 3358 1.
793 3322 841 3357 e.
861 3307 1158 3374 distributa,
1176 3322 1235 3359 ac
1251 3324 1367 3374 par·

295 3384 431 3434 titim
461 3392 521 3434 et
552 3385 740 3435 sensim
774 3384 1016 3436 instituta
1044 3393 1201 3451 atque
1228 3402 1364 3450 prae·

292 3462 432 3511 stite.
467 3461 573 3511 His
587 3476 707 3511 mox
722 3471 1059 3528 opponuntur
1078 3462 1314 3528 ‘profusa
1327 3461 1367 3515 ι’

295 3538 382 3586 ‘at
409 3545 467 3588 tu
492 3537 646 3588 simul
671 3539 843 3588 omnia
867 3538 1178 3604 profudisti?
1248 3543 1367 3593 Hoc

293 3613 459 3668 voluit
502 3614 682 3664 dicere
720 3615 951 3666 Plinius:
986 3616 1044 3667 Si
1080 3619 1270 3669 sensim
1309 3626 1366 3671 et

298 3691 562 3754 sigillatim
598 3693 832 3756 qnaedam
861 3694 1139 3760 adjecisses
1162 3697 1366 3747 institu-

299 3768 362 3822 tis
386 3768 497 3819 Titi
520 3775 578 3820 et
603 3770 815 3830 Nervae,
840 3772 905 3821 ad
926 3771 1247 3824 coercendos
1271 3789 1367 3839 pu·

297 3845 622 3912 niendosque
654 3847 933 3906 delatores,
971 3857 1218 3915 quantum
1251 3866 1369 3915 gra-

300 3921 381 3974 liae
405 3930 463 3973 et
492 3923 824 3974 auctoritatis
852 3926 967 3989 jam
1001 3932 1110 3975 tum
1131 3928 1369 3991 collegis·

300 4002 414 4050 ses?
442 4002 528 4052 Sic
544 4002 703 4067 idem,
720 4004 890 4066 Epist.
908 4006 1365 4071 111.10.loqnitur:

299 4078 523 4144 ‘Neque
555 4079 691 4129 enim
723 4079 997 4131 affectibus
1029 4082 1155 4132 meis
1179 4098 1280 4132 uno
1310 4083 1370 4133 li-

302 4154 438 4208 beno
479 4157 795 4208 carissimam
840 4159 963 4207 mihi
1006 4167 1062 4209 et
1092 4160 1371 4210 *sanctissi-

302 4246 435 4283 mam
471 4234 771 4284 memoriam
809 4236 1051 4300 prosequi
1087 4237 1216 4287 satis
1253 4243 1369 4287 est:

303 4310 449 4373 cnjus
481 4310 630 4361 famae
658 4313 815 4362 latius
845 4314 1163 4376 consuletur,
1197 4314 1240 4363 si
1265 4312 1369 4363 dis-

303 4394 523 4449 pensata
564 4396 619 4438 et
667 4389 911 4451 digesta?
946 4391 995 4440 h.
1039 4404 1084 4444 e.
1124 4406 1226 4441 non
1266 4406 1369 4440 uno

434 4470 609 4536 Delph.
634 4479 680 4523 et
708 4473 826 4524 Vor.
845 4474 980 4525 Clas.

1270 4474 1460 4536 Paneg.
1492 4473 1599 4522 Vei.

2363 448 2494 514 641

1431 610 1691 671 tempore,
1728 618 1935 671 unaque
1967 617 2152 673 opera,
2183 604 2276 656 sed
2308 601 2497 659 sensim

1432 690 1489 733 et
1529 684 1720 748 saepius
1757 683 2001 749 exposita
2041 688 2097 736 et
2132 682 2279 734 culta
2312 682 2495 737 fuerit.

1431 761 1582 811 Idem.

1490 838 1571 894 ,At
1604 836 1681 901 tu]
1715 836 2041 888 Particulsm
2076 841 2148 897 ot,
2182 839 2500 902 praetermis·

1429 928 1539 965 sam
1574 916 1641 966 ab
1664 916 1836 967 Heur.
1858 916 2148 981 Stephano,
2177 917 2497 979 Boxburnio,

1430 999 1488 1042 et
1512 993 1757 1051 Cellario,
1783 992 2141 1044 ex'eodicibus
2162 994 2296 1043 Mss.
2325 999 2381 1044 et
2399 1005 2496 1044 'ce-

1433 1068 1559 1118 teris
1615 1069 1763 1119 libris
1816 1070 2101 1137 impressis,
2153 1070 2496 1122 revocandam

1430 1144 1573 1196 duxi.
1607 1146 1763 1198 Idern.

1501 1220 1680 1272 Omnia
1696 1220 1983 1287 profudisti]
2004 1222 2071 1274 In
2086 1223 2352 1274 codicibus
2367 1224 2499 1276 Mss.

1431 1304 1488 1348 et
1521 1300 1754 1363 plurimis
1789 1299 2074 1365 impressis,
2112 1301 2303 1375 legitur
2332 1301 2497 1365 perfa-

1430 1376 1586 1437 disti3
1630 1377 1768 1441 quod
1801 1378 2015 1427 verbum
2056 1392 2159 1427 non
2192 1379 2506 1443 simpliciter

1431 1455 1854 1518 adspernandnm
1879 1454 2107 1514 videtur,
2128 1455 2252 1521 quia
2282 1461 2336 1506 et
2371 1447 2498 1506 alibi

1432 1531 1499 1583 de
1521 1531 1630 1583 sole
1652 1543 1953 1598 usurpatur.
2016 1533 2106 1583 Sic
2127 1533 2261 1582 enim
2298 1538 2354 1583 et
2384 1534 2503 1597 ipse

1431 1610 1575 1662 Pliu.
1599 1611 1769 1675 Epist.
1795 1625 1850 1662 v.
1884 1616 1934 1662 6.
1963 1616 2046 1662 24.
2081 1611 2265 1661 ‘Idem
2285 1611 2494 1661 cubicu-

1428 1687 1537 1737 lum
1566 1687 1737 1737 bieme
1768 1687 2164 1751 tepidissimum,
2185 1687 2310 1752 qnia
2339 1687 2500 1751 pluri·

1432 1778 1520 1814 mo
1556 1764 1665 1814 sole
1702 1763 2070 1829 perfunditur.²
2133 1763 2225 1813 Sic
2254 1764 2354 1813 hoc
2383 1763 2503 1814 loco

1431 1841 1505 1891 At
1538 1846 1594 1892 tu
1622 1843 1966 1892 simubomuie-
1980 1840 2257 1907 perfudisti,
2284 1846 2341 1891 et
2359 1841 2431 1889 sol
2451 1844 2504 1889 et

1432 1919 1556 1980 dies,
1574 1922 1656 1978 Bre-
1680 1920 1716 1968 i.
1739 1934 1785 1969 e.
1830 1917 1903 1969 At
1926 1924 1982 1969 tu
2010 1918 2158 1969 simul
2179 1917 2352 1968 omnia
2372 1928 2500 1981 qua-

1432 1997 1472 2046 si
1497 1997 1694 2047 lumine
1706 1998 1931 2061 justitiae
1967 2002 2073 2048 tuoe
2097 1995 2386 2051 illustrasti,
2402 1997 2504 2044 &e-

1433 2073 1601 2124 Extat
1639 2081 1812 2125 autem
1847 2076 1910 2125 in
1945 2072 2128 2125 codice
2163 2072 2369 2123 Veneto
2411 2081 2506 2121 ex-

1435 2164 1671 2215 pressum
1720 2151 1981 2216 profudisti
2001 2169 2024 2211 ,·
2087 2150 2226 2216 quod
2280 2149 2501 2199 verbum

1434 2228 1593 2278 etiam
1612 2230 1882 2294 exhibent,
1897 2229 2203 2286 Beroaldus,
2224 2228 2508 2300 Catanaeus

1435 2304 1489 2355 in
1526 2305 1842 2357 editionibus
1888 2306 2088 2372 primis,
2124 2307 2249 2357 item
2290 2305 2500 2370 Lipsius

1437 2380 1491 2430 in
1514 2382 1870 2448 Plautiniana,
1890 2383 2153 2433 Gruterus
2185 2384 2240 2432 in
2276 2382 2502 2432 Franco-

1435 2456 1665 2514 furtana,
1679 2458 1947 2510 Puteanus
1963 2459 2016 2509 in
2041 2458 2340 2515 Parisiensi,
2353 2459 2505 2509 Grae·

1436 2536 1551 2585 vius
1589 2536 1643 2586 in
1684 2536 1973 2595 Haekiana,
1998 2538 2379 2601 Berueggerus,
2400 2535 2502 2588 Pa·

1438 2614 1593 2671 tarol,
1611 2613 1781 2677 Ceva3
1814 2615 1951 2680 quod
1976 2621 2028 2665 et
2047 2614 2245 2679 placuit
2264 2614 2503 2664 Livineio

1435 2691 1490 2741 in
1529 2692 1781 2757 margine,
1803 2699 1859 2742 et
1888 2692 2229 2742 Rittershusio
2253 2690 2306 2740 in
2333 2692 2503 2747 notis.

1436 2781 1578 2831 minc
1616 2769 1776 2818 etiam
1811 2768 2116 2831 Arntzenio,
2154 2775 2210 2819 et
2247 2768 2520 2830 Gesner-o.-

1421 2837 1609 2896 'Qu‘am
1633 2842 1784 2895 facile
1808 2846 1910 2895 ista
1930 2845 2032 2895 dito
2057 2845 2238 2909 verba,
2262 2846 2278 2874 ‘
2293 2842 2505 2909 perfun-

1438 2919 1597 2971 dere'
1629 2929 1685 2972 et
1717 2921 2107 2986 ‘profundere,‘
2151 2936 2217 2971 ex
2261 2935 2504 2987 compen-

1440 2997 1608 3048 diaria
1627 2997 1894 3050 scribendi
1917 2999 2116 3049 ratione
2151 2998 2288 3049 inter
2321 3013 2378 3049 se
2414 3013 2504 3062 po-

1441 3074 1636 3125 tuerint
1657 3074 2128 3140 permutari,faeile
2152 3082 2316 3140 patet.
2349 3074 2506 3128 Quod

1438 3151 1482 3201 si
1527 3159 1722 3203 nostrae
1772 3154 2020 3206 rationes·
2055 3153 2108 3204 id
2163 3152 2385 3219 ferrent,
2428 3159 2506 3209 ut,

1436 3230 1576 3296 quod
1611 3230 1776 3295 magis
1807 3230 1968 3281 nobis·
1995 3232 2250 3297 placeret,
2283 3231 2337 3281 in
2372 3230 2507 3281 anti·

1439 3322 1656 3373 quorum
1670 3308 1877 3373 scriptis
1900 3322 2268 3373 reponeremus
2285 3323 2380 3373 pro
2394 3308 2508 3358 aliis
2603 3355 2606 3358 .

1440 3383 1634 3442 verbis,
1669 3386 1753 3435 hic
1787 3386 1943 3436 etiam
1983 3399 2080 3452 pro
2111 3385 2390 3449 perfudisti,
2417 3392 2508 3436 aut

1435 3460 1697 3524 prqt'udisti
1712 3464 2110 3515 rescriberemus
2128 3462 2350 3528 effudisti
2360 3479 2381 3523 ,-
2403 3476 2506 3527 quo

1442 3540 1601 3590 verbo
1642 3554 1763 3589 usus
1799 3547 1882 3591 est
1930 3540 2045 3592 Cie.
2085 3540 2278 3603 Philip.
2313 3552 2403 3589 ιιι.
2429 3542 2509 3591 11.

1442 3614 1509 3665 ed
1533 3615 1954 3680 exaggerandam
1971 3617 2032 3666 C.
2055 3616 2264 3666 Octavii
2285 3616 2507 3666 Caesaris

1441 3689 1910 3756 magnificentiamz
1943 3691 2037 3741 ‘C.
2073 3691 2285 3756 Coesar,'
2321 3690 2509 3755 inquit,

1443 3769 1463 3800 ⁴
1485 3767 1778 3818 incredibili
1800 3782 1861 3818 ac
1882 3766 2058 3817 divina
2080 3767 2300 3834 quadam
2332 3773 2509 3816 mente

1443 3852 1601 3911 atque
1637 3845 1849 3901 virtute,
1873 3878 1887 3894 .
1903 3876 1918 3891 .
1936 3878 1950 3894 .
1974 3843 2323 3894 firmissimum
2358 3857 2511 3893 exer-

1443 3925 1604 3973 citum
1629 3937 1693 3972 ex
1717 3923 1912 3972 invicto
1936 3936 2127 3985 genere
2145 3928 2508 3972 veteranorum

1443 4000 1662 4050 militum
1694 3999 2036 4063 comparavit,
2061 4007 2117 4050 et
2149 3999 2510 4063 patrimonium

1444 4093 1592 4128 suum
1639 4075 1852 4128 effudit:
1898 4091 2208 4141 quamquam
2252 4091 2354 4127 non
2397 4092 2510 4126 snm

1444 4170 1650 4206 ususeo
1674 4154 1853 4220 verbo,
1876 4169 1978 4219 quo
2001 4153 2175 4204 debui.
2223 4153 2345 4204 Non
2372 4157 2510 4204 enim

1444 4232 1651 4295 effudit,
1673 4234 1764 4284 sed
1788 4234 1839 4281 in
1871 4232 2038 4282 salute
2071 4230 2373 4296 reipublicae
2404 4235 2512 4282 col·

1445 4310 1670 4362 locavit?
1737 4310 1958 4362 Interim
2010 4308 2216 4359 facilius
2262 4309 2347 4358 hic
2396 4308 2514 4359 fero

1443 4390 1657 4440 verbum
1685 4387 1965 4453 profudisti,
1996 4402 2114 4438 cum
2143 4386 2278 4438 idem
2310 4387 2421 4438 Cic.
2444 4389 2510 4438 ad

2276 4474 2307 4518 2
2344 4470 2379 4518 S
