3017 4942
444 367 589 440 540·

444 541 609 594 suque
634 527 927 593 principum
961 525 1158 592 aliquot
1182 526 1344 575 millia
1366 523 1528 577 victi·—

445 622 643 658 marnm
697 605 898 656 fuerint
954 611 1186 654 mactata
1214 602 1234 652 ἓ
1297 603 1512 653 Sueton,

448 683 617 747 Calig.
649 697 767 747 cap.
785 687 867 733 18.
891 689 944 733 et
969 686 1049 732 14.
1081 683 1098 711 ⁴
1117 682 1193 732 Ut
1218 695 1249 730 a
1271 679 1519 742 Miseno,’

444 760 635 824 inquit,
669 760 685 787 ‘
714 760 871 809 Caius
893 760 1030 809 inter
1053 759 1257 821 altaria,
1283 764 1337 807 et
1364 758 1515 809 victi·

445 845 573 892 mas,
608 837 956 901 ardentesque
989 835 1175 898 taedas,
1211 833 1516 885 densissimo

447 920 504 962 et
526 913 789 962 laetissimo
807 913 1008 975 agmine
1032 913 1266 974 incessit,
1289 946 1303 962 .
1325 944 1341 960 .
1365 918 1514 961 tanta

445 989 651 1052 laetitia,
672 998 732 1039 ut
758 989 923 1039 tribus
957 990 1204 1053 proximis
1231 988 1514 1053 mensibus,

447 1084 511 1120 ac
553 1083 619 1118 ne
667 1069 788 1118 totis
829 1067 1057 1132 quidem,
1102 1083 1260 1132 supra
1300 1076 1522 1118 centnm*

447 1146 719 1209 sexaginta
772 1146 933 1196 millia
980 1147 1309 1196 victimarum
1364 1159 1511 1196 caesoe

444 1221 756 1274 tradantur?
823 1222 1056 1272 Plurima
1090 1221 1387 1286 hujusmodi
1423 1237 1522 1271 ex·-
1551 1229 1558 1238 ¹

446 1302 741 1366 emplajam
765 1314 1075 1351 recensuere
1100 1301 1244 1364 Lips.
1259 1302 1322 1347 ad
1340 1300 1509 1350 Tacit.

444 1381 584 1431 Hist.
610 1394 673 1430 ιι.
695 1385 776 1431 70.
792 1387 844 1431 et
861 1381 1196 1432 casaubonus
1215 1380 1278 1429 ad
1297 1381 1512 1430 Sueten,

446 1458 609 1523 Calig.
632 1472 748 1521 cap.
771 1461 852 1508 1³.
921 1458 1111 1524 Neque
1135 1457 1404 1507 Gesnerns
1443 1456 1514 1505 ab

443 1536 542 1586 hac
566 1535 791 1586 lectione
817 1534 1040 1584 alienum
1079 1548 1156 1599 se,
1193 1533 1244 1583 in
1270 1534 1513 1595 Epistola

444 1610 760 1679 Appendice
804 1612 870 1663 ad
921 1612 1171 1668 Plinium,
1215 1610 1511 1675 profitetur,

446 1691 691 1743 Schworz.

508 1770 571 1818 In
592 1769 734 1821 unias
763 1766 938 1831 salute]
974 1765 1218 1831 Vulgaris
1257 1777 1513 1829 gramma·

443 1843 580 1896 tices
617 1844 749 1894 ratio
776 1844 1088 1909 requireret,
1124 1852 1183 1891 ut
1215 1842 1511 1905 legeremus

442 1924 661 1973 salutem.
720 1921 791 1971 Et
811 1921 949 1971 hunc
970 1934 1146 1970 casnm
1179 1919 1390 1983 plurimi
1428 1933 1511 1968 re·

444 1999 733 2057 centiorum
774 1997 1006 2056 edidere,
1052 1996 1126 2046 ita
1175 1995 1406 2060 quidem,
1451 2003 1512 2045 ut

443 2081 592 2126 recte
629 2073 889 2131 annotarit
909 2065 1243 2128 Arntzenius,
1275 2077 1398 2121 ante
1433 2071 1508 2121 si-

443 2150 691 2202 chardnm
746 2149 900 2199 aliter
953 2148 1189 2199 edidisse·
1234 2147 1511 2199 neminem.

441 2223 699 2279 Restituit
723 2226 856 2278 adeo
887 2227 974 2277 ille
1005 2240 1182 2276 casum
1214 2233 1417 2276 sextum
1437 2241 1513 2275 sa·

441 2299 573 2365 litu,-
606 2319 706 2355 non
741 2304 905 2354 solum
944 2311 1164 2369 propter
1202 2303 1396 2353 similes
1435 2303 1519 2351 lo·-

443 2382 635 2448 quendi
702 2379 974 2445 formulas,
1038 2393 1156 2446 quae
1221 2379 1518 2429 identidem=

443 2458 584 2522 apud
627 2464 832 2510 veteres
871 2458 1154 2523 scriptores
1194 2463 1470 2507 occurrant
1493 2471 1516 2518 ἲ

442 2533 533 2583 sed
579 2541 655 2593 et,
701 2534 823 2598 quia
852 2533 1000 2598 hujus
1039 2534 1312 2596 scripturae
1353 2532 1507 2582 not'as

440 2610 701 2662 invenerit
740 2612 794 2662 in
835 2612 1104 2676 excerptis
1146 2610 1414 2660 Vossianis
1453 2617 1511 2661 et

443 2688 720 2742 Gudianis.
784 2688 888 2740 Sed
914 2689 965 2740 in
987 2704 1050 2740 eo
1075 2683 1210 2741 liliro
1236 2683 1505 2748 vossiano,

441 2767 592 2831 eujus
629 2766 891 2831 excerptis
925 2766 1048 2816 mihi
1079 2767 1305 2830 contigit
1333 2768 1428 2829 nti,
1452 2774 1511 2817 et

439 2842 496 2893 in
522 2844 634 2907 ipso
658 2843 843 2894 codice
865 2844 1130 2899 Gudiano,
1166 2844 1255 2909 qui
1292 2858 1429 2895 nunc
1451 2845 1505 2893 in

440 2920 907 2986 Guelplierbytana
935 2921 1253 2970 bibliotheca
1275 2936 1507 2971 asserva-

440 3001 549 3059 tur,
571 3011 673 3047 non
699 2998 793 3047 nisi
816 2998 1093 3051 lectionem
1118 3011 1304 3046 recens
1327 2998 1504 3057 vulga-

441 3077 547 3121 tam
573 3072 851 3121 observare
876 3072 996 3121 mihi
1021 3072 1167 3121 licuit
1192 3087 1209 3132 ς
1243 3073 1342 3120 nisi
1365 3072 1506 3137 quod

438 3148 494 3198 in
531 3147 686 3210 libro,
723 3164 876 3214 quem
905 3163 1036 3198 voco
1059 3149 1279 3199 alterum
1303 3148 1506 3199 Gudia-

439 3235 582 3280 num,
623 3224 831 3273 omnino
865 3229 1012 3273 extet
1046 3227 1217 3274 mute.
1283 3226 1351 3275 Et
1372 3226 1506 3277 hanc

438 3300 783 3364 posteriorem
822 3299 1136 3362 scripturam
1179 3300 1338 3351 etiam
1383 3316 1505 3352 con·

439 3375 652 3426 firmant
688 3376 854 3426 ceteri
889 3374 1119 3438 codices,
1148 3390 1336 3439 nempe
1355 3371 1505 3428 Vah·

439 3454 581 3517 cani,
607 3452 935 3510 Parisiensis,
965 3452 1217 3508 Venetus,
1245 3455 1505 3505 salisbur-

440 3531 630 3596 gensis,
649 3544 811 3579 meus.
845 3530 1037 3579 Fateor
1057 3534 1252 3588 tamen,
1274 3530 1503 3582 Plinium

437 3615 672 3660 nostrum
727 3620 894 3671 neque
948 3605 1072 3654 alibi
1116 3604 1272 3656 facile
1313 3608 1505 3657 sectari

436 3685 799 3736 insolentiores
833 3682 1080 3747 loquendi
1113 3681 1381 3740 formulas,
1413 3698 1504 3734 ne·

437 3775 541 3826 que
564 3775 594 3809 a
614 3767 866 3810 consueta
886 3758 1039 3822 hujus
1064 3758 1206 3808 verbi
1238 3766 1506 3811 structura

436 3839 689 3888 recedere
732 3837 939 3898 videri;
973 3835 1117 3898 dnm,
1166 3850 1215 3884 v.
1260 3852 1312 3899 g.
1353 3836 1514 3896 infra„

438 3927 577 3966 xcn.
615 3920 665 3964 5.
703 3916 797 3977 ait,
828 3913 844 3941 ‘
870 3913 1006 3963 iuter
1042 3912 1274 3963 secunda
1313 3915 1505 3971 omina,

437 3998 495 4044 οἳ
518 3996 638 4040 vota
671 3990 952 4050 certantia,
981 4004 1095 4055 quae
1137 3991 1384 4054 praesenti
1409 3993 1504 4041 tibi

436 4065 807 4121 conferentur-3
848 4067 917 4115 Et
941 4068 1113 4130 Epist.
1137 4080 1224 4117 ιιι.
1250 4070 1328 4119 19.
1352 4070 1368 4096 ‘
1386 4084 1500 4133 quae

436 4157 595 4198 unum
620 4143 671 4193 in
694 4144 866 4193 locum
889 4141 1166 4208 conferas,’
1193 4146 1291 4194 διο.
1360 4145 1505 4198 Quin

436 4235 536 4273 nec
557 4219 696 4283 apud
723 4219 853 4267 alios
873 4224 1134 4280 auctores,
1158 4221 1301 4282 milii,
1324 4235 1507 4285 quam-

435 4299 517 4356 vis
531 4310 639 4350 non·
652 4291 1005 4363 perfunctorie
1021 4291 1315 4360 indaganti,
1337 4296 1503 4350 simile

1082 366 1089 373 ’
1135 380 1370 431 noras·
1406 377 1821 432 unionum
1875 382 1953 433 ιιι

1589 529 1821 580 occurrit
1843 528 2173 592 exemplnm3
2207 527 2305 579 nisi
2334 527 2477 593 apud
2499 542 2657 581 unum

1587 605 1828 656 Frontin.
1860 605 2095 670 Strateg.
2131 618 2222 656 ιιι.
2256 610 2308 656 4.
2342 610 2392 657 6.
2427 606 2569 671 qnod
2603 611 2664 656 et

1589 682 1828 732 laudatus
1885 682 2200 733 Arntzenins
2246 684 2661 747 praeoccnpavit’,

1586 763 1897 813 ‘'rector-um
1922 759 2174 817 rumenel
2199 761 2385 823 inquit.
2423 760 2439 786 ‘
2462 762 2512 809 in
2545 760 2659 825 qni·
2697 801 2702 806 .

1588 841 1703 899 bus,
1735 842 1872 906 [prm
1906 840 1991 889 ‘in
2028 855 2153 902 quas
2168 837 2209 901 ⁹]
2246 837 2297 887 id
2336 836 2656 886 frumentum

1588 917 1979 978 conferebatur,
2033 914 2301 976 resrissae,'
2342 917 2443 964 «Sec.
2512 912 2660 964 Nihil

1591 1005 1761 1049 autem
1788 999 1998 1054 attinet.
2024 999 2235 1048 aliorum
2262 995 2539 1045 verborum
2566 1008 2659 1043 ex-

1589 1077 1779 1138 empla,
1801 1075 1888 1125 ubi
1914 1074 2218 1138 propositio
2255 1076 2325 1128 in,
2364 1073 2662 1136 promiscue

1589 1171 1704 1206 cum
1729 1172 1852 1207 casn
1891 1156 2164 1207 accusandi
2187 1163 2243 1205 et
2272 1153 2540 1204 auferendi
2566 1153 2661 1202 ali·

1588 1234 1797 1296 quando
1833 1235 2187 1297 conjungitur,
2220 1232 2271 1281 in
2309 1233 2447 1281 hunc
2489 1231 2660 1279 locum

1588 1326 1899 1376 congerere3
1938 1325 2055 1376 quae
2080 1311 2190 1373 jam
2219 1310 2325 1374 alii,
2359 1324 2405 1357 v.
2428 1324 2481 1369 g.
2507 1309 2659 1357 Lina-

1588 1402 1697 1450 cer,
1738 1389 2001 1444 Sanctius,
2046 1386 2306 1443 Gifanins,
2360 1384 2660 1448 Scioppius,

1587 1467 1823 1531 Vossius,
1845 1466 2127 1525 Mnncker,
2154 1465 2406 1527 Bangins,
2436 1463 2660 1526 Davies,

1589 1543 1821 1608 Cortins,
1856 1546 1964 1606 alii,
1997 1543 2398 1596 cumulatissime
2437 1550 2658 1591 annota-

1588 1627 1731 1681 runt,
1763 1628 1819 1671 et
1858 1637 1970 1685 qnae
2010 1610 2184 1671 tamen
2207 1621 2320 1684 ipsa
2344 1619 2658 1689 saepebvarie

1588 1697 1785 1762 scripta
1828 1697 2182 1762 reperiuntur.
2248 1698 2378 1747 Cum
2424 1696 2661 1755 Lampri-

1588 1775 1704 1824 dius
1743 1777 1795 1825 in
1820 1774 2127 1836 Commodo,
2146 1788 2193 1824 c.
2216 1780 2264 1826 8.
2301 1774 2455 1828 dixit,
2491 1773 2658 1824 ‘Dal-

1588 1853 1807 1903 maticns
1849 1854 1897 1902 in
1938 1853 2144 1916 publico
2189 1849 2487 1915 processit3'
2521 1851 2660 1901 bene

1586 1930 1784 1981 monuit
1811 1930 2171 1992 casaubonus,
2191 1937 2207 1959 ‘
2230 1932 2279 1978 in
2307 1929 2515 1993 publico
2540 1942 2658 1992 pro-

1587 2006 1816 2065 cedere)
1862 2022 1956 2070 pro
2000 2007 2085 2056 ‘in
2130 2004 2430 2071 publicum,'
2476 2019 2658 2056 recen-

1587 2084 1771 2134 tiorem
1798 2100 1912 2136 esse
1935 2085 2295 2145 Latinitatem,
2323 2090 2378 2132 et
2409 2081 2484 2133 sic
2515 2082 2656 2147 apud

1586 2162 1806 2212 Graecos
1840 2162 2031 2223 passim
2063 2161 2179 2210 illos
2212 2160 2341 2210 dnos
2363 2175 2511 2210 casus
2532 2175 2659 2211 con·

1585 2237 1752 2289 fundi.
1818 2239 2075 2304 Equidem
2110 2239 2247 2289 haud
2282 2254 2543 2296 assevero,
2571 2254 2660 2291 ve-

1587 2324 1728 2367 teres
1761 2331 1973 2382 prorsns
1999 2316 2064 2365 ab
2087 2316 2342 2378 ejusmodi
2379 2314 2656 2364 verborum

1584 2400 1854 2443 structura
1905 2391 2259 2442 abstinuisse:
2312 2405 2427 2440 cum
2480 2398 2656 2440 tamen

1583 2477 1786 2521 certum
1827 2471 1916 2531 sit,
1953 2469 2164 2519 labente
2206 2470 2413 2518 demum
2455 2467 2655 2518 Latini-

1585 2556 1717 2606 tate,
1740 2548 1891 2599 nimis
1915 2547 2198 2597 invaluisse
2223 2547 2374 2596 istam
2409 2543 2662 2610 loquendi

1584 2625 1857 2682 rationem,
1893 2637 2081 2673 vereor
2115 2623 2319 2684 saltem,
2352 2636 2418 2671 ne
2452 2620 2656 2670 librarii

1584 2695 1844 2766 permulta
1888 2708 2125 2750 veterum
2170 2700 2280 2748 loca
2327 2698 2391 2746 ad
2432 2695 2652 2747 eandem

1582 2777 1898 2835 inflexerint,
1943 2776 2179 2841 adeoque
2222 2775 2437 2832 suadeo,
2479 2782 2536 2824 nt
2566 2774 2656 2838 ju·

1584 2863 1770 2907 ventus
1805 2855 2058 2917 studiosa,
2089 2854 2142 2903 in
2178 2852 2406 2915 antiquis
2428 2851 2657 2901 auctori·-

1582 2935 1678 2985 bus
1717 2932 1953 2997 legendis
1987 2929 2520 2995 interpretandisque,
2549 2928 2658 2979 ista

1582 3011 1824 3076 exempla
1859 3009 2022 3073 magis
2058 3008 2321 3063 obserret,
2352 3020 2504 3071 qnam
2541 3005 2657 3054 imi-

1583 3097 1743 3140 tetur.
1808 3089 2030 3138 Interim
2076 3085 2238 3134 nihilo
2285 3083 2451 3132 minus
2495 3082 2658 3132 mirus

1580 3165 1670 3215 ille
1690 3165 1739 3214 in
1763 3165 1861 3214 hoc
1886 3164 2001 3212 loco
2026 3169 2106 3212 tot
2129 3160 2368 3212 codicum
2389 3160 2521 3211 Mss.
2541 3159 2655 3209 edi-

1580 3242 1881 3305 tionumque
1919 3235 2155 3288 veterum
2194 3252 2473 3287 consensus
2511 3236 2654 3300 apud

1579 3329 1662 3368 me
1710 3318 1837 3381 jam‘
1873 3316 2173 3381 praevaluit,
2218 3322 2282 3371 ut,
2317 3314 2656 3377 crediderim,

1580 3394 1809 3445 Plinium
1853 3393 1983 3441 nihil
2030 3391 2096 3441 ab
2135 3388 2377 3454 ’ἀναλογίᾳ
2425 3390 2652 3440 alienum

1578 3471 1867 3531 admisisse,
1918 3483 2036 3519 cum
2090 3469 2423 3532 participium
2479 3469 2655 3518 souma

1578 3561 1696 3598 cum
1730 3561 1854 3597 casn
1888 3552 2041 3595 sexto
2073 3545 2443 3609 conjunxerim
2476 3546 2517 3595 si
2539 3544 2654 3611 qni·

1577 3624 1697 3674 dem
1711 3624 1884 3675 collata
1902 3630 2025 3674 tunc
2040 3623 2285 3672 dicantur
2299 3623 2315 3651 ‘
2331 3621 2654 3686 conjuncta,'

1578 3708 1634 3752 et
1665 3702 1681 3729 ‘
1701 3700 1884 3762 unita,’
1915 3714 2029 3763 quse
2067 3700 2230 3762 magis
2256 3693 2461 3750 'statum
2486 3714 2652 3763 quen·

1578 3779 1715 3833 dam,
1748 3785 1804 3827 et
1842 3778 2091 3842 quietem,
2124 3791 2277 3839 quam
2314 3782 2509 3826 motum
2548 3778 2653 3839 sig·

1576 3854 1810 3904 nificent.
1876 3854 2031 3904 Unde
2066 3853 2167 3902 ista
2200 3853 2361 3902 Plinii
2397 3853 2556 3903 verba
2577 3855 2653 3905 sic

1576 3930 1974 3994 interpretanda
2017 3926 2233 3979 forent:
2282 3930 2359 3980 Ut
2403 3930 2456 3979 in
2504 3931 2651 3981 nnius

1577 4007 1829 4072 principis
1874 4008 2041 4056 salute
2088 4006 2372 4069 conjuncta
2416 4005 2651 4069 fuerunt,

1578 4092 1633 4133 et
1655 4083 1799 4150 qnasi
1830 4082 2204 4147 acquieverunt
2239 4083 2469 4132 omnium
2495 4086 2646 4134 vota!

1580 4161 1735 4210 Hanc
1780 4173 1903 4210 vero
1948 4160 2234 4219 notionem,
2277 4166 2474 4223 praeter
2522 4160 2649 4210 alios

1576 4237 1880 4301 scriptores,
1925 4237 2081 4285 etism
2138 4237 2249 4298 ipse
2296 4236 2501 4285 Plinius
2559 4237 2648 4285 ali·-

1577 4314 1785 4382 qusndo
1808 4314 2023 4380 subjicit
2044 4311 2162 4365 huic
2186 4311 2367 4372 verbo,
2395 4318 2456 4364 et-
2483 4313 2649 4366 masi·
