<?xml version="1.0" encoding="UTF-8"?>
<!DOCTYPE html PUBLIC "-//W3C//DTD XHTML 1.0 Transitional//EN"
    "http://www.w3.org/TR/xhtml1/DTD/xhtml1-transitional.dtd">
<html xmlns="http://www.w3.org/1999/xhtml" xml:lang="en" lang="en">
 <head>
  <title>
</title>
<meta http-equiv="Content-Type" content="text/html;charset=utf-8" />
  <meta name='ocr-system' content='tesseract 3.04.00' />
  <meta name='ocr-capabilities' content='ocr_page ocr_carea ocr_par ocr_line ocrx_word'/>
</head>
<body>
  <div class='ocr_page' id='page_1' title='image "./panegyriciveter01unkngoog_0713.png"; bbox 0 0 3017 4942; ppageno 0'>
   <div class='ocr_carea' id='block_1_1' title="bbox 828 377 2607 448">
    <p class='ocr_par' dir='ltr' id='par_1_1' title="bbox 828 377 2607 448">
     <span class='ocr_line' id='line_1_1' title="bbox 828 377 2607 448; baseline 0 -1"><span class='ocrx_word' id='word_1_1' title='bbox 828 399 895 447; x_wconf 91' lang='lat' dir='ltr'>c.</span> <span class='ocrx_word' id='word_1_2' title='bbox 942 392 1191 447; x_wconf 67' lang='grc' dir='ltr'><strong>ι’ωιιιι</strong></span> <span class='ocrx_word' id='word_1_3' title='bbox 1239 393 1575 447; x_wconf 65' lang='lat' dir='ltr'>arcuum</span> <span class='ocrx_word' id='word_1_4' title='bbox 1624 393 1905 447; x_wconf 71' lang='lat' dir='ltr'>ranno.</span> <span class='ocrx_word' id='word_1_5' title='bbox 1975 394 2028 446; x_wconf 88' lang='lat'>1.</span> <span class='ocrx_word' id='word_1_6' title='bbox 2053 378 2168 448; x_wconf 82' lang='grc'>94.</span> <span class='ocrx_word' id='word_1_7' title='bbox 2431 377 2607 447; x_wconf 80' lang='grc'><strong>1093</strong></span> 
     </span>
    </p>
   </div>
   <div class='ocr_carea' id='block_1_2' title="bbox 388 535 1462 1373">
    <p class='ocr_par' dir='ltr' id='par_1_2' title="bbox 388 535 1462 1221">
     <span class='ocr_line' id='line_1_2' title="bbox 391 535 1462 606; baseline 0.002 -18"><span class='ocrx_word' id='word_1_8' title='bbox 391 540 656 606; x_wconf 76' lang='lat' dir='ltr'>potestate</span> <span class='ocrx_word' id='word_1_9' title='bbox 677 535 857 596; x_wconf 82' lang='lat' dir='ltr'>babet,</span> <span class='ocrx_word' id='word_1_10' title='bbox 891 571 909 589; x_wconf 89' lang='lat'><strong>.</strong></span> <span class='ocrx_word' id='word_1_11' title='bbox 933 571 950 588; x_wconf 84' lang='lat'><strong><em>.</em></strong></span> <span class='ocrx_word' id='word_1_12' title='bbox 972 571 989 589; x_wconf 89' lang='lat'><strong>.</strong></span> <span class='ocrx_word' id='word_1_13' title='bbox 1023 537 1068 589; x_wconf 91' lang='lat' dir='ltr'>si</span> <span class='ocrx_word' id='word_1_14' title='bbox 1089 539 1375 590; x_wconf 82' lang='lat' dir='ltr'>masculum</span> <span class='ocrx_word' id='word_1_15' title='bbox 1398 537 1462 590; x_wconf 74' lang='lat' dir='ltr'>fi·</span> 
     </span>
     <span class='ocr_line' id='line_1_3' title="bbox 391 616 1459 680; baseline 0 -14"><span class='ocrx_word' id='word_1_16' title='bbox 391 617 516 667; x_wconf 82' lang='lat' dir='ltr'>lium</span> <span class='ocrx_word' id='word_1_17' title='bbox 552 616 606 665; x_wconf 91' lang='lat' dir='ltr'>in</span> <span class='ocrx_word' id='word_1_18' title='bbox 644 622 960 667; x_wconf 84' lang='lat' dir='ltr'>testamento</span> <span class='ocrx_word' id='word_1_19' title='bbox 996 616 1331 680; x_wconf 65' lang='lat' dir='ltr'>preterierit,</span> <span class='ocrx_word' id='word_1_20' title='bbox 1354 630 1459 666; x_wconf 86' lang='lat' dir='ltr'>nou</span> 
     </span>
     <span class='ocr_line' id='line_1_4' title="bbox 392 693 1460 744; baseline 0.002 -2"><span class='ocrx_word' id='word_1_21' title='bbox 392 693 996 744; x_wconf 74' lang='lat' dir='ltr'>valebit-testamentum.</span> <span class='ocrx_word' id='word_1_22' title='bbox 1062 694 1119 744; x_wconf 84' lang='lat' dir='ltr'>Si</span> <span class='ocrx_word' id='word_1_23' title='bbox 1147 708 1273 744; x_wconf 81' lang='lat' dir='ltr'>vero</span> <span class='ocrx_word' id='word_1_24' title='bbox 1301 693 1460 744; x_wconf 80' lang='lat' dir='ltr'>filiam</span> 
     </span>
     <span class='ocr_line' id='line_1_5' title="bbox 392 769 1459 835; baseline 0.003 -16"><span class='ocrx_word' id='word_1_25' title='bbox 392 769 726 835; x_wconf 62' lang='lat' dir='ltr'>pratericrit,</span> <span class='ocrx_word' id='word_1_26' title='bbox 742 782 847 819; x_wconf 90' lang='lat' dir='ltr'>non</span> <span class='ocrx_word' id='word_1_27' title='bbox 873 770 1069 835; x_wconf 87' lang='lat' dir='ltr'>rumpit</span> <span class='ocrx_word' id='word_1_28' title='bbox 1090 777 1459 823; x_wconf 84' lang='lat' dir='ltr'>testamentum</span> 
     </span>
     <span class='ocr_line' id='line_1_6' title="bbox 389 846 1460 913; baseline 0.002 -17"><span class='ocrx_word' id='word_1_29' title='bbox 389 846 501 897; x_wconf 80' lang='lat' dir='ltr'>fllia</span> <span class='ocrx_word' id='word_1_30' title='bbox 520 846 913 912; x_wconf 55' lang='lat' dir='ltr'>proeterruissass</span> <span class='ocrx_word' id='word_1_31' title='bbox 963 847 1069 898; x_wconf 88' lang='lat' dir='ltr'>Sed</span> <span class='ocrx_word' id='word_1_32' title='bbox 1091 855 1147 898; x_wconf 88' lang='lat' dir='ltr'>et</span> <span class='ocrx_word' id='word_1_33' title='bbox 1169 849 1460 913; x_wconf 66' lang='lat' dir='ltr'>generatim</span> 
     </span>
     <span class='ocr_line' id='line_1_7' title="bbox 388 922 1460 990; baseline 0 -14"><span class='ocrx_word' id='word_1_34' title='bbox 388 924 481 976; x_wconf 84' lang='lat' dir='ltr'>ille</span> <span class='ocrx_word' id='word_1_35' title='bbox 501 924 734 975; x_wconf 85' lang='lat' dir='ltr'>dicitur‘</span> <span class='ocrx_word' id='word_1_36' title='bbox 755 922 1052 990; x_wconf 58' lang='lat' dir='ltr'>praeteriri}</span> <span class='ocrx_word' id='word_1_37' title='bbox 1070 926 1193 990; x_wconf 85' lang='lat' dir='ltr'>qui‘</span> <span class='ocrx_word' id='word_1_38' title='bbox 1212 940 1315 977; x_wconf 88' lang='lat' dir='ltr'>nou</span> <span class='ocrx_word' id='word_1_39' title='bbox 1334 927 1460 976; x_wconf 85' lang='lat' dir='ltr'>acri·</span> 
     </span>
     <span class='ocr_line' id='line_1_8' title="bbox 389 1001 1459 1054; baseline 0.002 -2"><span class='ocrx_word' id='word_1_40' title='bbox 389 1001 536 1053; x_wconf 86' lang='lat' dir='ltr'>bitur</span> <span class='ocrx_word' id='word_1_41' title='bbox 554 1001 734 1053; x_wconf 82' lang='lat' dir='ltr'>beres’</span> <span class='ocrx_word' id='word_1_42' title='bbox 769 1002 821 1051; x_wconf 87' lang='lat' dir='ltr'>in</span> <span class='ocrx_word' id='word_1_43' title='bbox 853 1008 1187 1054; x_wconf 84' lang='lat' dir='ltr'>testamento.</span> <span class='ocrx_word' id='word_1_44' title='bbox 1252 1002 1459 1054; x_wconf 87' lang='lat' dir='ltr'>Plinina</span> 
     </span>
     <span class='ocr_line' id='line_1_9' title="bbox 388 1079 1459 1147; baseline 0.003 -19"><span class='ocrx_word' id='word_1_45' title='bbox 388 1082 814 1145; x_wconf 73' lang='lat' dir='ltr'>sapra,xr.111.2·</span> <span class='ocrx_word' id='word_1_46' title='bbox 846 1080 864 1108; x_wconf 79' lang='lat'>⁸</span> <span class='ocrx_word' id='word_1_47' title='bbox 888 1079 1146 1129; x_wconf 84' lang='lat' dir='ltr'>Scriberis</span> <span class='ocrx_word' id='word_1_48' title='bbox 1166 1079 1232 1131; x_wconf 89' lang='lat' dir='ltr'>ab</span> <span class='ocrx_word' id='word_1_49' title='bbox 1255 1081 1459 1147; x_wconf 85' lang='lat' dir='ltr'>amicis,</span> 
     </span>
     <span class='ocr_line' id='line_1_10' title="bbox 391 1155 1293 1226; baseline 0.003 -21"><span class='ocrx_word' id='word_1_50' title='bbox 391 1155 461 1206; x_wconf 90' lang='lat' dir='ltr'>ab</span> <span class='ocrx_word' id='word_1_51' title='bbox 482 1157 674 1226; x_wconf 85' lang='lat' dir='ltr'>ignotis</span> <span class='ocrx_word' id='word_1_52' title='bbox 697 1155 1020 1221; x_wconf 62' lang='lat' dir='ltr'>praeterlris)</span> <span class='ocrx_word' id='word_1_53' title='bbox 1051 1155 1293 1208; x_wconf 57' lang='lat' dir='ltr'>Seioua,</span> 
     </span>
    </p>

    <p class='ocr_par' dir='ltr' id='par_1_3' title="bbox 390 1231 1456 1373">
     <span class='ocr_line' id='line_1_11' title="bbox 456 1231 1456 1300; baseline 0 -17"><span class='ocrx_word' id='word_1_54' title='bbox 456 1232 537 1283; x_wconf 69' lang='lat' dir='ltr'>Ab</span> <span class='ocrx_word' id='word_1_55' title='bbox 577 1231 777 1297; x_wconf 68' lang='lat' dir='ltr'>optino]</span> <span class='ocrx_word' id='word_1_56' title='bbox 820 1233 884 1284; x_wconf 87' lang='lat' dir='ltr'>In</span> <span class='ocrx_word' id='word_1_57' title='bbox 921 1232 1163 1299; x_wconf 69' lang='lat' dir='ltr'>eligendo</span> <span class='ocrx_word' id='word_1_58' title='bbox 1198 1240 1257 1285; x_wconf 88' lang='lat' dir='ltr'>et</span> <span class='ocrx_word' id='word_1_59' title='bbox 1294 1231 1456 1300; x_wconf 87' lang='lat' dir='ltr'>adop·</span> 
     </span>
     <span class='ocr_line' id='line_1_12' title="bbox 390 1310 743 1373; baseline -0.006 -12"><span class='ocrx_word' id='word_1_60' title='bbox 390 1310 574 1361; x_wconf 86' lang='lat' dir='ltr'>tando.</span> <span class='ocrx_word' id='word_1_61' title='bbox 609 1311 743 1373; x_wconf 74' lang='lat' dir='ltr'>Lipo.</span> 
     </span>
    </p>
   </div>
   <div class='ocr_carea' id='block_1_3' title="bbox 283 1384 1459 1529">
    <p class='ocr_par' dir='ltr' id='par_1_4' title="bbox 283 1384 1459 1529">
     <span class='ocr_line' id='line_1_13' title="bbox 358 1384 1459 1451; baseline 0.001 -16"><span class='ocrx_word' id='word_1_62' title='bbox 358 1426 369 1435; x_wconf 93' lang='lat'><strong>.</strong></span> <span class='ocrx_word' id='word_1_63' title='bbox 457 1387 574 1439; x_wconf 77' lang='lat' dir='ltr'>Non</span> <span class='ocrx_word' id='word_1_64' title='bbox 602 1384 786 1451; x_wconf 70' lang='lat' dir='ltr'>potuit]</span> <span class='ocrx_word' id='word_1_65' title='bbox 819 1386 941 1439; x_wconf 81' lang='lat' dir='ltr'>Quo</span> <span class='ocrx_word' id='word_1_66' title='bbox 962 1387 1130 1449; x_wconf 74' lang='lat' dir='ltr'>miuus</span> <span class='ocrx_word' id='word_1_67' title='bbox 1152 1386 1204 1436; x_wconf 88' lang='lat' dir='ltr'>in</span> <span class='ocrx_word' id='word_1_68' title='bbox 1233 1385 1459 1451; x_wconf 89' lang='lat' dir='ltr'>impera-</span> 
     </span>
     <span class='ocr_line' id='line_1_14' title="bbox 283 1462 1459 1529; baseline 0.002 -17"><span class='ocrx_word' id='word_1_69' title='bbox 283 1484 303 1503; x_wconf 87' lang='lat'><strong>·</strong></span> <span class='ocrx_word' id='word_1_70' title='bbox 389 1465 557 1512; x_wconf 87' lang='lat' dir='ltr'>torem</span> <span class='ocrx_word' id='word_1_71' title='bbox 580 1471 637 1512; x_wconf 89' lang='lat' dir='ltr'>et</span> <span class='ocrx_word' id='word_1_72' title='bbox 657 1477 1009 1527; x_wconf 79' lang='lat' dir='ltr'>successorem</span> <span class='ocrx_word' id='word_1_73' title='bbox 1033 1464 1334 1529; x_wconf 74' lang='lat' dir='ltr'>eligeretur.</span> <span class='ocrx_word' id='word_1_74' title='bbox 1359 1462 1459 1514; x_wconf 83' lang='lat' dir='ltr'>Pa·</span> 
     </span>
    </p>
   </div>
   <div class='ocr_carea' id='block_1_4' title="bbox 383 1541 1460 2763">
    <p class='ocr_par' dir='ltr' id='par_1_5' title="bbox 389 1541 533 1590">
     <span class='ocr_line' id='line_1_15' title="bbox 389 1541 533 1590; baseline -0.007 -2"><span class='ocrx_word' id='word_1_75' title='bbox 389 1541 533 1590; x_wconf 71' lang='lat' dir='ltr'>torol.</span> 
     </span>
    </p>

    <p class='ocr_par' dir='ltr' id='par_1_6' title="bbox 386 1614 1457 1892">
     <span class='ocr_line' id='line_1_16' title="bbox 454 1614 1457 1683; baseline 0.003 -19"><span class='ocrx_word' id='word_1_76' title='bbox 454 1614 638 1680; x_wconf 72' lang='lat' dir='ltr'>Signa]</span> <span class='ocrx_word' id='word_1_77' title='bbox 673 1614 810 1666; x_wconf 85' lang='lat' dir='ltr'>Vide</span> <span class='ocrx_word' id='word_1_78' title='bbox 831 1629 1006 1681; x_wconf 88' lang='lat' dir='ltr'>supra,</span> <span class='ocrx_word' id='word_1_79' title='bbox 1024 1630 1074 1668; x_wconf 77' lang='lat' dir='ltr'>v.</span> <span class='ocrx_word' id='word_1_80' title='bbox 1090 1620 1143 1670; x_wconf 83' lang='grc'>4.</span> <span class='ocrx_word' id='word_1_81' title='bbox 1166 1622 1223 1668; x_wconf 91' lang='lat' dir='ltr'>et</span> <span class='ocrx_word' id='word_1_82' title='bbox 1245 1632 1364 1683; x_wconf 68' lang='lat' dir='ltr'>que</span> <span class='ocrx_word' id='word_1_83' title='bbox 1386 1617 1457 1668; x_wconf 89' lang='lat' dir='ltr'>ibi</span> 
     </span>
     <span class='ocr_line' id='line_1_17' title="bbox 390 1693 848 1744; baseline 0.009 -4"><span class='ocrx_word' id='word_1_84' title='bbox 390 1700 660 1742; x_wconf 85' lang='lat' dir='ltr'>annotata.</span> <span class='ocrx_word' id='word_1_85' title='bbox 697 1693 848 1744; x_wconf 75' lang='lat' dir='ltr'>Idm.</span> 
     </span>
     <span class='ocr_line' id='line_1_18' title="bbox 386 1769 1457 1892; baseline 0.007 -74"><span class='ocrx_word' id='word_1_86' title='bbox 386 1770 558 1892; x_wconf 43' lang='lat' dir='ltr'>dez-&#39;ao</span> <span class='ocrx_word' id='word_1_87' title='bbox 577 1769 790 1836; x_wconf 66' lang='lat' dir='ltr'>minine]</span> <span class='ocrx_word' id='word_1_88' title='bbox 823 1769 965 1822; x_wconf 84' lang='lat' dir='ltr'>Vide</span> <span class='ocrx_word' id='word_1_89' title='bbox 984 1769 1128 1824; x_wconf 87' lang='lat' dir='ltr'>dicta</span> <span class='ocrx_word' id='word_1_90' title='bbox 1151 1772 1365 1826; x_wconf 78' lang='lat' dir='ltr'>ibidem.</span> <span class='ocrx_word' id='word_1_91' title='bbox 1405 1774 1457 1826; x_wconf 88' lang='lat'>1-</span> 
     </span>
    </p>

    <p class='ocr_par' dir='ltr' id='par_1_7' title="bbox 383 1919 1460 2763">
     <span class='ocr_line' id='line_1_19' title="bbox 457 1919 1458 1999; baseline 0.008 -29"><span class='ocrx_word' id='word_1_92' title='bbox 457 1919 560 1971; x_wconf 81' lang='grc' dir='ltr'><strong>Τιιο</strong></span> <span class='ocrx_word' id='word_1_93' title='bbox 578 1921 885 1986; x_wconf 45' lang='lat' dir='ltr'>mindae</span> <span class='ocrx_word' id='word_1_94' title='bbox 898 1925 1099 1991; x_wconf 66' lang='lat' dir='ltr'>bonore]</span> <span class='ocrx_word' id='word_1_95' title='bbox 1134 1927 1342 1999; x_wconf 83' lang='lat' dir='ltr'>Nempe</span> <span class='ocrx_word' id='word_1_96' title='bbox 1365 1926 1458 1978; x_wconf 86' lang='lat' dir='ltr'>im-</span> 
     </span>
     <span class='ocr_line' id='line_1_20' title="bbox 387 1994 1459 2061; baseline 0.009 -16"><span class='ocrx_word' id='word_1_97' title='bbox 387 1998 658 2061; x_wconf 82' lang='lat' dir='ltr'>peratorio</span> <span class='ocrx_word' id='word_1_98' title='bbox 679 2001 885 2051; x_wconf 82' lang='lat' dir='ltr'>nomine</span> <span class='ocrx_word' id='word_1_99' title='bbox 904 2010 960 2052; x_wconf 84' lang='lat' dir='ltr'>ct</span> <span class='ocrx_word' id='word_1_100' title='bbox 980 2002 1192 2054; x_wconf 85' lang='lat' dir='ltr'>bonore.</span> <span class='ocrx_word' id='word_1_101' title='bbox 1242 1994 1459 2055; x_wconf 79' lang='lat' dir='ltr'>Scilicet</span> 
     </span>
     <span class='ocr_line' id='line_1_21' title="bbox 386 2075 1458 2146; baseline 0.009 -24"><span class='ocrx_word' id='word_1_102' title='bbox 386 2086 509 2123; x_wconf 86' lang='lat' dir='ltr'>eum</span> <span class='ocrx_word' id='word_1_103' title='bbox 542 2075 816 2141; x_wconf 82' lang='lat' dir='ltr'>Trajauus,</span> <span class='ocrx_word' id='word_1_104' title='bbox 851 2092 996 2129; x_wconf 86' lang='lat' dir='ltr'>more</span> <span class='ocrx_word' id='word_1_105' title='bbox 1032 2081 1303 2145; x_wconf 84' lang='lat' dir='ltr'>majorum,</span> <span class='ocrx_word' id='word_1_106' title='bbox 1335 2089 1458 2146; x_wconf 82' lang='lat' dir='ltr'>post</span> 
     </span>
     <span class='ocr_line' id='line_1_22' title="bbox 385 2151 1456 2224; baseline 0.01 -26"><span class='ocrx_word' id='word_1_107' title='bbox 385 2151 540 2200; x_wconf 78' lang='lat' dir='ltr'>vota·</span> <span class='ocrx_word' id='word_1_108' title='bbox 526 2166 577 2200; x_wconf 84' lang='lat' dir='ltr'>tu</span> <span class='ocrx_word' id='word_1_109' title='bbox 594 2152 858 2217; x_wconf 87' lang='lat' dir='ltr'>Capitolio</span> <span class='ocrx_word' id='word_1_110' title='bbox 873 2164 1189 2222; x_wconf 82' lang='lat' dir='ltr'>nuncupata,</span> <span class='ocrx_word' id='word_1_111' title='bbox 1206 2165 1456 2224; x_wconf 82' lang='lat' dir='ltr'>tauquam</span> 
     </span>
     <span class='ocr_line' id='line_1_23' title="bbox 384 2228 1456 2301; baseline 0.009 -23"><span class='ocrx_word' id='word_1_112' title='bbox 384 2228 614 2293; x_wconf 77' lang='lat' dir='ltr'>legatus,</span> <span class='ocrx_word' id='word_1_113' title='bbox 646 2246 764 2282; x_wconf 88' lang='lat' dir='ltr'>cum</span> <span class='ocrx_word' id='word_1_114' title='bbox 795 2233 1062 2286; x_wconf 75' lang='lat' dir='ltr'>lictoribus</span> <span class='ocrx_word' id='word_1_115' title='bbox 1085 2235 1153 2287; x_wconf 89' lang='lat' dir='ltr'>ab</span> <span class='ocrx_word' id='word_1_116' title='bbox 1187 2236 1317 2287; x_wconf 88' lang='lat' dir='ltr'>urbe</span> <span class='ocrx_word' id='word_1_117' title='bbox 1338 2252 1456 2301; x_wconf 84' lang='lat' dir='ltr'>pro-</span> 
     </span>
     <span class='ocr_line' id='line_1_24' title="bbox 384 2303 1456 2364; baseline 0.007 -9"><span class='ocrx_word' id='word_1_118' title='bbox 384 2303 622 2357; x_wconf 77' lang='lat' dir='ltr'>fecturus</span> <span class='ocrx_word' id='word_1_119' title='bbox 655 2317 797 2359; x_wconf 88' lang='lat' dir='ltr'>esset</span> <span class='ocrx_word' id='word_1_120' title='bbox 828 2311 882 2361; x_wconf 90' lang='lat' dir='ltr'>in</span> <span class='ocrx_word' id='word_1_121' title='bbox 917 2310 1251 2362; x_wconf 74' lang='lat' dir='ltr'>Germaniam</span> <span class='ocrx_word' id='word_1_122' title='bbox 1276 2312 1341 2362; x_wconf 90' lang='lat' dir='ltr'>ad</span> <span class='ocrx_word' id='word_1_123' title='bbox 1366 2328 1456 2364; x_wconf 82' lang='lat' dir='ltr'>ex·</span> 
     </span>
     <span class='ocr_line' id='line_1_25' title="bbox 385 2383 1457 2454; baseline 0.008 -23"><span class='ocrx_word' id='word_1_124' title='bbox 385 2383 643 2446; x_wconf 55' lang='lat' dir='ltr'>e⁴rcitum3</span> <span class='ocrx_word' id='word_1_125' title='bbox 676 2386 888 2446; x_wconf 87' lang='lat' dir='ltr'>accidit,</span> <span class='ocrx_word' id='word_1_126' title='bbox 912 2394 973 2438; x_wconf 89' lang='lat' dir='ltr'>ut</span> <span class='ocrx_word' id='word_1_127' title='bbox 994 2387 1169 2452; x_wconf 87' lang='lat' dir='ltr'>turba,</span> <span class='ocrx_word' id='word_1_128' title='bbox 1190 2403 1305 2454; x_wconf 69' lang='lat' dir='ltr'>quae</span> <span class='ocrx_word' id='word_1_129' title='bbox 1330 2397 1457 2440; x_wconf 85' lang='lat' dir='ltr'>tunc</span> 
     </span>
     <span class='ocr_line' id='line_1_26' title="bbox 385 2461 1457 2530; baseline 0.007 -21"><span class='ocrx_word' id='word_1_130' title='bbox 385 2461 543 2510; x_wconf 84' lang='lat' dir='ltr'>limen</span> <span class='ocrx_word' id='word_1_131' title='bbox 582 2464 814 2527; x_wconf 82' lang='lat' dir='ltr'>capitolii</span> <span class='ocrx_word' id='word_1_132' title='bbox 853 2465 1135 2524; x_wconf 70' lang='lat' dir='ltr'>insederat,</span> <span class='ocrx_word' id='word_1_133' title='bbox 1158 2465 1222 2516; x_wconf 86' lang='lat' dir='ltr'>ad</span> <span class='ocrx_word' id='word_1_134' title='bbox 1257 2466 1457 2530; x_wconf 78' lang='lat' dir='ltr'>ingres·</span> 
     </span>
     <span class='ocr_line' id='line_1_27' title="bbox 385 2539 1460 2607; baseline 0.001 -16"><span class='ocrx_word' id='word_1_135' title='bbox 385 2551 501 2591; x_wconf 64' lang='lat' dir='ltr'>uum</span> <span class='ocrx_word' id='word_1_136' title='bbox 542 2539 774 2605; x_wconf 63' lang='lat' dir='ltr'>Traiani,</span> <span class='ocrx_word' id='word_1_137' title='bbox 817 2542 1008 2595; x_wconf 79' lang='lat' dir='ltr'>Jovem</span> <span class='ocrx_word' id='word_1_138' title='bbox 1064 2543 1460 2607; x_wconf 68' lang='lat' dir='ltr'>Imperatorem,</span> 
     </span>
     <span class='ocr_line' id='line_1_28' title="bbox 387 2616 1458 2688; baseline 0.007 -23"><span class='ocrx_word' id='word_1_139' title='bbox 387 2616 638 2669; x_wconf 84' lang='lat' dir='ltr'>salutaret</span> <span class='ocrx_word' id='word_1_140' title='bbox 692 2620 1063 2686; x_wconf 67' lang='lat' dir='ltr'>adoraretque,</span> <span class='ocrx_word' id='word_1_141' title='bbox 1121 2627 1179 2672; x_wconf 89' lang='lat' dir='ltr'>et</span> <span class='ocrx_word' id='word_1_142' title='bbox 1234 2621 1458 2688; x_wconf 85' lang='lat' dir='ltr'>diceret,</span> 
     </span>
     <span class='ocr_line' id='line_1_29' title="bbox 383 2694 1455 2763; baseline 0.008 -20"><span class='ocrx_word' id='word_1_143' title='bbox 383 2700 402 2724; x_wconf 78' lang='lat'>⁸</span> <span class='ocrx_word' id='word_1_144' title='bbox 420 2694 596 2758; x_wconf 82' lang='lat' dir='ltr'>Salve,</span> <span class='ocrx_word' id='word_1_145' title='bbox 619 2696 919 2763; x_wconf 84' lang='lat' dir='ltr'>Imperator</span> <span class='ocrx_word' id='word_1_146' title='bbox 934 2698 970 2748; x_wconf 86' lang='lat' dir='ltr'>l’</span> <span class='ocrx_word' id='word_1_147' title='bbox 1011 2697 1123 2757; x_wconf 84' lang='lat' dir='ltr'>sed,</span> <span class='ocrx_word' id='word_1_148' title='bbox 1157 2698 1221 2750; x_wconf 88' lang='lat' dir='ltr'>ad</span> <span class='ocrx_word' id='word_1_149' title='bbox 1244 2700 1455 2753; x_wconf 81' lang='lat' dir='ltr'>Jovem.</span> 
     </span>
    </p>
   </div>
   <div class='ocr_carea' id='block_1_5' title="bbox 337 2768 1455 2843">
    <p class='ocr_par' dir='ltr' id='par_1_8' title="bbox 337 2768 1455 2843">
     <span class='ocr_line' id='line_1_30' title="bbox 337 2768 1455 2843; baseline 0.01 -26"><span class='ocrx_word' id='word_1_150' title='bbox 337 2790 340 2801; x_wconf 93' lang='lat'>·</span> <span class='ocrx_word' id='word_1_151' title='bbox 387 2768 547 2834; x_wconf 84' lang='lat' dir='ltr'>Cujus</span> <span class='ocrx_word' id='word_1_152' title='bbox 569 2773 644 2823; x_wconf 84' lang='lat' dir='ltr'>rei</span> <span class='ocrx_word' id='word_1_153' title='bbox 669 2775 981 2825; x_wconf 82' lang='lat' dir='ltr'>mentionem</span> <span class='ocrx_word' id='word_1_154' title='bbox 1010 2775 1124 2840; x_wconf 81' lang='lat' dir='ltr'>jam</span> <span class='ocrx_word' id='word_1_155' title='bbox 1146 2791 1308 2843; x_wconf 83' lang='lat' dir='ltr'>supra</span> <span class='ocrx_word' id='word_1_156' title='bbox 1327 2775 1455 2828; x_wconf 84' lang='lat' dir='ltr'>fecit</span> 
     </span>
    </p>
   </div>
   <div class='ocr_carea' id='block_1_6' title="bbox 341 2845 1455 4377">
    <p class='ocr_par' dir='ltr' id='par_1_9' title="bbox 377 2845 1455 3901">
     <span class='ocr_line' id='line_1_31' title="bbox 384 2845 1455 2918; baseline 0.005 -21"><span class='ocrx_word' id='word_1_157' title='bbox 384 2845 525 2897; x_wconf 81' lang='lat' dir='ltr'>Plin.</span> <span class='ocrx_word' id='word_1_158' title='bbox 541 2861 595 2897; x_wconf 84' lang='lat' dir='ltr'>v.</span> <span class='ocrx_word' id='word_1_159' title='bbox 615 2853 665 2901; x_wconf 91' lang='grc'>4.</span> <span class='ocrx_word' id='word_1_160' title='bbox 688 2858 743 2900; x_wconf 88' lang='lat' dir='ltr'>et</span> <span class='ocrx_word' id='word_1_161' title='bbox 773 2862 943 2902; x_wconf 81' lang='lat' dir='ltr'>xxm.</span> <span class='ocrx_word' id='word_1_162' title='bbox 962 2854 1012 2902; x_wconf 93' lang='grc'>4.</span> <span class='ocrx_word' id='word_1_163' title='bbox 1059 2851 1181 2902; x_wconf 85' lang='lat' dir='ltr'>Hoc</span> <span class='ocrx_word' id='word_1_164' title='bbox 1206 2852 1455 2918; x_wconf 85' lang='lat' dir='ltr'>deinceps</span> 
     </span>
     <span class='ocr_line' id='line_1_32' title="bbox 383 2926 1453 2994; baseline 0.009 -23"><span class='ocrx_word' id='word_1_165' title='bbox 383 2936 589 2973; x_wconf 71' lang='lat' dir='ltr'>versum</span> <span class='ocrx_word' id='word_1_166' title='bbox 625 2933 709 2976; x_wconf 83' lang='lat' dir='ltr'>est</span> <span class='ocrx_word' id='word_1_167' title='bbox 743 2926 795 2975; x_wconf 88' lang='lat' dir='ltr'>in</span> <span class='ocrx_word' id='word_1_168' title='bbox 829 2941 1000 2991; x_wconf 77' lang='lat' dir='ltr'>otuen,</span> <span class='ocrx_word' id='word_1_169' title='bbox 1022 2935 1078 2978; x_wconf 87' lang='lat' dir='ltr'>et</span> <span class='ocrx_word' id='word_1_170' title='bbox 1112 2928 1261 2994; x_wconf 86' lang='lat' dir='ltr'>qnasi</span> <span class='ocrx_word' id='word_1_171' title='bbox 1295 2944 1453 2994; x_wconf 85' lang='lat' dir='ltr'>augu-</span> 
     </span>
     <span class='ocr_line' id='line_1_33' title="bbox 382 2998 1455 3069; baseline 0.01 -23"><span class='ocrx_word' id='word_1_172' title='bbox 382 2998 537 3055; x_wconf 80' lang='lat' dir='ltr'>rium,</span> <span class='ocrx_word' id='word_1_173' title='bbox 560 3014 663 3064; x_wconf 89' lang='lat' dir='ltr'>quo</span> <span class='ocrx_word' id='word_1_174' title='bbox 698 3000 952 3053; x_wconf 82' lang='lat' dir='ltr'>divinitus</span> <span class='ocrx_word' id='word_1_175' title='bbox 985 3004 1058 3054; x_wconf 89' lang='lat' dir='ltr'>sit</span> <span class='ocrx_word' id='word_1_176' title='bbox 1083 3005 1455 3069; x_wconf 78' lang='lat' dir='ltr'>significatum,</span> 
     </span>
     <span class='ocr_line' id='line_1_34' title="bbox 380 3075 1452 3146; baseline 0.007 -21"><span class='ocrx_word' id='word_1_177' title='bbox 380 3075 660 3141; x_wconf 79' lang='lat' dir='ltr'>Trajauum</span> <span class='ocrx_word' id='word_1_178' title='bbox 703 3077 820 3130; x_wconf 84' lang='lat' dir='ltr'>fore</span> <span class='ocrx_word' id='word_1_179' title='bbox 868 3080 1256 3146; x_wconf 76' lang='lat' dir='ltr'>imperatorem.</span> <span class='ocrx_word' id='word_1_180' title='bbox 1321 3084 1452 3133; x_wconf 85' lang='lat' dir='ltr'>Erat</span> 
     </span>
     <span class='ocr_line' id='line_1_35' title="bbox 381 3157 1453 3222; baseline 0.006 -19"><span class='ocrx_word' id='word_1_181' title='bbox 381 3167 530 3211; x_wconf 83' lang='lat' dir='ltr'>vero,</span> <span class='ocrx_word' id='word_1_182' title='bbox 586 3163 782 3218; x_wconf 85' lang='lat' dir='ltr'>praeter</span> <span class='ocrx_word' id='word_1_183' title='bbox 832 3157 1024 3209; x_wconf 78' lang='lat' dir='ltr'>Jovem</span> <span class='ocrx_word' id='word_1_184' title='bbox 1079 3158 1453 3222; x_wconf 82' lang='lat' dir='ltr'>Capitolinum,</span> 
     </span>
     <span class='ocr_line' id='line_1_36' title="bbox 380 3224 1453 3302; baseline 0.007 -21"><span class='ocrx_word' id='word_1_185' title='bbox 380 3224 543 3281; x_wconf 72' lang='lat' dir='ltr'>etlam</span> <span class='ocrx_word' id='word_1_186' title='bbox 573 3233 906 3285; x_wconf 68' lang='lat' dir='ltr'>simulacrum</span> <span class='ocrx_word' id='word_1_187' title='bbox 931 3236 1083 3288; x_wconf 82' lang='lat' dir='ltr'>Jovis</span> <span class='ocrx_word' id='word_1_188' title='bbox 1113 3236 1453 3302; x_wconf 82' lang='lat' dir='ltr'>Imperatoris</span> 
     </span>
     <span class='ocr_line' id='line_1_37' title="bbox 378 3307 1450 3375; baseline 0.009 -18"><span class='ocrx_word' id='word_1_189' title='bbox 378 3308 438 3358; x_wconf 87' lang='lat' dir='ltr'>in</span> <span class='ocrx_word' id='word_1_190' title='bbox 459 3307 742 3375; x_wconf 85' lang='lat' dir='ltr'>Capitolio,</span> <span class='ocrx_word' id='word_1_191' title='bbox 774 3312 913 3375; x_wconf 84' lang='lat' dir='ltr'>apud</span> <span class='ocrx_word' id='word_1_192' title='bbox 944 3312 1302 3364; x_wconf 68' lang='lat' dir='ltr'>Praenestinos</span> <span class='ocrx_word' id='word_1_193' title='bbox 1327 3314 1450 3367; x_wconf 74' lang='lat' dir='ltr'>olim</span> 
     </span>
     <span class='ocr_line' id='line_1_38' title="bbox 379 3388 1450 3456; baseline 0.006 -19"><span class='ocrx_word' id='word_1_194' title='bbox 379 3388 600 3450; x_wconf 90' lang='lat' dir='ltr'>cultum,</span> <span class='ocrx_word' id='word_1_195' title='bbox 634 3389 794 3454; x_wconf 85' lang='lat' dir='ltr'>quod,</span> <span class='ocrx_word' id='word_1_196' title='bbox 829 3396 990 3454; x_wconf 83' lang='lat' dir='ltr'>capto</span> <span class='ocrx_word' id='word_1_197' title='bbox 1023 3391 1200 3456; x_wconf 86' lang='lat' dir='ltr'>opido.</span> <span class='ocrx_word' id='word_1_198' title='bbox 1232 3392 1450 3443; x_wconf 77' lang='lat' dir='ltr'>Romam</span> 
     </span>
     <span class='ocr_line' id='line_1_39' title="bbox 379 3463 1452 3534; baseline 0.006 -19"><span class='ocrx_word' id='word_1_199' title='bbox 379 3463 575 3516; x_wconf 80' lang='lat' dir='ltr'>detulit</span> <span class='ocrx_word' id='word_1_200' title='bbox 592 3466 855 3522; x_wconf 82' lang='lat' dir='ltr'>Quintius,</span> <span class='ocrx_word' id='word_1_201' title='bbox 874 3473 929 3517; x_wconf 85' lang='lat' dir='ltr'>et</span> <span class='ocrx_word' id='word_1_202' title='bbox 948 3466 1249 3521; x_wconf 82' lang='lat' dir='ltr'>dedicatum</span> <span class='ocrx_word' id='word_1_203' title='bbox 1277 3470 1452 3534; x_wconf 84' lang='lat' dir='ltr'>posuit</span> 
     </span>
     <span class='ocr_line' id='line_1_40' title="bbox 378 3538 1451 3606; baseline 0.007 -18"><span class='ocrx_word' id='word_1_204' title='bbox 378 3538 520 3589; x_wconf 87' lang='lat' dir='ltr'>inter</span> <span class='ocrx_word' id='word_1_205' title='bbox 547 3541 734 3590; x_wconf 87' lang='lat' dir='ltr'>cellam</span> <span class='ocrx_word' id='word_1_206' title='bbox 751 3540 905 3593; x_wconf 63' lang='grc' dir='ltr'><strong>δοιὼ</strong></span> <span class='ocrx_word' id='word_1_207' title='bbox 927 3556 990 3593; x_wconf 87' lang='lat' dir='ltr'>ac</span> <span class='ocrx_word' id='word_1_208' title='bbox 1012 3543 1294 3606; x_wconf 63' lang='lat' dir='ltr'>Minerva,</span> <span class='ocrx_word' id='word_1_209' title='bbox 1314 3545 1451 3597; x_wconf 86' lang='lat' dir='ltr'>refe·</span> 
     </span>
     <span class='ocr_line' id='line_1_41' title="bbox 380 3618 1452 3673; baseline 0.003 -5"><span class='ocrx_word' id='word_1_210' title='bbox 380 3625 534 3668; x_wconf 87' lang='lat' dir='ltr'>rente</span> <span class='ocrx_word' id='word_1_211' title='bbox 570 3618 683 3669; x_wconf 86' lang='lat' dir='ltr'>Liv.</span> <span class='ocrx_word' id='word_1_212' title='bbox 710 3632 791 3669; x_wconf 76' lang='lat' dir='ltr'>vt.</span> <span class='ocrx_word' id='word_1_213' title='bbox 814 3621 897 3669; x_wconf 74' lang='lat'>20.</span> <span class='ocrx_word' id='word_1_214' title='bbox 964 3619 1137 3670; x_wconf 86' lang='lat' dir='ltr'>Etiam</span> <span class='ocrx_word' id='word_1_215' title='bbox 1163 3620 1275 3671; x_wconf 86' lang='lat' dir='ltr'>Cic.</span> <span class='ocrx_word' id='word_1_216' title='bbox 1297 3623 1452 3673; x_wconf 75' lang='lat' dir='ltr'>Verr-</span> 
     </span>
     <span class='ocr_line' id='line_1_42' title="bbox 378 3695 1449 3762; baseline 0.007 -18"><span class='ocrx_word' id='word_1_217' title='bbox 378 3707 458 3744; x_wconf 78' lang='lat' dir='ltr'>tv.</span> <span class='ocrx_word' id='word_1_218' title='bbox 478 3699 958 3760; x_wconf 41' lang='lat' dir='ltr'>582commem0rat</span> <span class='ocrx_word' id='word_1_219' title='bbox 982 3695 1083 3747; x_wconf 88' lang='lat' dir='ltr'>tria</span> <span class='ocrx_word' id='word_1_220' title='bbox 1103 3696 1250 3749; x_wconf 81' lang='lat' dir='ltr'>Jovis</span> <span class='ocrx_word' id='word_1_221' title='bbox 1275 3697 1449 3762; x_wconf 76' lang='lat' dir='ltr'>Impe-</span> 
     </span>
     <span class='ocr_line' id='line_1_43' title="bbox 378 3772 1447 3841; baseline 0.006 -20"><span class='ocrx_word' id='word_1_222' title='bbox 378 3773 573 3823; x_wconf 87' lang='lat' dir='ltr'>ratoris</span> <span class='ocrx_word' id='word_1_223' title='bbox 606 3774 755 3837; x_wconf 79' lang='lat' dir='ltr'>sigua</span> <span class='ocrx_word' id='word_1_224' title='bbox 788 3774 840 3823; x_wconf 91' lang='lat' dir='ltr'>iu</span> <span class='ocrx_word' id='word_1_225' title='bbox 874 3772 1003 3824; x_wconf 87' lang='lat' dir='ltr'>orbe</span> <span class='ocrx_word' id='word_1_226' title='bbox 1039 3780 1297 3825; x_wconf 88' lang='lat' dir='ltr'>terrarum</span> <span class='ocrx_word' id='word_1_227' title='bbox 1337 3777 1447 3841; x_wconf 84' lang='lat' dir='ltr'>pul·</span> 
     </span>
     <span class='ocr_line' id='line_1_44' title="bbox 377 3849 1100 3901; baseline 0.001 -2"><span class='ocrx_word' id='word_1_228' title='bbox 377 3849 636 3900; x_wconf 78' lang='lat' dir='ltr'>cherrime</span> <span class='ocrx_word' id='word_1_229' title='bbox 653 3849 819 3901; x_wconf 80' lang='lat' dir='ltr'>facta.</span> <span class='ocrx_word' id='word_1_230' title='bbox 853 3849 1100 3900; x_wconf 67' lang='lat' dir='ltr'>Solem</span> 
     </span>
    </p>

    <p class='ocr_par' dir='ltr' id='par_1_10' title="bbox 374 3925 1447 4377">
     <span class='ocr_line' id='line_1_45' title="bbox 449 3925 1447 3992; baseline 0.005 -16"><span class='ocrx_word' id='word_1_231' title='bbox 449 3926 551 3978; x_wconf 74' lang='lat' dir='ltr'>Tuo</span> <span class='ocrx_word' id='word_1_232' title='bbox 571 3926 783 3991; x_wconf 74' lang='lat' dir='ltr'>nomiae]</span> <span class='ocrx_word' id='word_1_233' title='bbox 831 3930 848 3957; x_wconf 90' lang='lat'>‘</span> <span class='ocrx_word' id='word_1_234' title='bbox 874 3927 1219 3992; x_wconf 83' lang='lat' dir='ltr'>Imperatoris</span> <span class='ocrx_word' id='word_1_235' title='bbox 1238 3925 1254 3948; x_wconf 87' lang='lat'>’</span> <span class='ocrx_word' id='word_1_236' title='bbox 1290 3927 1447 3981; x_wconf 84' lang='lat' dir='ltr'>Cata·</span> 
     </span>
     <span class='ocr_line' id='line_1_46' title="bbox 377 4001 1445 4068; baseline 0.002 -15"><span class='ocrx_word' id='word_1_237' title='bbox 377 4017 553 4059; x_wconf 74' lang='lat' dir='ltr'>noeus</span> <span class='ocrx_word' id='word_1_238' title='bbox 565 4004 815 4068; x_wconf 79' lang='lat' dir='ltr'>exponit3</span> <span class='ocrx_word' id='word_1_239' title='bbox 858 4017 976 4054; x_wconf 83' lang='lat' dir='ltr'>nam</span> <span class='ocrx_word' id='word_1_240' title='bbox 1010 4001 1201 4061; x_wconf 81' lang='lat' dir='ltr'>Jovem</span> <span class='ocrx_word' id='word_1_241' title='bbox 1241 4004 1309 4055; x_wconf 86' lang='lat' dir='ltr'>ab</span> <span class='ocrx_word' id='word_1_242' title='bbox 1345 4005 1445 4057; x_wconf 86' lang='lat' dir='ltr'>Or-</span> 
     </span>
     <span class='ocr_line' id='line_1_47' title="bbox 378 4079 1444 4145; baseline 0.003 -17"><span class='ocrx_word' id='word_1_243' title='bbox 378 4079 515 4144; x_wconf 85' lang='lat' dir='ltr'>pbeo</span> <span class='ocrx_word' id='word_1_244' title='bbox 535 4085 881 4144; x_wconf 70' lang='lat' dir='ltr'>cognomento</span> <span class='ocrx_word' id='word_1_245' title='bbox 909 4079 1045 4142; x_wconf 69' lang='lat' dir='ltr'>regis</span> <span class='ocrx_word' id='word_1_246' title='bbox 1076 4088 1132 4130; x_wconf 80' lang='lat' dir='ltr'>et</span> <span class='ocrx_word' id='word_1_247' title='bbox 1159 4079 1444 4145; x_wconf 87' lang='lat' dir='ltr'>imperato·</span> 
     </span>
     <span class='ocr_line' id='line_1_48' title="bbox 376 4156 1445 4222; baseline 0.002 -14"><span class='ocrx_word' id='word_1_248' title='bbox 376 4158 450 4208; x_wconf 83' lang='lat' dir='ltr'>ris</span> <span class='ocrx_word' id='word_1_249' title='bbox 469 4159 665 4209; x_wconf 85' lang='lat' dir='ltr'>ornari.</span> <span class='ocrx_word' id='word_1_250' title='bbox 717 4159 830 4222; x_wconf 75' lang='lat' dir='ltr'>Ego</span> <span class='ocrx_word' id='word_1_251' title='bbox 870 4156 1058 4221; x_wconf 74' lang='lat' dir='ltr'>Optimi</span> <span class='ocrx_word' id='word_1_252' title='bbox 1089 4158 1304 4208; x_wconf 73' lang='lat' dir='ltr'>Maximi</span> <span class='ocrx_word' id='word_1_253' title='bbox 1337 4173 1445 4210; x_wconf 82' lang='lat' dir='ltr'>ma·</span> 
     </span>
     <span class='ocr_line' id='line_1_49' title="bbox 374 4219 1445 4302; baseline 0.001 -19"><span class='ocrx_word' id='word_1_254' title='bbox 374 4234 486 4286; x_wconf 84' lang='lat' dir='ltr'>lim.</span> <span class='ocrx_word' id='word_1_255' title='bbox 539 4235 725 4299; x_wconf 84' lang='lat' dir='ltr'>Supra,</span> <span class='ocrx_word' id='word_1_256' title='bbox 756 4219 1056 4296; x_wconf 58' lang='lat' dir='ltr'>‘Siquidem</span> <span class='ocrx_word' id='word_1_257' title='bbox 1079 4235 1244 4285; x_wconf 81' lang='lat' dir='ltr'>omnis</span> <span class='ocrx_word' id='word_1_258' title='bbox 1269 4236 1445 4302; x_wconf 87' lang='lat' dir='ltr'>turba,</span> 
     </span>
     <span class='ocr_line' id='line_1_50' title="bbox 341 4308 1445 4377; baseline 0.002 -15.071"><span class='ocrx_word' id='word_1_259' title='bbox 341 4322 498 4377; x_wconf 63' lang='lat' dir='ltr'>qun</span> <span class='ocrx_word' id='word_1_260' title='bbox 536 4312 694 4363; x_wconf 83' lang='lat' dir='ltr'>limen</span> <span class='ocrx_word' id='word_1_261' title='bbox 728 4309 1014 4369; x_wconf 79' lang='lat' dir='ltr'>insederat,</span> <span class='ocrx_word' id='word_1_262' title='bbox 1050 4308 1118 4365; x_wconf 86' lang='lat' dir='ltr'>ad</span> <span class='ocrx_word' id='word_1_263' title='bbox 1157 4310 1445 4377; x_wconf 70' lang='lat' dir='ltr'>ingressum</span> 
     </span>
    </p>
   </div>
   <div class='ocr_carea' id='block_1_7' title="bbox 1525 538 2671 3450">
    <p class='ocr_par' dir='ltr' id='par_1_11' title="bbox 1534 538 2671 1285">
     <span class='ocr_line' id='line_1_51' title="bbox 1541 538 2609 605; baseline -0.001 -14"><span class='ocrx_word' id='word_1_264' title='bbox 1541 544 1688 591; x_wconf 85' lang='lat' dir='ltr'>tuum</span> <span class='ocrx_word' id='word_1_265' title='bbox 1710 538 1911 591; x_wconf 77' lang='lat' dir='ltr'>foribus</span> <span class='ocrx_word' id='word_1_266' title='bbox 1929 538 2171 602; x_wconf 83' lang='lat' dir='ltr'>reclusis,</span> <span class='ocrx_word' id='word_1_267' title='bbox 2184 538 2274 590; x_wconf 84' lang='lat' dir='ltr'>illa</span> <span class='ocrx_word' id='word_1_268' title='bbox 2297 538 2527 605; x_wconf 88' lang='lat' dir='ltr'>quidem,</span> <span class='ocrx_word' id='word_1_269' title='bbox 2548 545 2609 590; x_wconf 91' lang='lat' dir='ltr'>ut</span> 
     </span>
     <span class='ocr_line' id='line_1_52' title="bbox 1538 616 2609 678; baseline -0.002 -11"><span class='ocrx_word' id='word_1_270' title='bbox 1538 622 1666 668; x_wconf 84' lang='lat' dir='ltr'>tunc</span> <span class='ocrx_word' id='word_1_271' title='bbox 1698 616 2070 678; x_wconf 88' lang='lat' dir='ltr'>arbitrabatur,</span> <span class='ocrx_word' id='word_1_272' title='bbox 2116 616 2309 674; x_wconf 81' lang='lat' dir='ltr'>Deum,</span> <span class='ocrx_word' id='word_1_273' title='bbox 2351 621 2609 678; x_wconf 86' lang='lat' dir='ltr'>ceterum,</span> 
     </span>
     <span class='ocr_line' id='line_1_53' title="bbox 1539 692 2609 749; baseline -0.001 -6"><span class='ocrx_word' id='word_1_274' title='bbox 1539 701 1597 744; x_wconf 88' lang='lat' dir='ltr'>ut</span> <span class='ocrx_word' id='word_1_275' title='bbox 1620 692 1801 744; x_wconf 85' lang='lat' dir='ltr'>docuit</span> <span class='ocrx_word' id='word_1_276' title='bbox 1822 700 2060 749; x_wconf 79' lang='lat' dir='ltr'>eventus.</span> <span class='ocrx_word' id='word_1_277' title='bbox 2076 698 2130 743; x_wconf 90' lang='lat' dir='ltr'>te</span> <span class='ocrx_word' id='word_1_278' title='bbox 2149 692 2498 744; x_wconf 83' lang='lat' dir='ltr'>consalutavit</span> <span class='ocrx_word' id='word_1_279' title='bbox 2513 692 2609 742; x_wconf 87' lang='lat' dir='ltr'>im·</span> 
     </span>
     <span class='ocr_line' id='line_1_54' title="bbox 1539 760 2610 836; baseline -0.004 -15"><span class='ocrx_word' id='word_1_280' title='bbox 1539 760 1876 836; x_wconf 60' lang='lat' dir='ltr'>peratorem?</span> <span class='ocrx_word' id='word_1_281' title='bbox 1928 770 2091 820; x_wconf 88' lang='lat' dir='ltr'>Error</span> <span class='ocrx_word' id='word_1_282' title='bbox 2105 769 2267 834; x_wconf 74' lang='lat' dir='ltr'>igitur</span> <span class='ocrx_word' id='word_1_283' title='bbox 2289 768 2474 833; x_wconf 86' lang='lat' dir='ltr'>plebis,</span> <span class='ocrx_word' id='word_1_284' title='bbox 2497 769 2610 834; x_wconf 88' lang='lat' dir='ltr'>opi·</span> 
     </span>
     <span class='ocr_line' id='line_1_55' title="bbox 1538 846 2605 913; baseline -0.002 -16"><span class='ocrx_word' id='word_1_285' title='bbox 1538 860 1653 913; x_wconf 87' lang='lat' dir='ltr'>nor,</span> <span class='ocrx_word' id='word_1_286' title='bbox 1688 846 1965 912; x_wconf 79' lang='lat' dir='ltr'>Trajauum</span> <span class='ocrx_word' id='word_1_287' title='bbox 2004 846 2277 910; x_wconf 84' lang='lat' dir='ltr'>Optimum</span> <span class='ocrx_word' id='word_1_288' title='bbox 2316 846 2605 896; x_wconf 78' lang='lat' dir='ltr'>Maximum</span> 
     </span>
     <span class='ocr_line' id='line_1_56' title="bbox 1535 923 2671 987; baseline -0.002 -12"><span class='ocrx_word' id='word_1_289' title='bbox 1535 925 1835 987; x_wconf 87' lang='lat' dir='ltr'>salutantis,</span> <span class='ocrx_word' id='word_1_290' title='bbox 1874 938 1995 975; x_wconf 89' lang='lat' dir='ltr'>cum</span> <span class='ocrx_word' id='word_1_291' title='bbox 2050 924 2240 976; x_wconf 79' lang='lat' dir='ltr'>Jorem</span> <span class='ocrx_word' id='word_1_292' title='bbox 2288 923 2506 973; x_wconf 81' lang='lat' dir='ltr'>haberet</span> <span class='ocrx_word' id='word_1_293' title='bbox 2549 923 2606 974; x_wconf 89' lang='lat' dir='ltr'>iu</span> <span class='ocrx_word' id='word_1_294' title='bbox 2667 976 2671 981; x_wconf 62' lang='grc'>,</span> 
     </span>
     <span class='ocr_line' id='line_1_57' title="bbox 1537 998 2608 1065; baseline -0.006 -12"><span class='ocrx_word' id='word_1_295' title='bbox 1537 1010 1734 1060; x_wconf 88' lang='lat' dir='ltr'>mente,</span> <span class='ocrx_word' id='word_1_296' title='bbox 1781 1007 1840 1051; x_wconf 89' lang='lat' dir='ltr'>ut</span> <span class='ocrx_word' id='word_1_297' title='bbox 1881 1014 2033 1050; x_wconf 88' lang='lat' dir='ltr'>omen</span> <span class='ocrx_word' id='word_1_298' title='bbox 2076 998 2335 1065; x_wconf 75' lang='lat' dir='ltr'>quoddam</span> <span class='ocrx_word' id='word_1_299' title='bbox 2378 998 2608 1062; x_wconf 83' lang='lat' dir='ltr'>imperii,</span> 
     </span>
     <span class='ocr_line' id='line_1_58' title="bbox 1536 1075 2607 1147; baseline -0.006 -16"><span class='ocrx_word' id='word_1_300' title='bbox 1536 1080 1676 1147; x_wconf 85' lang='lat' dir='ltr'>qnod</span> <span class='ocrx_word' id='word_1_301' title='bbox 1700 1079 1748 1131; x_wconf 88' lang='lat' dir='ltr'>ei</span> <span class='ocrx_word' id='word_1_302' title='bbox 1766 1078 2079 1145; x_wconf 86' lang='lat' dir='ltr'>quandoque</span> <span class='ocrx_word' id='word_1_303' title='bbox 2098 1075 2396 1139; x_wconf 74' lang='lat' dir='ltr'>deberetur,</span> <span class='ocrx_word' id='word_1_304' title='bbox 2413 1090 2607 1141; x_wconf 75' lang='lat' dir='ltr'>excep-</span> 
     </span>
     <span class='ocr_line' id='line_1_59' title="bbox 1535 1153 2606 1219; baseline -0.005 -10"><span class='ocrx_word' id='word_1_305' title='bbox 1535 1164 1642 1209; x_wconf 86' lang='lat' dir='ltr'>tus.</span> <span class='ocrx_word' id='word_1_306' title='bbox 1710 1154 1861 1208; x_wconf 86' lang='lat' dir='ltr'>Adeo</span> <span class='ocrx_word' id='word_1_307' title='bbox 1882 1162 1898 1187; x_wconf 76' lang='lat'>⁸</span> <span class='ocrx_word' id='word_1_308' title='bbox 1921 1156 2077 1219; x_wconf 75' lang='lat' dir='ltr'>Saepe</span> <span class='ocrx_word' id='word_1_309' title='bbox 2106 1153 2274 1217; x_wconf 84' lang='lat' dir='ltr'>ipsum</span> <span class='ocrx_word' id='word_1_310' title='bbox 2298 1153 2483 1218; x_wconf 81' lang='lat' dir='ltr'>populi</span> <span class='ocrx_word' id='word_1_311' title='bbox 2510 1167 2606 1204; x_wconf 88' lang='lat' dir='ltr'>nu·</span> 
     </span>
     <span class='ocr_line' id='line_1_60' title="bbox 1534 1229 2255 1285; baseline -0.003 0"><span class='ocrx_word' id='word_1_312' title='bbox 1534 1249 1657 1285; x_wconf 85' lang='lat' dir='ltr'>men</span> <span class='ocrx_word' id='word_1_313' title='bbox 1678 1234 1732 1284; x_wconf 88' lang='lat' dir='ltr'>iu</span> <span class='ocrx_word' id='word_1_314' title='bbox 1753 1247 1844 1283; x_wconf 90' lang='lat' dir='ltr'>ore</span> <span class='ocrx_word' id='word_1_315' title='bbox 1866 1229 2056 1282; x_wconf 76' lang='lat' dir='ltr'>sonat-³</span> <span class='ocrx_word' id='word_1_316' title='bbox 2088 1230 2255 1283; x_wconf 73' lang='lat' dir='ltr'>Livia.</span> 
     </span>
    </p>

    <p class='ocr_par' dir='ltr' id='par_1_12' title="bbox 1530 1307 2607 1840">
     <span class='ocr_line' id='line_1_61' title="bbox 1604 1307 2603 1373; baseline -0.002 -13"><span class='ocrx_word' id='word_1_317' title='bbox 1604 1312 1705 1361; x_wconf 72' lang='lat' dir='ltr'>Tuo</span> <span class='ocrx_word' id='word_1_318' title='bbox 1725 1307 1932 1371; x_wconf 66' lang='lat' dir='ltr'>aoniae]</span> <span class='ocrx_word' id='word_1_319' title='bbox 1964 1307 2323 1372; x_wconf 74' lang='lat' dir='ltr'>Imperatoris,</span> <span class='ocrx_word' id='word_1_320' title='bbox 2355 1315 2416 1358; x_wconf 89' lang='lat' dir='ltr'>nt</span> <span class='ocrx_word' id='word_1_321' title='bbox 2437 1307 2603 1373; x_wconf 81' lang='lat' dir='ltr'>expli·</span> 
     </span>
     <span class='ocr_line' id='line_1_62' title="bbox 1534 1384 2605 1453; baseline -0.005 -13"><span class='ocrx_word' id='word_1_322' title='bbox 1534 1388 1651 1440; x_wconf 83' lang='lat' dir='ltr'>cavi</span> <span class='ocrx_word' id='word_1_323' title='bbox 1671 1387 1767 1439; x_wconf 84' lang='lat' dir='ltr'>sub</span> <span class='ocrx_word' id='word_1_324' title='bbox 1785 1386 1988 1453; x_wconf 82' lang='lat' dir='ltr'>initium</span> <span class='ocrx_word' id='word_1_325' title='bbox 2012 1400 2026 1435; x_wconf 69' lang='grc' dir='ltr'><strong>ε</strong></span> <span class='ocrx_word' id='word_1_326' title='bbox 2058 1391 2074 1415; x_wconf 79' lang='lat'>‘</span> <span class='ocrx_word' id='word_1_327' title='bbox 2092 1384 2276 1435; x_wconf 87' lang='lat' dir='ltr'>Omnis</span> <span class='ocrx_word' id='word_1_328' title='bbox 2298 1384 2475 1448; x_wconf 86' lang='lat' dir='ltr'>turba,</span> <span class='ocrx_word' id='word_1_329' title='bbox 2489 1398 2605 1448; x_wconf 68' lang='lat' dir='ltr'>qun</span> 
     </span>
     <span class='ocr_line' id='line_1_63' title="bbox 1530 1461 2605 1523; baseline -0.005 -9"><span class='ocrx_word' id='word_1_330' title='bbox 1530 1464 1690 1515; x_wconf 86' lang='lat' dir='ltr'>limen</span> <span class='ocrx_word' id='word_1_331' title='bbox 1728 1464 2018 1523; x_wconf 75' lang='lat' dir='ltr'>insederat,</span> <span class='ocrx_word' id='word_1_332' title='bbox 2056 1468 2111 1511; x_wconf 84' lang='lat' dir='ltr'>te</span> <span class='ocrx_word' id='word_1_333' title='bbox 2146 1461 2489 1512; x_wconf 80' lang='lat' dir='ltr'>consalutavit</span> <span class='ocrx_word' id='word_1_334' title='bbox 2510 1461 2605 1510; x_wconf 86' lang='lat' dir='ltr'>im—</span> 
     </span>
     <span class='ocr_line' id='line_1_64' title="bbox 1535 1538 2606 1607; baseline -0.003 -15"><span class='ocrx_word' id='word_1_335' title='bbox 1535 1540 1866 1607; x_wconf 63' lang='lat' dir='ltr'>peratorem!</span> <span class='ocrx_word' id='word_1_336' title='bbox 1932 1541 2001 1590; x_wconf 89' lang='lat' dir='ltr'>Et</span> <span class='ocrx_word' id='word_1_337' title='bbox 2026 1539 2242 1603; x_wconf 84' lang='lat' dir='ltr'>Jupiter</span> <span class='ocrx_word' id='word_1_338' title='bbox 2261 1538 2606 1590; x_wconf 88' lang='lat' dir='ltr'>communiter</span> 
     </span>
     <span class='ocr_line' id='line_1_65' title="bbox 1533 1615 2607 1683; baseline -0.003 -15"><span class='ocrx_word' id='word_1_339' title='bbox 1533 1619 1611 1668; x_wconf 81' lang='lat' dir='ltr'>sic</span> <span class='ocrx_word' id='word_1_340' title='bbox 1634 1617 2014 1683; x_wconf 74' lang='lat' dir='ltr'>agnominatus.</span> <span class='ocrx_word' id='word_1_341' title='bbox 2067 1615 2307 1677; x_wconf 81' lang='lat' dir='ltr'>Plautus,</span> <span class='ocrx_word' id='word_1_342' title='bbox 2339 1620 2354 1645; x_wconf 90' lang='lat'>‘</span> <span class='ocrx_word' id='word_1_343' title='bbox 2379 1615 2485 1669; x_wconf 82' lang='lat' dir='ltr'>Qui</span> <span class='ocrx_word' id='word_1_344' title='bbox 2522 1620 2607 1665; x_wconf 85' lang='lat' dir='ltr'>e&#39;st</span> 
     </span>
     <span class='ocr_line' id='line_1_66' title="bbox 1534 1694 2604 1763; baseline -0.004 -15"><span class='ocrx_word' id='word_1_345' title='bbox 1534 1698 1818 1763; x_wconf 87' lang='lat' dir='ltr'>imperator</span> <span class='ocrx_word' id='word_1_346' title='bbox 1841 1696 2036 1746; x_wconf 83' lang='lat' dir='ltr'>Divum</span> <span class='ocrx_word' id='word_1_347' title='bbox 2056 1704 2215 1761; x_wconf 86' lang='lat' dir='ltr'>atque</span> <span class='ocrx_word' id='word_1_348' title='bbox 2233 1694 2492 1744; x_wconf 86' lang='lat' dir='ltr'>hominum</span> <span class='ocrx_word' id='word_1_349' title='bbox 2507 1694 2604 1746; x_wconf 82' lang='lat' dir='ltr'>Ju-</span> 
     </span>
     <span class='ocr_line' id='line_1_67' title="bbox 1532 1772 1874 1840; baseline 0 -16"><span class='ocrx_word' id='word_1_350' title='bbox 1532 1772 1711 1840; x_wconf 76' lang='lat' dir='ltr'>piter-³</span> <span class='ocrx_word' id='word_1_351' title='bbox 1740 1772 1874 1837; x_wconf 72' lang='lat' dir='ltr'>Lipn.</span> 
     </span>
    </p>

    <p class='ocr_par' dir='ltr' id='par_1_13' title="bbox 1528 1847 2651 3150">
     <span class='ocr_line' id='line_1_68' title="bbox 1608 1847 2606 1916; baseline -0.005 -13"><span class='ocrx_word' id='word_1_352' title='bbox 1608 1851 1733 1903; x_wconf 79' lang='lat' dir='ltr'>Voce</span> <span class='ocrx_word' id='word_1_353' title='bbox 1768 1849 2107 1916; x_wconf 68' lang='lat' dir='ltr'>Imperatoris]</span> <span class='ocrx_word' id='word_1_354' title='bbox 2157 1848 2298 1899; x_wconf 86' lang='lat' dir='ltr'>Mire</span> <span class='ocrx_word' id='word_1_355' title='bbox 2332 1847 2462 1899; x_wconf 81' lang='lat' dir='ltr'>dicit</span> <span class='ocrx_word' id='word_1_356' title='bbox 2495 1847 2606 1909; x_wconf 74' lang='lat' dir='ltr'>Pu-</span> 
     </span>
     <span class='ocr_line' id='line_1_69' title="bbox 1532 1923 2604 1991; baseline -0.005 -12"><span class='ocrx_word' id='word_1_357' title='bbox 1532 1928 1670 1985; x_wconf 81' lang='lat' dir='ltr'>nius,</span> <span class='ocrx_word' id='word_1_358' title='bbox 1692 1928 1883 1980; x_wconf 85' lang='lat' dir='ltr'>Jovem</span> <span class='ocrx_word' id='word_1_359' title='bbox 1903 1934 2032 1978; x_wconf 87' lang='lat' dir='ltr'>tunc</span> <span class='ocrx_word' id='word_1_360' title='bbox 2069 1927 2321 1988; x_wconf 84' lang='lat' dir='ltr'>locutum,</span> <span class='ocrx_word' id='word_1_361' title='bbox 2340 1923 2463 1991; x_wconf 88' lang='lat' dir='ltr'>quid</span> <span class='ocrx_word' id='word_1_362' title='bbox 2487 1938 2604 1976; x_wconf 89' lang='lat' dir='ltr'>sen-</span> 
     </span>
     <span class='ocr_line' id='line_1_70' title="bbox 1532 2000 2605 2069; baseline -0.004 -13"><span class='ocrx_word' id='word_1_363' title='bbox 1532 2005 1684 2069; x_wconf 86' lang='lat' dir='ltr'>serit,</span> <span class='ocrx_word' id='word_1_364' title='bbox 1700 2006 1752 2055; x_wconf 88' lang='lat' dir='ltr'>b.</span> <span class='ocrx_word' id='word_1_365' title='bbox 1769 2019 1816 2057; x_wconf 88' lang='lat' dir='ltr'>e.</span> <span class='ocrx_word' id='word_1_366' title='bbox 1836 2005 2024 2057; x_wconf 79' lang='lat' dir='ltr'>Jovem</span> <span class='ocrx_word' id='word_1_367' title='bbox 2040 2003 2142 2054; x_wconf 81' lang='lat' dir='ltr'>hoc</span> <span class='ocrx_word' id='word_1_368' title='bbox 2163 2016 2315 2053; x_wconf 85' lang='lat' dir='ltr'>omen</span> <span class='ocrx_word' id='word_1_369' title='bbox 2341 2016 2436 2067; x_wconf 87' lang='lat' dir='ltr'>per</span> <span class='ocrx_word' id='word_1_370' title='bbox 2455 2000 2605 2067; x_wconf 68' lang='lat' dir='ltr'>signa</span> 
     </span>
     <span class='ocr_line' id='line_1_71' title="bbox 1531 2079 2606 2148; baseline -0.004 -15"><span class='ocrx_word' id='word_1_371' title='bbox 1531 2080 1856 2148; x_wconf 73' lang='lat' dir='ltr'>significasse</span> <span class='ocrx_word' id='word_1_372' title='bbox 1866 2088 2023 2147; x_wconf 88' lang='lat' dir='ltr'>atque</span> <span class='ocrx_word' id='word_1_373' title='bbox 2038 2079 2355 2144; x_wconf 71' lang='lat' dir='ltr'>declarasse,</span> <span class='ocrx_word' id='word_1_374' title='bbox 2369 2079 2606 2130; x_wconf 84' lang='lat' dir='ltr'>futurum</span> 
     </span>
     <span class='ocr_line' id='line_1_72' title="bbox 1531 2154 2606 2224; baseline -0.007 -13"><span class='ocrx_word' id='word_1_375' title='bbox 1531 2175 1666 2223; x_wconf 83' lang='lat' dir='ltr'>esse,</span> <span class='ocrx_word' id='word_1_376' title='bbox 1680 2165 1743 2211; x_wconf 89' lang='lat' dir='ltr'>ut</span> <span class='ocrx_word' id='word_1_377' title='bbox 1766 2158 2026 2224; x_wconf 80' lang='lat' dir='ltr'>Trajanns</span> <span class='ocrx_word' id='word_1_378' title='bbox 2045 2157 2112 2208; x_wconf 89' lang='lat' dir='ltr'>ad</span> <span class='ocrx_word' id='word_1_379' title='bbox 2138 2156 2489 2222; x_wconf 75' lang='lat' dir='ltr'>gubernacula</span> <span class='ocrx_word' id='word_1_380' title='bbox 2511 2154 2606 2205; x_wconf 89' lang='lat' dir='ltr'>im-</span> 
     </span>
     <span class='ocr_line' id='line_1_73' title="bbox 1534 2234 2600 2303; baseline -0.005 -14"><span class='ocrx_word' id='word_1_381' title='bbox 1534 2240 1667 2303; x_wconf 83' lang='lat' dir='ltr'>perii</span> <span class='ocrx_word' id='word_1_382' title='bbox 1686 2239 2075 2290; x_wconf 82' lang='lat' dir='ltr'>admoveretur.</span> <span class='ocrx_word' id='word_1_383' title='bbox 2131 2235 2289 2286; x_wconf 85' lang='lat' dir='ltr'>Unde</span> <span class='ocrx_word' id='word_1_384' title='bbox 2311 2234 2567 2286; x_wconf 83' lang='lat' dir='ltr'>cellarius</span> <span class='ocrx_word' id='word_1_385' title='bbox 2584 2248 2600 2284; x_wconf 72' lang='lat' dir='ltr'><em>z</em></span> 
     </span>
     <span class='ocr_line' id='line_1_74' title="bbox 1530 2311 2604 2374; baseline -0.005 -9"><span class='ocrx_word' id='word_1_386' title='bbox 1530 2318 1547 2346; x_wconf 76' lang='lat'><strong><em>⁴</em></strong></span> <span class='ocrx_word' id='word_1_387' title='bbox 1563 2317 1716 2370; x_wconf 84' lang='lat' dir='ltr'>Quod</span> <span class='ocrx_word' id='word_1_388' title='bbox 1732 2315 1885 2366; x_wconf 87' lang='lat' dir='ltr'>turba</span> <span class='ocrx_word' id='word_1_389' title='bbox 1900 2312 2162 2371; x_wconf 80' lang='lat' dir='ltr'>clamavit,</span> <span class='ocrx_word' id='word_1_390' title='bbox 2178 2311 2300 2364; x_wconf 80' lang='lat' dir='ltr'>Jovt</span> <span class='ocrx_word' id='word_1_391' title='bbox 2318 2311 2570 2362; x_wconf 83' lang='lat' dir='ltr'>tribuitur</span> <span class='ocrx_word' id='word_1_392' title='bbox 2587 2328 2604 2374; x_wconf 70' lang='grc' dir='ltr'><strong>ς</strong></span> 
     </span>
     <span class='ocr_line' id='line_1_75' title="bbox 1532 2389 2602 2457; baseline -0.003 -16"><span class='ocrx_word' id='word_1_393' title='bbox 1532 2393 1681 2457; x_wconf 76' lang='lat' dir='ltr'>qttasi</span> <span class='ocrx_word' id='word_1_394' title='bbox 1706 2392 1960 2443; x_wconf 87' lang='lat' dir='ltr'>instinctu</span> <span class='ocrx_word' id='word_1_395' title='bbox 1985 2389 2122 2439; x_wconf 84' lang='lat' dir='ltr'>illius</span> <span class='ocrx_word' id='word_1_396' title='bbox 2146 2389 2244 2440; x_wconf 85' lang='lat' dir='ltr'>boc</span> <span class='ocrx_word' id='word_1_397' title='bbox 2263 2402 2413 2439; x_wconf 85' lang='lat' dir='ltr'>omeu</span> <span class='ocrx_word' id='word_1_398' title='bbox 2439 2402 2602 2453; x_wconf 85' lang='lat' dir='ltr'>popu·</span> 
     </span>
     <span class='ocr_line' id='line_1_76' title="bbox 1530 2466 2600 2531; baseline -0.004 -11"><span class='ocrx_word' id='word_1_399' title='bbox 1530 2472 1612 2521; x_wconf 83' lang='lat' dir='ltr'>lua</span> <span class='ocrx_word' id='word_1_400' title='bbox 1637 2469 1880 2527; x_wconf 86' lang='lat' dir='ltr'>ediderit,</span> <span class='ocrx_word' id='word_1_401' title='bbox 1916 2467 2050 2525; x_wconf 84' lang='lat' dir='ltr'>fore.</span> <span class='ocrx_word' id='word_1_402' title='bbox 2083 2474 2141 2517; x_wconf 89' lang='lat' dir='ltr'>ut</span> <span class='ocrx_word' id='word_1_403' title='bbox 2174 2466 2475 2531; x_wconf 83' lang='lat' dir='ltr'>Imperator</span> <span class='ocrx_word' id='word_1_404' title='bbox 2493 2467 2600 2516; x_wconf 89' lang='lat' dir='ltr'>cla·</span> 
     </span>
     <span class='ocr_line' id='line_1_77' title="bbox 1533 2541 2601 2608; baseline -0.006 -12"><span class='ocrx_word' id='word_1_405' title='bbox 1533 2544 1800 2596; x_wconf 57' lang='lat' dir='ltr'>mai-etur?</span> <span class='ocrx_word' id='word_1_406' title='bbox 1848 2545 2172 2608; x_wconf 71' lang='lat' dir='ltr'>Quanquam</span> <span class='ocrx_word' id='word_1_407' title='bbox 2195 2542 2277 2592; x_wconf 85' lang='lat' dir='ltr'>bic</span> <span class='ocrx_word' id='word_1_408' title='bbox 2295 2555 2484 2592; x_wconf 81' lang='lat' dir='ltr'>nomen</span> <span class='ocrx_word' id='word_1_409' title='bbox 2507 2541 2601 2591; x_wconf 88' lang='lat' dir='ltr'>im·</span> 
     </span>
     <span class='ocr_line' id='line_1_78' title="bbox 1532 2619 2603 2688; baseline -0.006 -14"><span class='ocrx_word' id='word_1_410' title='bbox 1532 2623 1792 2688; x_wconf 84' lang='lat' dir='ltr'>peratoris</span> <span class='ocrx_word' id='word_1_411' title='bbox 1808 2620 1980 2687; x_wconf 81' lang='lat' dir='ltr'>potius</span> <span class='ocrx_word' id='word_1_412' title='bbox 1993 2619 2060 2669; x_wconf 86' lang='lat' dir='ltr'>de</span> <span class='ocrx_word' id='word_1_413' title='bbox 2075 2620 2407 2684; x_wconf 83' lang='lat' dir='ltr'>Imperatore</span> <span class='ocrx_word' id='word_1_414' title='bbox 2420 2620 2603 2669; x_wconf 83' lang='lat' dir='ltr'>Nerva</span> 
     </span>
     <span class='ocr_line' id='line_1_79' title="bbox 1532 2695 2602 2764; baseline -0.006 -14"><span class='ocrx_word' id='word_1_415' title='bbox 1532 2699 1787 2764; x_wconf 77' lang='lat' dir='ltr'>explicari</span> <span class='ocrx_word' id='word_1_416' title='bbox 1810 2697 2005 2762; x_wconf 82' lang='lat' dir='ltr'>possit:</span> <span class='ocrx_word' id='word_1_417' title='bbox 2042 2697 2239 2747; x_wconf 70' lang='lat' dir='ltr'>Nervae</span> <span class='ocrx_word' id='word_1_418' title='bbox 2263 2697 2398 2745; x_wconf 87' lang='lat' dir='ltr'>enim</span> <span class='ocrx_word' id='word_1_419' title='bbox 2418 2695 2602 2760; x_wconf 81' lang='lat' dir='ltr'>Traja-</span> 
     </span>
     <span class='ocr_line' id='line_1_80' title="bbox 1528 2771 2598 2840; baseline -0.007 -12"><span class='ocrx_word' id='word_1_420' title='bbox 1528 2790 1652 2827; x_wconf 83' lang='lat' dir='ltr'>num</span> <span class='ocrx_word' id='word_1_421' title='bbox 1676 2776 1730 2827; x_wconf 89' lang='lat' dir='ltr'>in</span> <span class='ocrx_word' id='word_1_422' title='bbox 1755 2772 2022 2840; x_wconf 87' lang='lat' dir='ltr'>Capitolio</span> <span class='ocrx_word' id='word_1_423' title='bbox 2035 2771 2336 2836; x_wconf 81' lang='lat' dir='ltr'>adoptantis</span> <span class='ocrx_word' id='word_1_424' title='bbox 2359 2785 2486 2822; x_wconf 87' lang='lat' dir='ltr'>voce</span> <span class='ocrx_word' id='word_1_425' title='bbox 2502 2772 2598 2824; x_wconf 82' lang='lat' dir='ltr'>Ju-</span> 
     </span>
     <span class='ocr_line' id='line_1_81' title="bbox 1534 2846 2599 2918; baseline -0.005 -15"><span class='ocrx_word' id='word_1_426' title='bbox 1534 2853 1671 2915; x_wconf 83' lang='lat' dir='ltr'>piter</span> <span class='ocrx_word' id='word_1_427' title='bbox 1692 2851 1838 2918; x_wconf 85' lang='lat' dir='ltr'>quasi</span> <span class='ocrx_word' id='word_1_428' title='bbox 1861 2851 1976 2914; x_wconf 85' lang='lat' dir='ltr'>ipae</span> <span class='ocrx_word' id='word_1_429' title='bbox 2005 2847 2212 2899; x_wconf 85' lang='lat' dir='ltr'>locutus</span> <span class='ocrx_word' id='word_1_430' title='bbox 2236 2846 2450 2904; x_wconf 83' lang='lat' dir='ltr'>dicitnr,</span> <span class='ocrx_word' id='word_1_431' title='bbox 2472 2847 2599 2913; x_wconf 87' lang='lat' dir='ltr'>qnid</span> 
     </span>
     <span class='ocr_line' id='line_1_82' title="bbox 1529 2922 2651 2990; baseline -0.006 -12"><span class='ocrx_word' id='word_1_432' title='bbox 1529 2929 1789 2990; x_wconf 82' lang='lat' dir='ltr'>senserit3</span> <span class='ocrx_word' id='word_1_433' title='bbox 1823 2927 1943 2976; x_wconf 82' lang='lat' dir='ltr'>binc</span> <span class='ocrx_word' id='word_1_434' title='bbox 1967 2924 2106 2975; x_wconf 86' lang='lat' dir='ltr'>enim</span> <span class='ocrx_word' id='word_1_435' title='bbox 2144 2923 2345 2974; x_wconf 85' lang='lat' dir='ltr'>Plinius</span> <span class='ocrx_word' id='word_1_436' title='bbox 2368 2936 2487 2972; x_wconf 78' lang='lat' dir='ltr'>mox</span> <span class='ocrx_word' id='word_1_437' title='bbox 2520 2922 2600 2972; x_wconf 87' lang='lat' dir='ltr'>di·</span> <span class='ocrx_word' id='word_1_438' title='bbox 2645 2935 2651 2941; x_wconf 92' lang='lat'>·</span> 
     </span>
     <span class='ocr_line' id='line_1_83' title="bbox 1528 2999 2596 3069; baseline -0.007 -14"><span class='ocrx_word' id='word_1_439' title='bbox 1528 3005 1620 3069; x_wconf 85' lang='lat' dir='ltr'>cit,</span> <span class='ocrx_word' id='word_1_440' title='bbox 1643 3004 1842 3055; x_wconf 80' lang='lat' dir='ltr'>‘filium</span> <span class='ocrx_word' id='word_1_441' title='bbox 1871 2999 1986 3063; x_wconf 54' lang='lat' dir='ltr'>illi?</span> <span class='ocrx_word' id='word_1_442' title='bbox 2007 3001 2042 3052; x_wconf 84' lang='lat' dir='ltr'>i.</span> <span class='ocrx_word' id='word_1_443' title='bbox 2065 3014 2113 3049; x_wconf 85' lang='lat' dir='ltr'>e.</span> <span class='ocrx_word' id='word_1_444' title='bbox 2133 2999 2437 3064; x_wconf 85' lang='lat' dir='ltr'>imperatori</span> <span class='ocrx_word' id='word_1_445' title='bbox 2461 2999 2596 3049; x_wconf 85' lang='lat' dir='ltr'>Ner-</span> 
     </span>
     <span class='ocr_line' id='line_1_84' title="bbox 1530 3076 2210 3150; baseline -0.014 -17"><span class='ocrx_word' id='word_1_446' title='bbox 1530 3098 1631 3150; x_wconf 75' lang='lat' dir='ltr'>vae,</span> <span class='ocrx_word' id='word_1_447' title='bbox 1652 3076 1931 3145; x_wconf 56' lang='lat' dir='ltr'>‘elegiam’</span> <span class='ocrx_word' id='word_1_448' title='bbox 1963 3076 2210 3128; x_wconf 66' lang='grc' dir='ltr'><strong>δοΙιιοιιικ.</strong></span> 
     </span>
    </p>

    <p class='ocr_par' dir='ltr' id='par_1_14' title="bbox 1525 3150 2597 3450">
     <span class='ocr_line' id='line_1_85' title="bbox 1592 3150 2596 3223; baseline -0.006 -16"><span class='ocrx_word' id='word_1_449' title='bbox 1592 3158 1883 3223; x_wconf 54' lang='lat' dir='ltr'>Pontificem</span> <span class='ocrx_word' id='word_1_450' title='bbox 1903 3151 2187 3216; x_wconf 66' lang='grc' dir='ltr'><strong>ιηοείηηιηι]</strong></span> <span class='ocrx_word' id='word_1_451' title='bbox 2225 3150 2329 3202; x_wconf 86' lang='lat' dir='ltr'>Hic</span> <span class='ocrx_word' id='word_1_452' title='bbox 2344 3162 2596 3203; x_wconf 84' lang='lat' dir='ltr'>summam</span> 
     </span>
     <span class='ocr_line' id='line_1_86' title="bbox 1528 3227 2596 3297; baseline -0.008 -11"><span class='ocrx_word' id='word_1_453' title='bbox 1528 3236 1582 3286; x_wconf 85' lang='lat' dir='ltr'>in</span> <span class='ocrx_word' id='word_1_454' title='bbox 1618 3235 1774 3286; x_wconf 88' lang='lat' dir='ltr'>rebus</span> <span class='ocrx_word' id='word_1_455' title='bbox 1809 3230 1970 3285; x_wconf 77' lang='lat' dir='ltr'>sacris</span> <span class='ocrx_word' id='word_1_456' title='bbox 2005 3234 2324 3295; x_wconf 81' lang='lat' dir='ltr'>potestatem</span> <span class='ocrx_word' id='word_1_457' title='bbox 2346 3227 2596 3297; x_wconf 79' lang='lat' dir='ltr'>habebat,</span> 
     </span>
     <span class='ocr_line' id='line_1_87' title="bbox 1528 3306 2597 3376; baseline -0.007 -13"><span class='ocrx_word' id='word_1_458' title='bbox 1528 3312 1680 3376; x_wconf 82' lang='lat' dir='ltr'>cujus</span> <span class='ocrx_word' id='word_1_459' title='bbox 1719 3307 2092 3366; x_wconf 84' lang='lat' dir='ltr'>sacerdotium,</span> <span class='ocrx_word' id='word_1_460' title='bbox 2128 3314 2246 3372; x_wconf 81' lang='lat' dir='ltr'>post</span> <span class='ocrx_word' id='word_1_461' title='bbox 2280 3306 2597 3371; x_wconf 84' lang='lat' dir='ltr'>Augustum,</span> 
     </span>
     <span class='ocr_line' id='line_1_88' title="bbox 1525 3380 2594 3450; baseline -0.008 -11"><span class='ocrx_word' id='word_1_462' title='bbox 1525 3402 1705 3439; x_wconf 87' lang='lat' dir='ltr'>omues</span> <span class='ocrx_word' id='word_1_463' title='bbox 1746 3391 2093 3450; x_wconf 88' lang='lat' dir='ltr'>susceperuut</span> <span class='ocrx_word' id='word_1_464' title='bbox 2129 3382 2490 3448; x_wconf 83' lang='lat' dir='ltr'>imperatores,</span> <span class='ocrx_word' id='word_1_465' title='bbox 2527 3380 2594 3431; x_wconf 88' lang='lat' dir='ltr'>ad</span> 
     </span>
    </p>
   </div>
   <div class='ocr_carea' id='block_1_8' title="bbox 1525 3457 2596 3527">
    <p class='ocr_par' dir='ltr' id='par_1_15' title="bbox 1525 3457 2596 3527">
     <span class='ocr_line' id='line_1_89' title="bbox 1525 3457 2596 3527; baseline -0.008 -12"><span class='ocrx_word' id='word_1_466' title='bbox 1525 3464 1841 3515; x_wconf 85' lang='lat' dir='ltr'>Gratianum</span> <span class='ocrx_word' id='word_1_467' title='bbox 1877 3474 2059 3527; x_wconf 83' lang='lat' dir='ltr'>usque.</span> <span class='ocrx_word' id='word_1_468' title='bbox 2122 3458 2381 3524; x_wconf 78' lang='lat' dir='ltr'>Equidem</span> <span class='ocrx_word' id='word_1_469' title='bbox 2416 3457 2596 3524; x_wconf 72' lang='lat' dir='ltr'>Traja-</span> 
     </span>
    </p>
   </div>
   <div class='ocr_carea' id='block_1_9' title="bbox 1507 3534 2595 3608">
    <p class='ocr_par' dir='ltr' id='par_1_16' title="bbox 1507 3534 2595 3608">
     <span class='ocr_line' id='line_1_90' title="bbox 1507 3534 2595 3608; baseline -0.006 -16"><span class='ocrx_word' id='word_1_470' title='bbox 1507 3557 1622 3608; x_wconf 49' lang='lat' dir='ltr'>‚nus</span> <span class='ocrx_word' id='word_1_471' title='bbox 1657 3541 1835 3592; x_wconf 85' lang='lat' dir='ltr'>statim</span> <span class='ocrx_word' id='word_1_472' title='bbox 1874 3553 1971 3603; x_wconf 87' lang='lat' dir='ltr'>per</span> <span class='ocrx_word' id='word_1_473' title='bbox 1996 3535 2334 3601; x_wconf 86' lang='lat' dir='ltr'>adoptionem</span> <span class='ocrx_word' id='word_1_474' title='bbox 2366 3541 2425 3586; x_wconf 88' lang='lat' dir='ltr'>et</span> <span class='ocrx_word' id='word_1_475' title='bbox 2456 3534 2595 3586; x_wconf 83' lang='lat' dir='ltr'>filius</span> 
     </span>
    </p>
   </div>
   <div class='ocr_carea' id='block_1_10' title="bbox 1520 3611 2597 4376">
    <p class='ocr_par' dir='ltr' id='par_1_17' title="bbox 1522 3611 2597 3986">
     <span class='ocr_line' id='line_1_91' title="bbox 1526 3611 2597 3681; baseline -0.004 -13"><span class='ocrx_word' id='word_1_476' title='bbox 1526 3618 1580 3668; x_wconf 90' lang='lat' dir='ltr'>N</span> <span class='ocrx_word' id='word_1_477' title='bbox 1584 3631 1745 3681; x_wconf 77' lang='lat' dir='ltr'>ervae,</span> <span class='ocrx_word' id='word_1_478' title='bbox 1769 3622 1826 3666; x_wconf 88' lang='lat' dir='ltr'>et</span> <span class='ocrx_word' id='word_1_479' title='bbox 1847 3614 2046 3677; x_wconf 63' lang='lat' dir='ltr'>Cesar,</span> <span class='ocrx_word' id='word_1_480' title='bbox 2064 3620 2122 3665; x_wconf 87' lang='lat' dir='ltr'>et</span> <span class='ocrx_word' id='word_1_481' title='bbox 2142 3611 2461 3677; x_wconf 86' lang='lat' dir='ltr'>Imperator,</span> <span class='ocrx_word' id='word_1_482' title='bbox 2472 3627 2597 3664; x_wconf 89' lang='lat' dir='ltr'>con·</span> 
     </span>
     <span class='ocr_line' id='line_1_92' title="bbox 1525 3689 2593 3758; baseline -0.004 -14"><span class='ocrx_word' id='word_1_483' title='bbox 1525 3706 1742 3758; x_wconf 82' lang='lat' dir='ltr'>sorsque</span> <span class='ocrx_word' id='word_1_484' title='bbox 1776 3690 2063 3743; x_wconf 60' lang='lat' dir='ltr'>tribunitia</span> <span class='ocrx_word' id='word_1_485' title='bbox 2099 3690 2400 3755; x_wconf 86' lang='lat' dir='ltr'>potestatis,</span> <span class='ocrx_word' id='word_1_486' title='bbox 2418 3689 2593 3740; x_wconf 84' lang='lat' dir='ltr'>decla·</span> 
     </span>
     <span class='ocr_line' id='line_1_93' title="bbox 1524 3765 2595 3832; baseline -0.002 -14"><span class='ocrx_word' id='word_1_487' title='bbox 1524 3775 1700 3832; x_wconf 84' lang='lat' dir='ltr'>ratus;</span> <span class='ocrx_word' id='word_1_488' title='bbox 1735 3776 1792 3820; x_wconf 86' lang='lat' dir='ltr'>at</span> <span class='ocrx_word' id='word_1_489' title='bbox 1814 3765 2176 3832; x_wconf 76' lang='lat' dir='ltr'>pontificatum</span> <span class='ocrx_word' id='word_1_490' title='bbox 2198 3765 2478 3816; x_wconf 77' lang='lat' dir='ltr'>maximum</span> <span class='ocrx_word' id='word_1_491' title='bbox 2500 3765 2595 3817; x_wconf 83' lang='lat' dir='ltr'>de·</span> 
     </span>
     <span class='ocr_line' id='line_1_94' title="bbox 1522 3842 2593 3914; baseline -0.005 -17"><span class='ocrx_word' id='word_1_492' title='bbox 1522 3862 1661 3899; x_wconf 88' lang='lat' dir='ltr'>mum</span> <span class='ocrx_word' id='word_1_493' title='bbox 1681 3854 1802 3914; x_wconf 88' lang='lat' dir='ltr'>post</span> <span class='ocrx_word' id='word_1_494' title='bbox 1820 3845 2020 3897; x_wconf 86' lang='lat' dir='ltr'>obitum</span> <span class='ocrx_word' id='word_1_495' title='bbox 2037 3844 2229 3895; x_wconf 63' lang='lat' dir='ltr'>Nerva</span> <span class='ocrx_word' id='word_1_496' title='bbox 2248 3842 2475 3906; x_wconf 84' lang='lat' dir='ltr'>adeptus</span> <span class='ocrx_word' id='word_1_497' title='bbox 2492 3848 2593 3894; x_wconf 83' lang='lat' dir='ltr'>est.</span> 
     </span>
     <span class='ocr_line' id='line_1_95' title="bbox 1522 3919 2374 3986; baseline -0.007 -12"><span class='ocrx_word' id='word_1_498' title='bbox 1522 3924 1662 3975; x_wconf 86' lang='lat' dir='ltr'>Vide</span> <span class='ocrx_word' id='word_1_499' title='bbox 1685 3922 1752 3974; x_wconf 90' lang='lat' dir='ltr'>ad</span> <span class='ocrx_word' id='word_1_500' title='bbox 1774 3936 1940 3974; x_wconf 74' lang='lat' dir='ltr'>unt.</span> <span class='ocrx_word' id='word_1_501' title='bbox 1961 3925 2013 3972; x_wconf 73' lang='lat'>⁸.</span> <span class='ocrx_word' id='word_1_502' title='bbox 2035 3935 2185 3986; x_wconf 75' lang='lat' dir='ltr'>seqq.</span> <span class='ocrx_word' id='word_1_503' title='bbox 2218 3919 2374 3969; x_wconf 73' lang='lat' dir='ltr'>Idem.</span> 
     </span>
    </p>

    <p class='ocr_par' dir='ltr' id='par_1_18' title="bbox 1520 3995 2592 4207">
     <span class='ocr_line' id='line_1_96' title="bbox 1586 3995 2590 4065; baseline -0.005 -14"><span class='ocrx_word' id='word_1_504' title='bbox 1586 4001 1872 4065; x_wconf 70' lang='lat' dir='ltr'>Nancupori</span> <span class='ocrx_word' id='word_1_505' title='bbox 1887 3995 2056 4061; x_wconf 72' lang='lat' dir='ltr'>jabet]</span> <span class='ocrx_word' id='word_1_506' title='bbox 2088 3997 2169 4048; x_wconf 85' lang='lat' dir='ltr'>De</span> <span class='ocrx_word' id='word_1_507' title='bbox 2203 3996 2283 4046; x_wconf 86' lang='lat' dir='ltr'>his</span> <span class='ocrx_word' id='word_1_508' title='bbox 2317 3995 2450 4047; x_wconf 75' lang='lat' dir='ltr'>rotis</span> <span class='ocrx_word' id='word_1_509' title='bbox 2474 3995 2590 4061; x_wconf 81' lang='lat' dir='ltr'>jam</span> 
     </span>
     <span class='ocr_line' id='line_1_97' title="bbox 1520 4077 2592 4145; baseline -0.006 -15"><span class='ocrx_word' id='word_1_510' title='bbox 1520 4093 1684 4145; x_wconf 83' lang='lat' dir='ltr'>supra</span> <span class='ocrx_word' id='word_1_511' title='bbox 1709 4078 1844 4129; x_wconf 83' lang='lat' dir='ltr'>dixit</span> <span class='ocrx_word' id='word_1_512' title='bbox 1865 4077 2003 4129; x_wconf 81' lang='lat' dir='ltr'>Plin-</span> <span class='ocrx_word' id='word_1_513' title='bbox 2022 4087 2215 4131; x_wconf 70' lang='grc' dir='ltr'><strong>ικνιι.</strong></span> <span class='ocrx_word' id='word_1_514' title='bbox 2230 4077 2283 4127; x_wconf 96' lang='grc'>4.</span> <span class='ocrx_word' id='word_1_515' title='bbox 2307 4079 2364 4126; x_wconf 81' lang='lat' dir='ltr'>et</span> <span class='ocrx_word' id='word_1_516' title='bbox 2388 4086 2592 4125; x_wconf 68' lang='lat' dir='ltr'>varn.</span> 
     </span>
     <span class='ocr_line' id='line_1_98' title="bbox 1521 4156 1762 4207; baseline 0.004 -1"><span class='ocrx_word' id='word_1_517' title='bbox 1521 4160 1570 4206; x_wconf 85' lang='lat'>1.</span> <span class='ocrx_word' id='word_1_518' title='bbox 1605 4156 1762 4207; x_wconf 76' lang='lat' dir='ltr'>Idem.</span> 
     </span>
    </p>

    <p class='ocr_par' dir='ltr' id='par_1_19' title="bbox 1523 4226 2588 4376">
     <span class='ocr_line' id='line_1_99' title="bbox 1589 4226 2587 4297; baseline -0.004 -14"><span class='ocrx_word' id='word_1_519' title='bbox 1589 4229 1901 4297; x_wconf 71' lang='lat' dir='ltr'>Quandoque]</span> <span class='ocrx_word' id='word_1_520' title='bbox 1932 4228 1979 4289; x_wconf 72' lang='grc' dir='ltr'>Ι.</span> <span class='ocrx_word' id='word_1_521' title='bbox 2002 4246 2052 4282; x_wconf 90' lang='lat' dir='ltr'>e.</span> <span class='ocrx_word' id='word_1_522' title='bbox 2071 4227 2387 4295; x_wconf 82' lang='lat' dir='ltr'>Aliquando,</span> <span class='ocrx_word' id='word_1_523' title='bbox 2410 4226 2587 4281; x_wconf 84' lang='lat' dir='ltr'>futuro</span> 
     </span>
     <span class='ocr_line' id='line_1_100' title="bbox 1523 4305 2588 4376; baseline -0.003 -14"><span class='ocrx_word' id='word_1_524' title='bbox 1523 4317 1780 4376; x_wconf 79' lang='lat' dir='ltr'>tempere.</span> <span class='ocrx_word' id='word_1_525' title='bbox 1836 4306 1975 4360; x_wconf 83' lang='lat' dir='ltr'>Vide</span> <span class='ocrx_word' id='word_1_526' title='bbox 1992 4353 1996 4358; x_wconf 82' lang='lat'><em>.</em></span> <span class='ocrx_word' id='word_1_527' title='bbox 2011 4305 2077 4359; x_wconf 86' lang='lat' dir='ltr'>ad</span> <span class='ocrx_word' id='word_1_528' title='bbox 2117 4319 2178 4360; x_wconf 83' lang='lat' dir='ltr'>x.</span> <span class='ocrx_word' id='word_1_529' title='bbox 2199 4312 2252 4363; x_wconf 74' lang='lat'>6.</span> <span class='ocrx_word' id='word_1_530' title='bbox 2303 4306 2371 4367; x_wconf 75' lang='lat' dir='ltr'>ln</span> <span class='ocrx_word' id='word_1_531' title='bbox 2404 4305 2588 4363; x_wconf 77' lang='lat' dir='ltr'>codice</span> 
     </span>
    </p>
   </div>
  </div>
 </body>
</html>
