3017 4942
451 346 588 416 524

455 510 474 540 ‘
495 510 618 561 Nou
642 505 916 573 agnosco‚’
940 506 1128 575 inquit,
1149 507 1167 537 ⁶
1185 523 1275 559 vos
1299 509 1524 573 milites;

456 596 559 638 nee
583 588 793 650 agnosci
818 585 1000 636 videor
1020 600 1051 635 a
1073 585 1254 637 vobis!
1286 587 1435 638 Idem.

521 662 848 726 Agnosceris!
878 661 1142 727 Agnoscis]
1180 663 1321 712 Nihil
1347 665 1398 713 in
1417 656 1523 714 fas·

458 745 570 791 tum
594 748 837 797 mutatus,
873 741 1090 790 comiter
1113 741 1364 804 appellas,
1387 742 1523 792 saln-

455 823 542 867 tas
565 817 742 880 cives3
779 823 834 866 et
858 814 925 866 ab
948 816 1010 866 iis
1036 816 1257 866 vicissim
1273 816 1409 866 idem
1434 817 1523 867 ille

458 894 778 956 agnosceris,
815 891 949 958 quod
990 892 1055 942 ad
1095 907 1280 943 mores.
1346 894 1522 958 Impe-

456 970 589 1020 rium
613 970 859 1028 accessit,
885 968 1142 1021 modestia
1173 985 1277 1021 nou
1314 970 1522 1022 absces-

457 1049 546 1099 sit.
579 1048 717 1112 Lips.

524 1122 787 1187 Agnoscis]
818 1124 988 1175 Tacit.
1012 1124 1156 1175 Hist.
1178 1138 1216 1175 r.
1236 1128 1321 1175 28.
1352 1123 1421 1176 de
1444 1125 1522 1178 Ο·

452 1201 627 1252 ibonis
671 1203 892 1263 artibus,
923 1205 940 1233 ‘
963 1203 1148 1268 quibus
1187 1203 1287 1254 sibi
1330 1204 1521 1255 milites

455 1281 781 1332 conciliavit:
807 1297 898 1332 eos
919 1283 1318 1332 contubernales
1342 1284 1518 1347 appel·

454 1358 643 1408 lando:
681 1360 806 1408 alios
836 1373 1141 1424 agnoscere,
1162 1361 1414 1427 quosdam
1437 1375 1522 1411 re·

455 1434 703 1500 quin-ere!
737 1436 894 1487 Bet-n.

522 1514 631 1570 Quo
659 1514 851 1579 melior]
901 1514 1166 1565 Livineius
1203 1515 1254 1565 in
1287 1516 1521 1580 margine

455 1589 700 1641 editionis
752 1605 859 1640 suae
915 1598 1212 1648 annotarat,
1273 1605 1366 1655 pro
1409 1608 1521 1657 quo,

450 1665 674 1718 fortasse
699 1667 975 1733 legendum
1011 1671 1150 1733 qnod.
1214 1669 1372 1719 Hanc
1395 1685 1520 1721 con·

446 1744 709 1808 jecturam
735 1744 974 1809 probavit
997 1745 1251 1796 Rittersh.
1303 1746 1521 1798 Censuit

384 1853 395 1861 ·
452 1829 511 1870 et
551 1821 618 1870 D.
662 1822 735 1871 D.
771 1821 1128 1879 Heumannus,
1164 1823 1520 1885 reponendum

453 1911 570 1947 esse
605 1900 745 1961 qaod.
812 1899 929 1949 Nec
964 1899 1087 1948 mihi
1126 1899 1367 1965 displicet
1405 1902 1519 1953 haec

453 1974 783 2036 emendati03
820 1975 909 2025 nbi
930 1990 1031 2025 vox
1065 1976 1235 2042 ‘hoc,’
1267 1979 1350 2029 vel
1384 1979 1521 2042 ‘eo,'

451 2048 593 2099 idem
612 2052 829 2102 valetne
854 2053 870 2081 ‘
887 2052 992 2111 ob,'
1015 2055 1096 2103 vel
1118 2057 1132 2082 ‘
1152 2061 1369 2119 propter
1383 2056 1520 2115 boc,'

453 2127 539 2176 vel
560 2130 575 2156 ⁶
594 2136 812 2192 propter
833 2128 923 2180 id.’
966 2129 1056 2181 sic
1076 2130 1214 2182 Plin.
1242 2133 1297 2183 iu
1319 2134 1416 2185 boc
1439 2135 1519 2199 ip-

451 2217 508 2254 so
549 2202 748 2268 Paneg.
789 2218 1028 2257 Lxxxlv.
1072 2212 1120 2259 7.
1152 2211 1305 2260 ‘Hoc
1351 2212 1517 2278 magis

451 2279 623 2344 digna·
656 2287 776 2332 sunt
805 2298 922 2347 quae
957 2284 1009 2333 iu
1035 2285 1219 2336 animia
1243 2290 1435 2338 nostris
1457 2296 1517 2340 et

450 2358 560 2408 aiut
583 2364 638 2408 et
667 2359 954 2410 habeantur
977 2360 1247 2426 Augustas,
1271 2364 1392 2429 quia
1413 2379 1515 2416 non

451 2435 746 2486 vocantur!
811 2437 881 2487 Et
909 2438 1073 2500 Epist.
1094 2452 1176 2490 ιν.
1198 2442 1281 2490 21.
1315 2442 1515 2507 ‘Cujus

450 2524 551 2575 ego
574 2526 667 2575 pro
689 2513 856 2562 salute
879 2513 976 2563 hoc
999 2527 1110 2563 sum
1128 2515 1293 2580 magis
1309 2518 1517 2581 anxius,

448 2586 589 2651 qnod
613 2587 795 2637 unicus
817 2587 991 2640 factus
1013 2589 1129 2640 est?
1163 2597 1170 2605 “
1192 2591 1304 2643 Cic.
1326 2594 1392 2643 ad
1414 2593 1516 2645 At·

446 2664 540 2714 tie.
564 2677 646 2714 tx.
667 2668 718 2714 8.
747 2671 761 2696 ‘
773 2665 1004 2717 Consilio
1019 2675 1192 2719 vestro
1207 2675 1326 2720 utar
1348 2670 1517 2722 liben-

447 2747 547 2797 ter,
570 2749 625 2791 et
649 2742 747 2792 boc
767 2742 1038 2807 libentius,
1059 2746 1196 2811 quod
1222 2760 1337 2796 mea
1359 2760 1513 2812 spon·

447 2822 503 2868 te
532 2816 708 2868 facere
742 2821 1157 2871 constitueram.'
1221 2823 1515 2888 Praeterea,

447 2894 505 2946 in
526 2895 758 2948 editione
778 2897 984 2948 Veneta
1003 2898 1156 2962 hujus
1173 2899 1518 2965 Panegyrici,

449 2987 568 3037 quoe
608 2988 724 3023 cum
757 2978 1132 3025 commentario
1161 2977 1393 3027 Catauaei
1431 2993 1516 3027 au.

450 3053 599 3099 1619.
622 3065 719 3114 per
747 3051 840 3103 Jo.
859 3052 1101 3102 Rubeum
1122 3053 1513 3105 Vercellensem

448 3139 642 3176 excusa
684 3134 799 3189 est3
857 3129 984 3178 item
1030 3133 1086 3178 et
1130 3129 1181 3178 in
1226 3143 1311 3186 ea,
1360 3145 1515 3194 quam

448 3201 663 3252 Paullus
684 3203 977 3267 Stephanus
1000 3205 1281 3269 impressit,
1314 3221 1375 3257 ac
1396 3222 1515 3273 quae

450 3293 538 3329 an.
566 3283 711 3329 1643.
736 3279 970 3332 Genevae
993 3282 1206 3346 prodiit,
1233 3278 1372 3334 forte
1404 3286 1515 3335 aui·

446 3359 723 3423 madverti,
767 3359 838 3408 ibi
883 3361 1019 3425 typis
1058 3362 1380 3425 exscriptum
1409 3363 1516 3427 legi

447 3439 498 3486 et
517 3434 576 3484 ob
598 3439 788 3484 tuntum
806 3435 978 3485 ceteris
997 3436 1165 3497 maior.
1231 3438 1337 3489 Ubi
1352 3439 1516 3503 conji-

446 3510 776 3576 cias,‘saltem
794 3528 1073 3578 pronomen
1087 3514 1173 3564 hoc
1187 3517 1517 3580 negligenter

446 3590 610 3642 fuisse
633 3591 910 3654 omissum;
945 3607 1059 3643 cum
1094 3593 1199 3644 dici
1233 3595 1517 3659 debuisset,

445 3674 498 3720 et
517 3670 575 3720 ob
602 3669 688 3719 Ιιοι·
722 3674 908 3720 tantum
938 3672 1114 3720 ceteris
1142 3669 1328 3733 miffar,-
1362 3687 1515 3737 quam

447 3747 695 3811 loquendi
721 3749 974 3797 rationem
1000 3748 1154 3797 etiam
1178 3748 1279 3813 ipsi
1304 3749 1514 3799 Cicero-

447 3823 502 3872 ni
552 3822 858 3889 frequenter
903 3824 1148 3876 usitatam
1184 3839 1321 3890 esse,
1357 3825 1516 3876 docet

442 3901 668 3969 'nu-ull.
692 3902 755 3949 de
780 3903 1077 3963 Particnlis,
1099 3917 1144 3953 c.
1169 3906 1281 3953 140.
1355 3903 1514 3957 Quod

447 3977 491 4028 si
525 3976 681 4041 igitur
711 3977 825 4028 haec
854 3981 1167 4043 praepositio*
1196 3980 1273 4041 ob,
1306 3994 1409 4031 non
1445 3996 1512 4031 ex

446 4068 594 4106 mero
638 4055 1083 4120 typographorum
1130 4058 1319 4108 mendo
1362 4065 1512 4124 nata,

446 4131 540 4183 sed
580 4144 647 4181 ex
686 4139 894 4181 vetusto
924 4132 1148 4196 quodam
1182 4136 1365 4186 codice
1391 4151 1509 4200 pro-

446 4208 608 4259 ducta
629 4215 799 4261 essetx
823 4222 886 4259 eo
907 4210 1071 4275 magis
1090 4211 1350 4275 particula
1370 4215 1512 4275 quod,

442 4300 546 4354 pro
567 4301 673 4353 quo,
695 4284 834 4338 foret
867 4287 1205 4352 neeessariu
1240 4295 1398 4355 atque
1431 4291 1507 4341 sic

453 4612 561 4684 Ιι.-

1148 364 1367 415 NoTAE
1417 364 1828 418 VAmoRUM
1873 366 1956 417 m

1598 511 1897 575 planissima
1938 510 2189 562 evaderet
2224 510 2505 576 sententia,
2534 515 2584 564 et
2605 511 2665 563 ob

1597 587 1683 637 1·oe
1715 592 1903 638 tanam
1928 590 2104 638 ceteris
2131 586 2301 651 morior,
2334 591 2456 652 quod
2478 589 2662 640 melior.

1596 662 1816 713 Interim
1851 677 1993 727 vero,
2025 664 2077 717 in
2108 663 2209 715 ista
2238 663 2397 714 dubia
2420 666 2667 729 lectione,

1595 739 1765 790 adhuc
1790 742 1991 791 retineo
2026 741 2467 803 vulgatissimam3
2502 741 2663 790 maxi-

1595 830 1699 876 me,
1722 831 1836 866 cum
1861 830 2059 878 omnes,
2081 816 2219 882 quod
2244 819 2515 869 consulere
2537 817 2665 868 mibi

1596 893 1838 956 contigit,
1875 892 2084 943 codices
2126 894 2257 944 Mas.
2291 894 2339 942 ei
2366 895 2661 945 adsentian-

1596 976 1700 1033 tur,
1754 970 2042 1034 eademque
2094 968 2220 1019 satis
2267 970 2536 1020 commode
2586 971 2666 1021 lo-

1595 1061 1712 1097 cum
1736 1047 1930 1097 habere
1966 1060 2117 1112 posse
2142 1047 2399 1098 videatur.
2435 1047 2663 1098 Schinou-

1594 1139 1716 1175 nus.

1662 1203 1798 1254 cu».
1822 1215 1968 1254 xxtr.
2009 1203 2230 1259 Quidue
2248 1201 2356 1266 ille]
2397 1201 2659 1266 suppleas

1594 1287 1771 1330 mente
1800 1280 1884 1344 qui
1904 1281 2008 1331 dies
2043 1281 2125 1331 iue
2147 1278 2297 1340 suit!
2363 1280 2662 1331 Pronomen

1592 1357 1677 1421 qai
1713 1357 1810 1408 boc
1846 1359 1960 1408 loco
1997 1358 2141 1407 valet
2179 1357 2314 1406 idem
2345 1356 2483 1423 qnod
2507 1359 2665 1422 qualis

1592 1440 1920 1498 quantumst&
1954 1434 2075 1484 dum
2100 1434 2337 1499 inprimis
2358 1449 2476 1484 cum
2495 1435 2662 1485 admi·

1592 1512 1797 1561 ratione
1820 1511 2177 1575 conjungitur.
2239 1512 2328 1562 Sic
2360 1512 2473 1576 ipse
2495 1513 2666 1578 loqui·

1593 1593 1683 1637 tur
1736 1587 1849 1638 Cic.
1908 1588 2142 1651 Philipp.
2191 1600 2254 1638 η.
2297 1591 2380 1638 ⁸5.
2419 1588 2472 1638 in
2518 1587 2658 1639 fine=

1589 1663 1759 1714 ‘Post
1798 1662 1938 1714 diem
1982 1664 2196 1714 tertium
2242 1664 2361 1714 veni
2398 1664 2451 1714 in
2492 1666 2658 1716 oedem

1591 1740 1914 1803 Telluris,‘et
1937 1740 2146 1807 quidem
2170 1741 2384 1798 invitus,
2412 1754 2530 1792 cnm
2551 1755 2664 1791 om·

1591 1831 1684 1866 nes
1723 1817 1893 1868 aditus
1934 1819 2117 1868 armati
2162 1818 2488 1869 obsiderent.
2552 1819 2662 1873 Qui

1594 1893 1693 1944 tibi
1727 1893 1818 1943 ille
1840 1896 1970 1954 dies,
2003 1895 2082 1945 M.
2118 1894 2333 1960 Antoni,
2365 1894 2466 1945 fuit
2485 1893 2524 1945 Ρ
2590 1897 2663 1948 Et

1591 1985 1734 2032 mox,
1772 1985 1893 2036 cap.
1927 1976 2011 2023 ⁸6.
2054 1974 2190 2026 ‘Qui
2229 1980 2286 2023 tu
2321 1972 2418 2030 vir,
2443 1973 2529 2024 Dii
2566 1973 2661 2023 im·

1592 2048 1858 2111 mortales,
1882 2054 1938 2099 et
1959 2056 2204 2113 quantus.
2225 2046 2436 2105 fuisses,
2456 2049 2498 2099 si
2521 2049 2661 2101 illius

1592 2123 1697 2173 diei
1716 2132 1938 2174 mentem
1951 2139 2164 2175 servare
2179 2126 2440 2190 potuisses
2460 2125 2495 2176 l’
2533 2127 2663 2177 Plu·

1591 2213 1653 2249 ra
1689 2200 1757 2250 ad
1803 2200 1941 2250 hunc
1981 2202 2149 2251 locum
2194 2201 2313 2251 vide
2352 2203 2404 2252 in
2438 2203 2662 2255 Excurs-

1593 2289 1787 2328 xxvu.
1822 2277 2066 2328 Schwarz.

1658 2353 1760 2410 Qui
1777 2354 1905 2419 dies]
1930 2355 2100 2407 Quem
2116 2355 2251 2416 votis
2269 2354 2492 2407 advocat
2514 2355 2659 2406 Mar·

1590 2429 1729 2480 tialis
1752 2431 1854 2494 Ep.
1883 2444 1937 2481 x.
1959 2435 2010 2481 6.
2031 2439 2087 2481 et
2108 2435 2157 2482 7.
2198 2432 2334 2497 Lipa.

1658 2507 1959 2570 Quadi-&ugo
1996 2509 2164 2574 curru]
2204 2509 2276 2559 H.
2312 2523 2363 2559 e.
2409 2508 2661 2574 ejusmodi

1589 2599 1762 2643 curru,
1801 2598 1954 2649 quem
1988 2592 2214 2650 quatuor
2246 2584 2365 2651 equi
2400 2600 2502 2636 uua
2535 2599 2661 2637 con·

1577 2662 1753 2735 juncti
1797 2663 2030 2714 duxere:
2065 2678 2095 2713 e
2135 2663 2320 2729 quibus
2364 2662 2470 2715 duo
2510 2664 2660 2717 fuere

1579 2742 1809 2807 jugales,
1844 2741 1949 2792 duo
1986 2739 2188 2791 funale·
2216 2757 2233 2802 ς
2267 2742 2343 2791 illi
2373 2741 2427 2791 in
2465 2741 2660 2806 medio,

1590 2820 1643 2870 hi
1690 2820 1937 2883 utrinque
1989 2833 2021 2868 e
2067 2818 2319 2868 lateribus
2365 2819 2659 2883 jugalium;

1591 2896 1726 2961 quod
1752 2896 1911 2946 docet
1929 2892 2221 2945 Sebefferus
2245 2895 2314 2945 de
2338 2895 2414 2945 Re
2430 2895 2656 2947 Vehicu·
2731 2907 2738 2911 ·

1589 2974 1704 3036 lari,
1725 2986 1791 3022 11.
1816 2977 1895 3022 ts.
1961 2972 2050 3022 lta
2072 2972 2179 3036 jam
2213 2972 2279 3022 de
2313 2986 2438 3036 rege
2468 2973 2661 3025 Latino

1590 3051 1784 3101 cecinit
1813 3049 2000 3112 virgil.
2038 3049 2155 3100 AEn.
2192 3063 2299 3100 ιιι.
2336 3053 2450 3101 162.
2481 3048 2661 3104 ‘Qua·
2691 3100 2696 3105 .

1590 3128 1796 3193 drijugo
1815 3129 2022 3178 vehitur
2041 3126 2237 3178 curru!
2304 3129 2545 3180 Doeeute
2565 3144 2659 3182 an·

1590 3212 1694 3258 tem
1727 3205 1912 3256 Servio
1941 3205 2008 3255 ad
2031 3204 2147 3253 AEn.
2169 3217 2226 3254 x.
2249 3208 2366 3255 671.
2400 3205 2418 3234 ‘
2435 3205 2507 3255 Et
2531 3219 2660 3271 qna-

1590 3284 1844 3348 drijugus,
1898 3289 1955 3331 et
2010 3279 2358 3346 quadrijugis,
2406 3280 2658 3343 dicimna3

1590 3360 1730 3411 sicut
1759 3360 1986 3409 inermus
2025 3366 2082 3409 et
2110 3359 2321 3408 inermis
2338 3376 2355 3417 ;
2386 3359 2657 3410 exanimus

1589 3444 1647 3487 et
1672 3434 1964 3486 exanimis!
2029 3435 2277 3498 Inprimis
2315 3450 2439 3485 vero
2474 3437 2656 3487 trium·

1588 3514 1810 3579 phantes
1835 3512 2151 3562 vehebantur
2174 3510 2333 3576 equia'
2349 3513 2499 3563 albis.
2545 3512 2656 3562 Un·
2731 3506 2744 3513 ’

1590 3590 1656 3640 de
1682 3589 1841 3641 ovid.
1866 3590 1998 3640 Arte
2023 3587 2141 3638 Am.
2163 3602 2204 3639 1.
2225 3593 2341 3639 218.
2366 3603 2483 3639 cum
2509 3588 2656 3656 qnasi

1585 3669 1963 3718 vaticinaretur
1992 3665 2129 3717 Caio
2158 3666 2375 3728 Caesari,
2397 3665 2653 3731 Agrippae

1587 3743 1712 3808 filio,
1735 3743 2049 3808 triumphum
2074 3757 2138 3792 ex
2166 3742 2415 3792 Parthica
2438 3742 2656 3808 expedi·

1588 3824 1729 3873 tione
1753 3820 2105 3882 referendum,
2124 3820 2197 3870 sic
2219 3814 2444 3870 ce’cinitt
2477 3827 2493 3852 ‘
2515 3821 2656 3885 Ergo

1587 3899 1690 3949 erit
1713 3898 1803 3947 illa
1826 3896 1955 3957 dies,
1977 3910 2080 3961 qua
2103 3902 2178 3956 tu,
2202 3896 2548 3959 pulcherrime
2570 3910 2651 3947 re·

1586 3990 1718 4038 rum,
1751 3975 2018 4026 Quattuor
2058 3973 2109 4022 iu
2147 3972 2312 4022 niveis
2343 3987 2532 4022 aureus
2554 3972 2654 4023 ibis

1586 4051 1785 4120 equisl’
1835 4052 2011 4116 Atque
2036 4051 2127 4114 ita,
2149 4051 2375 4100 maxime
2404 4057 2525 4114 post
2549 4051 2649 4101 Ca·

1586 4133 1712 4183 milli
1731 4139 1985 4195 tempora,
1999 4143 2177 4179 omues
2194 4126 2310 4178 fere
2329 4129 2653 4193 triumphan-

1586 4218 1684 4269 tes,
1704 4208 1756 4257 in
1780 4215 1962 4257 vetere
1985 4212 2042 4254 et
2072 4218 2208 4255 nova
2231 4203 2517 4268 republica,
2540 4205 2653 4255 sine

1584 4288 1690 4338 ulla
1711 4283 2117 4353 exprobratione
2152 4281 2489 4347 arrogantia,
2526 4295 2651 4347 qua-
