3017 4942
500 338 708 434 1012‘

505 529 611 575 tem
636 522 899 584 deserentia
918 521 1118 573 Plinius
1142 529 1317 580 vocat,
1340 535 1455 587 quae
1479 535 1571 571 na·

477 596 595 651 'ves
618 597 774 649 facile
797 597 1070 659 defernnt3
1093 605 1147 647 et
1166 599 1277 647 lia-c
1300 611 1571 662 opponun-

503 681 590 725 tur
636 672 933 724 fluminibus
981 670 996 701 ‘
1021 689 1206 739 campo
1247 671 1574 739 superfiuis,’

504 767 622 817 quae.
661 765 820 800 nares
858 766 959 801 nou
1005 750 1162 801 facile
1205 750 1402 800 ferunt.
1480 751 1571 801 Sic

502 827 708 878 Plinius
743 841 919 891 supra,
960 839 1125 876 xxxi.
1160 830 1211 876 4.
1245 827 1380 876 dixit
1415 832 1570 876 ‘ven-

502 911 587 953 tos
603 901 877 966 ferentes,’
911 904 945 954 i.
970 918 1018 951 e.
1040 901 1291 952 fecundos
1316 910 1371 952 et
1386 900 1568 951 faven-

501 988 584 1032 tes
627 987 827 1039 ventos,
874 996 989 1046 quae
1036 981 1201 1046 plenis
1241 982 1369 1031 velis
1409 994 1569 1030 nares

501 1056 767 1108 deferunt.
832 1059 1029 1122 virgil.
1059 1058 1175 1109 AEn.
1202 1071 1258 1108 x.
1280 1060 1396 1106 688.
1430 1056 1447 1085 ‘
1466 1058 1568 1106 La-

500 1135 647 1186 bitur
678 1136 784 1185 alta
818 1150 1022 1198 secans,
1044 1134 1311 1198 fluctuque
1335 1140 1568 1200 aestuque

499 1211 730 1262 secundo
749 1247 763 1262 .
784 1245 797 1260 .
818 1243 833 1260 .
851 1245 865 1260 .
893 1213 1065 1262 Dauni
1107 1210 1342 1261 defertur
1381 1212 1444 1261 ad
1484 1226 1567 1260 ur-

497 1288 658 1339 bem!
723 1289 926 1339 Plinius
961 1287 1158 1351 Major,
1194 1300 1283 1337 ιιι.
1313 1293 1362 1336 6.
1392 1293 1408 1316 ‘
1429 1288 1567 1338 Rho-

498 1365 665 1415 danus
702 1367 866 1416 amnis
904 1380 970 1415 ex
1007 1364 1231 1428 Alpibus
1264 1379 1321 1414 se
1364 1365 1568 1429 rapiens

496 1455 596 1505 per
619 1441 904 1491 Lemanum
928 1442 1116 1497 lacum,
1137 1455 1452 1504 segnemque
1477 1441 1566 1489 de·

495 1515 674 1566 ferens
697 1516 939 1568 Ararim?
1005 1517 1159 1567 Hanc
1184 1518 1443 1581 vulgatam
1460 1517 1566 1566 lec·

497 1594 693 1644 tionem
734 1594 1048 1645 confirmant
1085 1595 1288 1657 plurimi
1322 1593 1442 1643 libri
1471 1593 1562 1643 im·

496 1673 683 1735 pressi,
706 1681 762 1723 et
784 1687 963 1722 omnes
986 1672 1191 1723 codices
1215 1673 1344 1722 Mss.
1370 1680 1567 1734 praeter

494 1748 964 1814 Salisburgensem,
1019 1749 1355 1811 Patavinum,
1395 1754 1451 1798 et
1503 1750 1561 1799 li·

493 1825 644 1876 brum
660 1825 1054 1887 Vossianum,in
1076 1824 1262 1890 quibus
1284 1839 1379 1887 per
1392 1825 1562 1888 sphal-

492 1916 597 1958 ma,
623 1909 680 1951 ut
704 1910 850 1966 puto,
876 1903 1124 1965 scriptum
1160 1908 1243 1951 est
1262 1901 1563 1966 differentia.

496 1977 616 2038 Nec
640 1977 863 2041 probare
883 1992 1090 2041 possum
1112 1978 1399 2037 deserentia,
1421 1977 1562 2041 quod

496 2054 713 2104 edidere
734 2055 1031 2117 Catanaeus,
1067 2053 1290 2116 Elzevir,
1325 2054 1561 2103 Boxhor·

494 2131 631 2189 nius,
656 2130 888 2180 Hearne.
954 2129 1216 2193 Opinatus
1232 2137 1314 2179 est
1336 2131 1560 2194 Lipsius,

493 2204 966 2266 etiam‘deferventia
991 2221 1143 2271 posse
1172 2208 1274 2272 legi
1296 2224 1313 2268 ς
1347 2208 1430 2256 cui
1456 2209 1561 2258 lec·

495 2282 629 2334 tioni
653 2298 776 2333 vero
800 2298 897 2333 nec
920 2283 1088 2333 codex
1112 2283 1317 2348 quidam
1345 2285 1448 2334 Ms.
1470 2300 1559 2334 ne·

493 2374 595 2424 que
611 2361 743 2410 alius
759 2366 1138 2411 commentator
1149 2359 1315 2411 favet.
1336 2361 1560 2411 Schwar-

487 2452 608 2488 zius.

556 2512 867 2577 Deferenbia]
925 2514 1104 2565 Prono
1158 2522 1214 2566 et
1260 2528 1351 2563 suo
1402 2529 1557 2565 cursu

491 2590 687 2641 euntia.
778 2590 1002 2644 Quidam
1059 2591 1202 2653 libri,
1254 2592 1559 2649 deserentia,-

359 2681 372 2690 ·
465 2667 628 2734 'qnod
666 2674 808 2716 esset
845 2667 899 2716 in
935 2682 991 2717 se
1025 2666 1314 2724 redeuntia,
1354 2668 1557 2720 omissis

489 2743 709 2808 campis.

488 2818 631 2882 Lips.

554 2894 854 2959 Magnopere
872 2897 1127 2961 duritiam]
1161 2898 1270 2947 Pro
1300 2913 1555 2962 magnope-

487 2985 565 3034 re,
585 2971 761 3023 divisis
784 2974 1011 3030 vocibus,
1037 2989 1209 3037 magno
1235 2991 1389 3039 opere,
1412 2992 1554 3026 inore

465 3062 582 3097 ‘suo
606 3048 774 3098 edidit
798 3050 964 3100 Aldus
979 3052 1277 3108 Manutius,
1302 3068 1452 3117 quem
1474 3069 1554 3103 se-

487 3125 597 3172 cuti
646 3131 769 3172 sunt
804 3124 971 3175 Junta
1025 3132 1079 3175 et
1122 3127 1341 3181 Navius,
1398 3136 1554 3192 atque

485 3210 629 3247 nuuc
652 3197 989 3249 Arntzenius.
1024 3201 1343 3265 Neutiqnam
1368 3205 1555 3267 impross

487 3273 557 3323 bo
592 3276 725 3324 banc
759 3277 1091 3340 scripturam,
1123 3279 1270 3341 cujus
1295 3281 1421 3330 satis
1446 3296 1554 3330 ma-

484 3348 686 3400 nifesta
709 3359 1029 3402 annotantur
1052 3354 1393 3416 documenta;
1432 3371 1479 3405 v.
1503 3371 1553 3419 g.

485 3426 627 3490 apud
650 3429 978 3492 Terentium,
1003 3429 1242 3479 Eunuchi
1263 3444 1352 3480 ιιι.
1386 3436 1435 3482 3.
1469 3437 1554 3483 26.

480 3502 671 3553 ‘Thais
706 3504 931 3554 maximo
968 3511 1022 3554 te
1062 3505 1248 3555 orabat
1280 3521 1456 3570 opere,
1492 3514 1554 3557 ut

482 3593 601 3629 cras
642 3579 877 3631 redires.'

483 3660 499 3683 ‘
522 3655 675 3706 Quod
699 3671 791 3706 nos
818 3656 967 3707 anffio
999 3673 1159 3721 opere
1192 3674 1435 3710 maxumo
1458 3661 1549 3710 da*

483 3729 667 3781 bamus
690 3747 923 3797 operam,
947 3740 1006 3784 ut
1028 3734 1214 3784 fleret!
1254 3734 1409 3799 Apud
1437 3737 1550 3787 Cic.

481 3811 628 3861 Fam.
649 3825 776 3862 xm.
796 3817 879 3861 34.
911 3820 925 3842 ⁸
947 3815 1246 3878 Magnoque
1272 3829 1433 3877 opere
1456 3816 1549 3865 abs

483 3893 537 3938 te
564 3888 723 3953 peto!
792 3891 981 3954 Neque
1018 3897 1189 3940 tamen
1216 3906 1428 3943 necesse
1454 3908 1547 3957 pu-

481 3971 554 4019 to,
578 3971 635 4013 ut
658 3963 878 4015 eandem
905 3975 1089 4015 contra
1108 3982 1418 4017 consensum
1440 3984 1549 4019 om-

481 4038 623 4087 nium
658 4039 772 4090 fere
805 4040 1054 4092 librorum
1087 4044 1279 4107 ubique
1322 4047 1548 4095 inculce-

479 4132 610 4168 mus.
677 4117 758 4169 cf.
780 4129 888 4180 not.
912 4115 982 4170 ad
1001 4135 1157 4171 xmv.
1181 4124 1227 4171 1.
1281 4122 1368 4172 Sic
1391 4126 1546 4173 etiam

481 4201 703 4257 utroque
722 4195 873 4244 modo
895 4206 1040 4246 recte
1064 4196 1276 4259 dicitur,
1296 4200 1546 4261 duritiam,

761 2744 953 2801 Possit
996 2751 1054 2795 et
1094 2745 1390 2805 destruentia
1433 2745 1555 2809 legi.

365 4292 371 4298 ·
472 4275 536 4318 et
559 4270 806 4322 duritiem.
845 4272 961 4323 Hoc
988 4278 1160 4323 tamen
1187 4275 1300 4325 loeo
1320 4276 1544 4340 priorem

956 3581 1022 3631 In
1055 3582 1266 3633 Phorm.
1297 3598 1347 3634 v.
1383 3590 1430 3634 l.
1465 3588 1549 3636 33.
1606 3590 1611 3596 “

1194 379 1416 430 Nou-2
1464 378 1874 429 unionum
1927 379 2013 457 ιιι

1647 519 1957 584 scripturam
1982 517 2159 584 recepi
2182 533 2199 580 ς
2219 518 2462 584 qnoniam
2485 518 2710 570 eandem

1646 596 1873 660 probant
1913 594 2122 646 codices
2161 596 2294 646 Mss.
2327 596 2502 646 vatic.
2560 597 2710 646 Pari·

1643 673 1852 729 aiensis,
1881 677 2100 738 uterque
2124 673 2377 736 Venetus,
2404 673 2712 729 Patavinns,

1644 748 1779 800 liber
1799 749 2100 813 Vossianus,
2124 757 2177 798 et
2209 750 2261 799 in
2284 750 2490 799 excusis
2511 751 2712 799 Puteo-

1642 827 1811 889 lanus,
1830 826 2014 884 Aldus,
2030 826 2394 891 Cuspinianns,
2411 827 2711 881 Rhenanus,

1642 900 1994 965 Philomusus‚
2046 901 2358 966 Cratander,
2410 902 2544 952 Rob.
2595 902 2711 952 Ste-

1643 978 1866 1041 phanus,
1910 977 2199 1040 Livineius,
2219 979 2506 1040 Gruterus,
2545 980 2633 1029 De
2663 979 2713 1027 la

1641 1054 1844 1116 Baune,
1866 1052 2204 1103 Arntzeuius.
2236 1054 2484 1104 Schworz.

1707 1129 1914 1180 Animus
1945 1128 2211 1193 imperitet]
2241 1131 2459 1193 Plurimi
2502 1131 2711 1180 codices

1640 1206 1772 1256 Mss.
1803 1221 1903 1256 nec
1926 1208 2075 1271 pauci
2094 1208 2212 1257 libri
2238 1208 2495 1270 impressi,
2521 1207 2710 1257 confir·

1642 1291 1784 1332 mant
1808 1283 1941 1334 hanc
1965 1284 2265 1334 lectionem.
2303 1286 2513 1335 Vitiose
2535 1295 2710 1336 autem

1640 1361 1897 1424 imperaret
1917 1360 2136 1411 edidere
2155 1361 2457 1419 Ascensum,
2476 1363 2710 1424 Elzevir,

1641 1438 1990 1502 Boxbornius‚
2036 1440 2310 1503 cellarius,
2361 1447 2418 1489 et
2475 1440 2712 1489 Hearne.

1639 1514 1843 1564 Plinius
1871 1516 2136 1581 respicere
2159 1516 2363 1567 videtur
2387 1517 2708 1566 sententiam

1636 1590 1868 1641 Sallustii
1911 1592 2071 1643 Catil.
2107 1608 2224 1657 cap.
2264 1599 2311 1643 l.
2358 1594 2373 1620 ‘
2397 1594 2599 1643 Nostra
2634 1593 2708 1642 vis

1638 1667 1803 1716 omnis
1825 1667 1879 1716 in
1899 1670 2072 1717 animo
2094 1676 2150 1719 et
2173 1683 2395 1733 corpore
2418 1669 2526 1720 sita
2547 1685 2562 1719 ε
2600 1670 2710 1720 ani-

1635 1742 1705 1791 mi
1740 1743 1978 1807 imperio,
2011 1747 2245 1809 corporis
2273 1747 2510 1804 servitio,
2547 1749 2711 1811 magis

1637 1820 1864 1870 utimur.'
1927 1821 2077 1871 Idem
2100 1823 2347 1886 Jugurth.
2367 1837 2489 1886 cap.
2511 1827 2563 1872 6.
2591 1838 2708 1872 ver·

1638 1896 1705 1946 bo
1739 1904 1753 1926 ‘
1778 1899 2078 1962 imperitare
2101 1899 2116 1921 ’
2164 1901 2347 1950 utitur.
2403 1901 2420 1928 ‘
2445 1901 2709 1951 Naturam

1633 1974 1800 2037 ipsam
1821 1976 2012 2025 ceteris
2033 1976 2422 2041 imperitantem
2446 1977 2712 2029 industria

1636 2050 1870 2101 vicerat.'
1934 2053 2056 2104 Jam
2082 2054 2258 2103 Plaut.
2279 2055 2435 2118 capt.
2462 2067 2529 2104 ιι.
2552 2060 2597 2104 l.
2619 2058 2709 2104 47.

1631 2116 1656 2156 ²
1672 2128 1825 2180 Quod
1842 2130 2063 2179 antebac
2080 2144 2174 2194 pro
2189 2131 2311 2194 jure
2332 2131 2708 2194 imperitabam

1634 2218 1772 2266 meo,
1808 2220 1945 2254 nunc
1983 2212 2034 2256 te
2063 2222 2157 2256 oro
2181 2222 2277 2272 per
2302 2207 2552 2270 precem-³
2620 2209 2709 2258 Li-

1633 2280 1744 2328 vius
1764 2279 2048 2333 identidem
2073 2284 2170 2333 hoc
2197 2284 2356 2334 verbo
2381 2299 2440 2334 se.
2465 2286 2708 2336 oblecta·

1634 2355 1743 2406 vit:
1779 2369 1867 2408 ιιι.
1904 2360 1988 2409 39.
2035 2359 2502 2409 ‘vicissitudinem
2542 2362 2706 2424 impe-

1635 2432 1826 2481 ritandi
1849 2433 2206 2483 sustulerunt!
2260 2435 2398 2485 Item
2419 2443 2476 2485 et
2501 2436 2706 2485 Plinius

1632 2509 1828 2573 Major,
1872 2524 1957 2561 vr.
1998 2515 2081 2561 23.
2113 2507 2352 2561 ‘Pandae
2392 2514 2705 2577 imperitant

1636 2598 1756 2635 ccc.
1793 2587 2003 2650 opidis!
2059 2601 2140 2637 vr.
2171 2593 2253 2638 35.
2286 2589 2591 2654 ‘AEtbiopia
2631 2591 2703 2640 vi·

1631 2667 1803 2716 cissim
1828 2666 2176 2732 imperitando
2195 2669 2581 2735 serviendoque
2595 2671 2702 2722 cla·

1633 2756 1689 2791 ra
1725 2749 1782 2793 et
1822 2752 2036 2806 potens:
2059 2774 2101 2792 ..
2121 2776 2135 2792 .
2159 2752 2213 2794 et
2234 2745 2463 2808 Scythiae
2489 2747 2703 2811 imperi-

1632 2828 1768 2870 tasse
1789 2835 1925 2884 eam,
1939 2828 2220 2886 nostroque
2237 2822 2397 2886 litori,
2419 2830 2577 2887 patet
2593 2822 2701 2874 An·

1631 2896 1925 2946 dromachae
1953 2896 2182 2947 fabulis!
2215 2899 2366 2948 Idem.

1697 2973 1930 3023 Fortuna·
1969 2976 2271 3036 indulgentia
2305 2977 2520 3041 molliat]
2573 2976 2700 3025 Om-

1631 3064 1743 3107 nes,
1766 3065 1894 3113 quos
1914 3054 2102 3112 evolvi,
2122 3053 2240 3101 libri
2260 3054 2504 3118 impressi
2520 3054 2699 3103 edide-

1633 3140 1688 3174 re
1711 3127 1973 3192 lmcusque
2005 3130 2056 3177 iu
2087 3143 2302 3178 numero
2326 3130 2699 3187 multitudinis,

1633 3204 1862 3252 Fortuna
1884 3204 2200 3266 indulgentiae
2224 3206 2457 3256 molliant.
2492 3206 2572 3257 At
2593 3208 2699 3257 sin·

1631 3282 1862 3344 gularem
1878 3281 2232 3345 reponendum
2250 3283 2394 3345 duxi,
2419 3285 2544 3347 quia
2559 3285 2696 3335 bunc

1628 3350 1805 3409 inveni
1837 3359 1888 3408 in
1926 3359 2195 3411 codicibus
2220 3361 2351 3411 Mss.
2388 3363 2693 3425 Parisieusi,

1629 3435 1838 3484 Veneto
1876 3439 1923 3485 1.
1961 3443 2018 3485 et
2057 3451 2190 3487 meo.
2254 3436 2338 3485 Ad
2374 3452 2503 3501 quos
2536 3440 2692 3488 etiam

1629 3509 1800 3561 refero
1843 3511 2050 3562 codices
2085 3514 2390 3570 Vaticanus,
2423 3522 2481 3564 et
2524 3516 2692 3565 Vene-

1627 3594 1736 3637 tum
1752 3586 1800 3639 2.
1819 3589 1924 3651 qni,
1943 3589 2040 3638 etsi
2062 3582 2328 3643 invertant
2350 3605 2502 3640 casus
2531 3592 2694 3642 nomi-

1624 3677 1767 3727 num,
1803 3663 2017 3714 verbum
2054 3671 2230 3715 tamen
2262 3667 2524 3729 singulare
2550 3675 2691 3717 recte

1624 3741 1942 3807 exprimunt,
1974 3742 2193 3792 Fortuna
2228 3743 2545 3805 indulgentia
2577 3745 2692 3793 mol·

1623 3818 1731 3867 liat.
1797 3818 1984 3869 Altera
2022 3819 2154 3869 ratio
2177 3826 2280 3881 est,
2303 3835 2396 3869 cur
2419 3836 2451 3870 a
2475 3823 2690 3885 vulgata

1622 3889 1850 3943 lectione
1896 3897 2234 3956 recesserim3
2269 3897 2418 3959 quia,
2452 3897 2687 3961 quamvis

1623 3970 1825 4020 Plinius
1870 3971 2078 4021 nomine
2130 3972 2445 4034 indulgentiae
2500 3973 2687 4034 saepius

1624 4053 1824 4109 utatur,
1846 4055 1901 4095 et
1926 4048 1976 4095 in
2002 4048 2353 4111 Panegyrico,
2391 4057 2448 4098 et
2476 4049 2528 4109 in
2565 4050 2688 4111 Epi·

1622 4123 1804 4183 stolis3
1836 4137 2095 4188 nunqnam
2122 4131 2297 4173 tamen
2323 4125 2446 4173 alibi
2471 4136 2686 4175 numero

1620 4199 1971 4249 multitudinis
1989 4215 2104 4249 usus
2130 4198 2542 4264 deprehenditur
2560 4217 2575 4262 ;
2598 4215 2687 4250 ne-

1620 4289 1722 4342 que
1746 4277 1889 4337 mibi,
1914 4279 2112 4329 ex‘ullo
2136 4279 2238 4327 alio
2265 4287 2478 4329 auctore
2510 4293 2684 4330 aurem
