3017 4942
480 365 613 431 770
1177 382 1402 434 norm
1448 382 1859 434 vsmoaum
1908 382 1992 434 tu

483 530 681 596 palium
714 542 989 593 summam,
1023 529 1067 581 si
1097 529 1202 581 iilis
1236 536 1296 582 et
1328 545 1436 581 non
1469 528 1553 581 uti

480 605 677 658 liceat!
741 605 846 656 Ubi
881 607 1043 656 etiam
1082 607 1273 658 merita
1307 605 1551 673 quaedam

477 684 692 749 Trajani
724 685 799 734 sic
834 684 972 734 inter
1004 699 1064 735 se
1094 690 1384 749 comparat,
1420 686 1438 714 ⁶
1461 684 1553 735 In·

479 775 610 826 gens
633 763 729 811 boc
750 763 1023 824 meritum3
1055 762 1220 825 majus
1241 761 1392 827 illud,
1408 760 1553 827 quod

481 853 572 889 eos
606 844 968 903 procuratores
991 838 1185 896 babes‚'
1206 842 1309 891 ἅο.
1376 838 1550 903 Idem,

479 928 716 966 mxxxvi.
740 918 789 965 3.
810 920 825 944 ‘
846 915 1049 968 Quibus
1082 916 1221 965 enim
1245 915 1559 966 muneribus·

479 994 677 1063 aquari
704 991 817 1042 baec
841 1006 967 1042 curs
990 992 1256 1056 principis,
1278 991 1393 1043 baec
1415 993 1549 1057 pati·

478 1069 644 1131 entia,
678 1074 851 1133 potest
868 1069 904 1118 ?’
948 1069 1204 1134 Equidem
1240 1083 1420 1120 sensus
1457 1069 1548 1119 bo·

478 1159 591 1194 rum
641 1144 916 1195 verborum
972 1143 1178 1196 facilius
1229 1146 1436 1197 videtur
1489 1146 1545 1196 in

476 1221 658 1271 oculos
691 1221 944 1272 lectorum
981 1222 1281 1272 incursurus
1303 1221 1480 1285 fuisse,
1501 1221 1553 1273 si‘

475 1296 682 1349 Plinius
745 1296 908 1361 priori
966 1298 1199 1348 membro
1254 1298 1547 1350 addidisset

474 1388 761 1438 pronomen
782 1376 888 1437 hoc,
909 1375 994 1424 vel
1024 1374 1161 1438 illud,
1181 1376 1317 1426 bunc
1347 1376 1401 1426 in
1435 1391 1546 1430 mo·

474 1451 620 1507 ditm,
646 1453 805 1510 Quare
836 1467 944 1515 ego,
967 1453 1153 1515 Caesar,
1182 1453 1303 1504 illud
1334 1454 1545 1504 mneri-

473 1529 561 1579 bus
593 1531 695 1579 tuis
725 1530 939 1580 omnibus
962 1544 1198 1594 comparo,
1218 1529 1383 1580 multis
1406 1535 1542 1581 oute·

465 1624 608 1673 poma,
628 1612 752 1673 qaod
782 1610 896 1660 licet
926 1609 1080 1666 nobis,
1098 1611 1180 1672 ξε.
1204 1616 1362 1674 prout
1389 1609 1545 1671 infra,

471 1698 586 1736 mv.
607 1692 653 1736 1.
676 1686 880 1750 scribit,
902 1694 917 1717 ⁸
934 1686 1074 1737 Illud
1096 1686 1384 1751 indignum,
1401 1686 1543 1751 quod

474 1764 656 1814 eodem
692 1763 963 1828 tempore,’
983 1767 1084 1814 ὅτε.
1144 1764 1343 1813 Verum
1377 1777 1443 1813 ea
1462 1764 1543 1827 ip-

472 1854 533 1889 sa
557 1841 864 1905 pronomina
896 1840 1057 1890 etiam
1090 1838 1218 1890 alibi
1237 1836 1545 1905 frequenter

473 1917 805 1973 omittuntur,
828 1922 885 1967 et
916 1923 1164 1981 tanquam
1200 1931 1295 1980 per
1327 1913 1553 1980 ἔλλειψιν

472 1993 874 2058 intelliguntur3
912 2008 961 2042 v.
983 2008 1034 2057 g.
1072 1993 1211 2043 Plin.
1246 1992 1419 2056 Epist.
1453 2007 1545 2045 ιιι.

472 2074 523 2119 5.
558 2070 909 2135 ‘Pergratum
946 2075 1042 2119 est·
1071 2069 1214 2130 mihi,
1246 2068 1384 2135 quod
1432 2076 1545 2120 tam

470 2146 757 2212 diligenter
790 2147 952 2197 libros
976 2147 1217 2198 avunculi
1251 2148 1355 2198 mei
1391 2147 1541 2198 lecti-

473 2227 592 2273 tas.’
656 2223 770 2274 Cic.
793 2222 962 2273 Attic.
982 2236 1023 2273 ι.
1044 2226 1097 2273 3.
1127 2224 1145 2252 ⁸
1166 2221 1320 2274 Quod
1354 2223 1422 2273 ad
1456 2239 1541 2275 me

470 2301 661 2352 scribis
685 2301 751 2351 de
782 2301 1167 2366 Hermathena,
1197 2301 1319 2352 mibi
1352 2302 1541 2366 gratis·

470 2378 659 2428 simum
694 2377 826 2429 est.’
888 2378 1038 2429 Idem
1064 2379 1130 2428 de
1167 2379 1345 2428 Dirin.
1366 2392 1433 2430 ιι.
1455 2383 1545 2431 24.

471 2456 489 2484 ⁸
515 2455 651 2506 Cato
674 2455 848 2506 mirari
871 2470 929 2506 se
958 2456 1152 2513 aiebat,
1175 2456 1312 2521 quod
1338 2471 1439 2507 non
1468 2458 1541 2508 ri-

471 2531 627 2583 deret
658 2534 934 2599 baruspeX,
954 2533 1280 2599 haruspicem
1314 2548 1435 2585 cum
1459 2535 1535 2584 vi·

468 2607 671 2679 disset!
715 2610 840 2662 Non
856 2610 1076 2661 obscure
1099 2618 1276 2661 autem
1292 2618 1538 2676 apparet,

467 2688 609 2738 unde
632 2703 731 2739 vox
752 2689 965 2739 ovantibus
983 2705 1017 2740 a
1044 2688 1352 2756 quibusdam
1380 2689 1551 2741 libra·—

468 2764 558 2814 riis
575 2765 656 2816 bis
674 2767 848 2830 posita
862 2768 930 2817 sit
947 2784 962 2829 ς
989 2779 1200 2832 nempe,
1212 2767 1333 2833 quia
1349 2767 1402 2817 in
1420 2767 1534 2817 aliis

467 2841 618 2892 libris
637 2844 888 2907 scriptum
917 2844 1246 2906 invenerant,
1264 2845 1540 2895 muneribus

466 2918 682 2968 omnibus
700 2920 800 2970 tais
819 2935 1066 2985 comparog
1097 2921 1150 2971 in
1172 2921 1308 2983 aliis,
1327 2921 1537 2971 muneri-

465 2994 556 3044 bus
580 2996 680 3046 tuis
703 2995 918 3045 omnibus
949 3011 1183 3061 comparo.
1223 2995 1382 3047 ‘Inde
1415 3004 1537 3062 prob

467 3084 668 3134 cusum,
684 3071 957 3123 muneribus
969 3072 1183 3124 omnibus
1201 3073 1300 3123 tais
1319 3074 1538 3124 omnibns

467 3161 701 3210 comparo.
769 3147 1035 3199 Gesnerus
1067 3163 1224 3212 nunc,
1258 3157 1312 3199 et
1347 3163 1534 3214 prono-

465 3223 608 3273 mine
630 3228 701 3286 te,
732 3231 790 3273 et
825 3222 1092 3288 superfluo
1123 3225 1350 3282 nomine,
1382 3226 1533 3275 omni·

466 3299 572 3362 bus,
593 3300 804 3363 omisso,
829 3308 1021 3353 nostran
1058 3301 1273 3351 lectioni
1303 3303 1534 3364 accedit,

466 3378 566 3429 hac
604 3376 783 3428 addita
823 3378 1197 3428 annotatione:
1234 3386 1248 3409 ⁶
1274 3378 1534 3444 Importu-

378 3458 386 3467 '
466 3469 591 3504 num
614 3459 662 3504 te
684 3454 824 3519 quod
858 3455 1118 3505 editiones
1151 3455 1321 3506 adbuc
1353 3470 1534 3508 omnes

465 3546 631 3598 prope
670 3530 910 3597 foedavit,
943 3533 1126 3583 moniti
1162 3546 1195 3582 a
1226 3532 1539 3599 Schwarzio,

465 3607 726 3672 ejicimus.
794 3608 1068 3672 originem
1106 3607 1224 3672 ejus
1265 3621 1538 3658 arcessen-

467 3686 586 3749 dam
625 3701 742 3737 cum
782 3686 963 3750 Lipsio
1002 3690 1243 3750 putamus
1281 3699 1312 3734 e
1347 3685 1534 3742 literis,

466 3762 630 3813 Tun.
650 3779 700 3816 e.
733 3764 979 3828 Trajane.
1047 3761 1292 3813 Alterum
1323 3763 1538 3813 omnibus

462 3840 653 3902 omitti,
681 3840 1071 3892 Schwarzianus
1114 3846 1274 3905 atque
1309 3839 1539 3903 Guelpb·

464 3917 605 3980 libri,
625 3919 843 3985 ipsaque
863 3918 996 3970 adeo
1026 3918 1310 3981 sententia,
1323 3917 1536 3981 jubent.

464 3994 745 4058 vulgatam
780 3997 857 4047 sic
898 3997 1304 4059 interpretabar,
1338 3996 1436 4053 Te,
1480 3997 1538 4046 in

464 4072 767 4123 muneribus
793 4072 897 4123 tuis
920 4073 1176 4137 omnibus,
1211 4073 1567 4138 principibus›

468 4147 707 4197 omnibus
728 4162 996 4212 comparo,
1018 4151 1196 4200 multis
1229 4150 1332 4201 tuis
1360 4164 1560 4200 mune·-

465 4223 612 4277 ribus
649 4230 937 4290 antepono,
971 4227 1129 4291 quod,
1152 4230 1253 4278 &c.
1319 4226 1424 4277 Sed
1460 4227 1539 4277 al·

468 4307 585 4350 tera
600 4299 762 4353 lectio
780 4300 920 4353 haud
938 4301 1096 4355 dubie
1120 4302 1339 4355 melior.’
1403 4302 1563 4357 Aru-2

1629 528 1833 581 taenias
1866 536 2045 580 autem
2075 533 2257 581 tuetur
2279 528 2699 596 utramque-lec·

1629 605 1822 656 tionem
1867 607 2164 669 vulgatam3
2203 612 2386 672 utpote
2430 606 2515 656 cui
2563 606 2697 656 ordo

1625 683 1906 734 sententia
1942 683 2152 735 videtur
2195 683 2460 748 postulare
2505 697 2699 748 prono·

1624 774 1744 811 men
1764 765 1834 822 te,
1849 775 2015 827 neque
2031 761 2313 826 quidquam
2335 760 2526 821 minus,
2541 770 2713 824 quam-

1625 834 1969 900 superfluere.
2037 837 2157 899 “r-5·
2195 834 2447 893 omnibus:
2501 837 2701 901 inquit,

1623 911 1760 963 ‘non
1800 912 2084 965 difficulter
2125 926 2395 974 carerem;
2442 913 2536 962 sed
2575 925 2711 962 cum-

1626 995 1831 1041 tantum
1882 1005 1983 1056 per
2034 992 2388 1056 conjecturam
2434 989 2705 1041 deleverit

1624 1067 1927 1132 Livineins3
1958 1069 2178 1120 duorum
2202 1067 2441 1119 codicum
2464 1067 2717 1117 auctori-'-

1623 1152 1705 1196 tas
1727 1147 1954 1198 nondum
1974 1147 2234 1198 subvertit
2249 1146 2571 1211 reliquorum
2589 1159 2704 1194 om-

1622 1223 1761 1274 nium
1797 1237 2126 1287 eonsensum,
2150 1223 2241 1274 ubi
2279 1229 2500 1287 utraque
2533 1223 2717 1271 lectio.

1619 1300 1759 1352 baud
1783 1302 2108 1352 incommode
2127 1298 2372 1352 feratur.’
2433 1300 2544 1350 Sed
2572 1299 2700 1350 alio·

1621 1392 1733 1429 rum
1749 1379 1951 1443 judicio
1973 1392 2082 1429 rem
2103 1379 2393 1429 committo.
2427 1377 2586 1426 Idem.

1703 1456 1867 1513 Quare
1903 1470 2013 1519 ego,
2058 1454 2251 1520 Cesar]
2306 1454 2474 1511 Quare
2508 1468 2604 1517 ego
2650 1458 2713 1503 te·

1624 1531 1810 1585 Coesar.
1842 1533 2015 1584 Lirin.

1688 1609 1794 1671 Ego
1813 1608 1887 1672 te]
1920 1607 2059 1659 Illud
2078 1612 2127 1658 te
2148 1606 2272 1657 mibi
2293 1602 2607 1670 superfluit:
2640 1612 2702 1657 et

1622 1692 1771 1736 estne
1792 1700 1822 1736 e
1845 1686 1983 1737 notis
2007 1691 2182 1736 natum
2208 1681 2317 1735 Tr?
2351 1683 2490 1749 quod
2527 1684 2703 1734 inter-

1620 1769 1830 1828 pretere
1857 1763 2084 1825 Τηύαιιε.
2115 1762 2263 1826 Lips-

1685 1840 1791 1892 Sub
1828 1843 2045 1905 amplo
2089 1836 2403 1904 monere]
2451 1836 2713 1887 Verbum.

1613 1931 1905 1982 Pfoemere
1924 1917 2139 1983 optimae
2162 1914 2464 1966 Latinitatis
2488 1923 2593 1972 est,
2617 1914 2721 1977 ip·-

1618 1996 1662 2047 si
1688 1996 1847 2046 etiam
1871 1994 2115 2047 Ciceroni
2132 1993 2404 2044 usitatum.
2441 1989 2538 2053 At,
2559 1997 2576 2020 ‘
2592 1990 2699 2043 sub

1616 2071 1896 2138 exemplo,'
1940 2073 1977 2122 i.
2002 2087 2053 2122 e.
2086 2085 2180 2136 per
2211 2070 2529 2134 exemplum,
2558 2075 2574 2099 ⁸
2600 2070 2700 2118 ali-

1616 2163 1773 2214 quem
1833 2147 2196 2213 praemonere,’
2247 2147 2527 2197 dictionem
2575 2160 2718 2196 ease.

1616 2226 1883 2291 precipue
1896 2226 2073 2275 Plinio
2088 2222 2517 2285 adamatam,jam
2533 2235 2702 2272 auno-

1616 2302 1749 2353 tavit
1761 2300 2092 2352 Arntaenius.
2127 2302 2216 2352 Sic
2234 2301 2371 2351 enim
2389 2300 2494 2354 iile.
2515 2300 2700 2362 Epist·

1614 2393 1679 2430 11.
1693 2384 1744 2429 6.
1756 2380 2056 2444 ‘Convenit,
2068 2413 2123 2431 ...
2144 2378 2353 2444 quoties
2369 2378 2474 2427 tale
2486 2376 2697 2441 aliquid

1614 2454 1882 2519 inciderit,
1914 2455 2011 2506 sub
2058 2457 2299 2519 exemplo
2345 2466 2699 2518 praemonere,

1612 2532 1738 2598 quid
1775 2533 1970 2583 debeas
2002 2529 2226 2597 fugere?
2292 2530 2462 2595 Epist.
2486 2543 2581 2579 ιιι.
2610 2533 2719 2580 18ω

1611 2611 1631 2639 ‘
1650 2610 1724 2661 Ut
1745 2609 1908 2661 futuri
1936 2611 2198 2674 principes
2220 2622 2321 2659 non
2345 2606 2495 2673 quasi
2525 2620 2558 2656 a
2579 2619 2707 2656 mae

1614 2687 1799 2752 gistro‚
1820 2686 1913 2737 sed
1939 2694 2113 2737 tamen
2137 2686 2235 2735 sub
2267 2685 2531 2748 exemplo,
2552 2698 2699 2748 pra«

1611 2771 1963 2815 monerentur.
1983 2763 1998 2787 '

1605 2852 1916 2905 praemoaere,
1934 2839 1998 2890 ad
2026 2841 2164 2890 bunc
2195 2838 2404 2891 modum
2435 2838 2696 2904 loquitur,

1612 2918 1816 2981 Paneg.
1830 2930 1912 2969 ιν.
1932 2923 1948 2947 ⁸
1966 2917 2195 2978 Placuit,
2209 2924 2272 2966 nt
2289 2915 2515 2966 consulis
2538 2928 2697 2980 voce,

1612 2993 1711 3045 sub
1735 2995 1889 3045 titulo
1911 2993 2194 3058 gratiarum
2225 2991 2565 3055 agendarum,
2600 2992 2715 3041 bo·⁸

1612 3071 1667 3121 ni
1714 3072 1995 3136 principes,
2035 3085 2151 3135 quae
2194 3068 2459 3132 facerent,
2506 3082 2696 3132 recog-

1610 3146 1936 3198 noscerent.'
2000 3146 2172 3211 Epist.
2211 3160 2255 3196 1.
2298 3149 2381 3197 18.
2412 3143 2717 3195 Ῥτοίιιάοε

1611 3225 1833 3290 dispice,
1853 3238 1919 3274 an
1944 3231 2001 3276 tu
2026 3238 2232 3290 quoque
2266 3223 2365 3273 sub
2384 3222 2485 3272 boc
2506 3236 2711 3275 exem-2

1611 3304 1698 3368 plo
1720 3303 1970 3353 somnium
2006 3302 2145 3351 istud
2175 3303 2228 3351 in
2251 3300 2443 3350 bonum
2469 3296 2716 3348 vertas.'=

1608 3381 1783 3445 Epist.
1818 3394 1897 3447 vt.
1930 3385 1981 3430 5.
2020 3379 2130 3428 ‘Ut
2167 3377 2426 3428 referrent
2464 3373 2563 3425 sub
2596 3388 2709 3423 ex·.

1609 3458 1786 3522 emplo
1825 3458 1955 3520 legis
1993 3456 2221 3507 ambitus
2261 3452 2330 3503 de
2371 3453 2490 3515 iege
2529 3464 2690 3515 repe.

1611 3532 1939 3585 tundarum.’
2027 3532 2204 3582 Aliter
2258 3529 2430 3595 Epist.
2486 3540 2594 3576 vn.
2641 3531 2693 3576 1.

1608 3612 1717 3662 ‘Ut
1752 3617 1809 3663 te
1838 3623 1945 3662 non
1978 3609 2092 3661 sine
2121 3608 2364 3671 exemplo
2385 3602 2709 3657 monerem-⁹·

1610 3688 1856 3743 Saltem-z.
2604 3718 2607 3729 .

1690 3766 2013 3816 Fanestoraas
2058 3760 2353 3828 principum]
2427 3759 2497 3810 In
2549 3757 2689 3809 libro

1610 3841 1866 3892 Vossiano
1903 3846 2210 3891 annotatum
2254 3844 2356 3898 est,
2366 3856 2373 3865 ·
2383 3836 2687 3896 sanctorm
2700 3852 2705 3855 ·

1610 3919 1782 3973 Quam
1822 3916 2161 3969 variationem
2196 3931 2228 3965 a
2266 3913 2487 3965 librario
2521 3912 2705 3962 sciolo*

1612 3993 1909 4060 profectam
1932 4006 2047 4044 esse
2080 4000 2229 4057 puto,
2250 3990 2356 4057 qui,
2380 4002 2500 4039 cum
2522 3987 2704 4037 anim-2

1613 4073 1938 4133 adverteret,
1979 4069 2048 4120 de
2103 4068 2340 4118 manibus
2387 4065 2707 4130 principum.

1610 4161 1909 4198 sermonem
1923 4160 2059 4208 esse,
2079 4143 2372 4210 principum
2381 4143 2684 4203 sanctor-aas,

1608 4225 1719 4276 sive
1739 4232 2080 4286 mortuorum
2094 4222 2202 4272 dici
2217 4220 2284 4278 de
2292 4222 2417 4270 bere
2437 4218 2705 4282 opinatus,

1611 4309 1715 4357 est.
1762 4304 1795 4359 ‚⁴
1810 4300 2137 4365 Funestam}
2159 4296 2353 4364 alioqui
2380 4294 2579 4349 dicitur
2602 4294 2703 4349 fun.

2082 2763 2185 2813 Sed
2240 2770 2299 2813 et
2356 2763 2464 2812 siue
2520 2762 2715 2814 verbm
