3017 4942
522 585 605 633 80.
640 588 656 610 ‘
679 581 1117 646 compensabatur
1138 577 1256 633 cum
1283 582 1496 632 summis
1518 582 1592 631 la·

520 657 735 710 boribus
765 658 1010 721 letitia?
1028 658 1044 683 '
1075 659 1164 709 ubi
1196 658 1407 709 additur
1430 658 1594 722 parti·

521 737 642 787 cula
667 739 682 766 ⁸
706 736 860 787 cum.’
924 738 1085 788 Secns
1117 737 1352 793 dicimus,
1371 737 1388 764 ⁸
1412 735 1593 785 vicesi-

518 829 621 864 mae
678 813 920 863 damnum
974 814 1187 863 civitate
1231 808 1595 877 compensari-⁸

520 891 783 941 Nimirum
808 891 1158 953 observamus,
1191 890 1242 939 in
1276 905 1372 939 nsu
1409 889 1591 939 horum

518 968 813 1029 verborum,
844 968 860 995 ⁸
885 965 1140 1031 pensare,’
1176 967 1193 994 ‘
1219 964 1595 1029 compensare,’

456 1073 457 1078 =
517 1046 536 1075 ‘
575 1043 890 1108 repensare,’
928 1057 1205 1093 occurrere
1246 1042 1392 1107 quasi
1430 1056 1592 1105 quan·

520 1118 640 1169 dam
682 1118 991 1181 ὑπαλλαγὴν.
1011 1119 1088 1169 ita
1112 1125 1171 1169 ut
1197 1117 1477 1184 aliquando
1497 1118 1590 1167 du-

519 1198 708 1262 plicem
722 1199 1005 1249 admittant
1016 1197 1478 1252 constructionem.
1491 1196 1591 1246 sal·

519 1289 588 1324 vo
610 1275 820 1340 quidem
852 1274 1037 1325 eodem
1068 1289 1242 1324 sensu.
1305 1274 1393 1324 Sic
1422 1274 1589 1339 loqui-

521 1359 605 1403 tur
627 1353 864 1404 Velleius
886 1367 949 1403 11.
966 1357 1048 1403 12.
1079 1354 1095 1381 ⁶
1120 1352 1321 1402 Marius
1353 1351 1452 1400 hac
1483 1351 1588 1400 vic·

518 1431 660 1480 toria
683 1432 888 1481 videtur
911 1430 1046 1479 bona
1074 1428 1217 1478 malis
1248 1425 1588 1493 repensasse.'

518 1506 577 1557 Si
621 1507 848 1557 invertas
892 1507 1007 1557 haec
1046 1505 1364 1570 ”posteriora
1408 1502 1588 1567 verba,

518 1584 537 1611 ‘
560 1583 722 1634 mala’
739 1584 1002 1649 [pristina‚
1025 1597 1057 1632 a
1078 1596 1133 1630 se
1156 1578 1442 1645 profectm]
1464 1579 1481 1608 ‘
1505 1593 1588 1628 re·

516 1674 763 1723 pensasse
804 1658 985 1723 bonis,'
1019 1658 1232 1708 babebis
1268 1656 1487 1706 eandem
1533 1661 1588 1705 et

426 1735 433 1740 “
513 1738 840 1787 usitatiorem
855 1735 1064 1802 quidem
1082 1733 1454 1797 clarioremque
1471 1745 1589 1782 sena

516 1814 755 1863 tentiam.
822 1814 888 1863 In
934 1812 1110 1876 priore
1152 1810 1289 1861 enim
1325 1816 1590 1860 structura

462 1941 467 1945 ,
514 1890 750 1941 Velleius
792 1890 969 1939 dicere
1005 1887 1153 1953 qnasi
1198 1886 1378 1943 voluit,
1411 1893 1426 1917 ⁸
1451 1886 1591 1936 bona

516 1979 614 2029 pro
657 1965 806 2016 malis
852 1962 1193 2029 repensasse.’
1255 1962 1404 2012 Idem
1451 1961 1589 2012 Vell.

514 2054 581 2092 11.
618 2045 731 2092 116.
763 2043 779 2071 ‘
807 2039 1118 2106 Imperatori
1159 2052 1414 2104 nunqnam
1452 2038 1588 2089 adeo

516 2118 624 2167 ulla
647 2125 943 2184 opportuna
984 2118 1092 2168 visa
1123 2123 1206 2167 est
1244 2115 1476 2166 victorie
1499 2131 1588 2167 oc-

514 2195 675 2258 casio,
706 2205 865 2261 quarn¹
898 2194 1085 2244 damno
1119 2194 1294 2246 amissi
1341 2197 1590 2257 pensaret

513 2271 732 2322 militis.’
797 2272 988 2322 Nonne
1034 2270 1266 2321 Velleius
1313 2270 1451 2319 idem
1495 2284 1587 2320 ex·

513 2350 789 2413 press‘nrns
812 2347 1018 2411 fuisset,
1039 2348 1100 2405 si,
1114 2350 1260 2399 velut
1280 2348 1484 2397 inverso
1507 2362 1589 2397 or·

514 2425 659 2485 dine,
683 2428 924 2491 dixisset,
955 2428 973 2458 ⁸
999 2443 1102 2493 qua
1132 2427 1376 2477 damnum
1416 2426 1588 2476 amissi

513 2503 696 2554 militis
713 2507 996 2569 pensaret,'
1010 2505 1120 2554 sive
1133 2505 1149 2532 ⁶
1171 2510 1533 2567 compensaret
1552 2501 1589 2552 ?’

512 2578 701 2631 Adbuc
722 2582 956 2631 Velleius
981 2596 1046 2632 ιι.
1069 2585 1153 2632 21.
1185 2583 1203 2611 ‘
1222 2581 1322 2632 Cn.
1345 2580 1588 2645 Pompei·

511 2668 571 2704 us
594 2654 857 2716 decessit3
893 2655 1039 2721 cujus
1063 2656 1304 2706 interitus
1328 2655 1590 2720 voluptas,

513 2731 839 2790 amissorum,
883 2739 973 2782 aut
1017 2732 1215 2797 gladio,
1261 2739 1352 2783 arnt
1390 2733 1591 2790 morbo,'

513 2809 710 2858 civium
754 2824 902 2873 pene
941 2809 1130 2859 damno
1166 2817 1444 2874 repensata
1471 2809 1591 2860 est-³

514 2884 778 2935 Converte
804 2891 1066 2949 postrema
1090 2885 1271 2947 verba,
1295 2893 1350 2935 et
1372 2885 1587 2936 habebis

513 2960 732 3011 eandem
756 2963 1096 3012 sententiam:
1133 2963 1150 2990 ‘
1167 2963 1317 3025 cujus
1342 2962 1584 3012 interitus

510 3038 783 3103 voluptate
800 3037 1045 3088 damnum
1056 3038 1266 3095 civium,
1284 3045 1372 3088 aut
1390 3039 1587 3103 gladio,

512 3121 606 3163 ant
640 3115 841 3171 morbo,
879 3115 1200 3177 amissorum,
1227 3129 1377 3178 paene
1399 3117 1585 3179 repen·

511 3188 725 3251 satum,’
748 3190 859 3238 sive
883 3194 898 3217 ‘
921 3199 1310 3253 compensatum
1337 3188 1458 3240 est!
1501 3191 1584 3241 Si-

510 3266 620 3315 mili
645 3266 892 3331 loquendi
930 3267 1134 3316 ratione
1175 3281 1297 3317 usns
1323 3273 1407 3317 est
1429 3268 1587 3319 Ovid.

511 3340 731 3392 Heroid.
772 3342 945 3405 Epist.
980 3356 1071 3392 ιιι.
1106 3348 1188 3393 50.
1235 3349 1250 3373 ‘
1274 3345 1376 3394 Tot
1409 3350 1583 3395 tamen

513 3417 713 3468 amissis
734 3419 1254 3483 tecompensavimus
1273 3433 1428 3470 unium
1445 3420 1478 3482 ;’
1496 3421 1586 3471 nbi

510 3494 782 3559 Heinsius,
822 3498 1104 3548 secundum
1161 3499 1405 3549 usitatam
1460 3514 1586 3549 con-

513 3576 876 3640 structionem,
928 3577 1126 3641 maluit,
1178 3577 1194 3605 ‘
1246 3578 1351 3628 Tot
1410 3584 1585 3628 tamen

509 3654 723 3703 amissos
749 3663 802 3702 te
833 3653 1450 3719 compensavimus'uno.'
1516 3655 1587 3704 Et

511 3726 745 3777 Gronov.
771 3729 900 3779 Obs.
920 3742 997 3779 lv.
1019 3733 1098 3779 13.
1113 3730 1265 3786 dixit,
1285 3729 1442 3778 etiam
1466 3742 1586 3792 pos·

508 3815 566 3852 se
608 3804 733 3866 legi,
766 3806 782 3832 ⁴
808 3805 914 3855 Tot
952 3812 1125 3854 tamen
1165 3804 1377 3853 anrissos
1410 3801 1585 3854 tecum

510 3881 844 3941 pensavimus
882 3880 1021 3930 nno-²
1088 3881 1150 3930 In
1185 3895 1286 3945 quo
1321 3894 1473 3930 versu
1511 3881 1588 3930 lo-

511 3956 689 4018 quitur
733 3956 928 4005 Briseis
969 3956 1035 4005 de
1076 3958 1265 4006 marito
1308 3963 1364 4005 et
1418 3956 1586 4006 tribus

511 4023 764 4098 (ratribus
788 4031 838 4080 in
874 4031 1265 4094 belloamissis,
1300 4033 1497 4096 aitque,
1529 4046 1587 4081 se

509 4104 692 4154 borum
708 4106 969 4168 jacturam
995 4122 1096 4158 uno
1120 4108 1326 4158 Achille
1343 4121 1589 4172 compen-

509 4191 666 4229 sasse.
703 4181 861 4244 Cujus
883 4196 1007 4231 vero
1025 4184 1125 4232 loci
1143 4183 1403 4246 vulgatam
1421 4184 1590 4248 scrip·

512 4261 684 4304 turam
704 4256 945 4307 defendit
967 4265 1023 4307 et
1039 4259 1317 4308 illustravit
1333 4260 1589 4309 Burman·

511 4345 626 4383 nus.
694 4333 813 4384 Nec
838 4334 1035 4385 alienus
1057 4331 1163 4386 fuit
1196 4336 1383 4387 Cicero
1407 4336 1471 4388 ab
1493 4337 1590 4388 bac

1152 433 1159 442 '
1217 434 1437 485 NOTAE
1486 432 1900 485 vAluomJM
1951 435 2035 485 m
2095 433 2106 440 ’

1667 580 1912 646 loquendi
1934 580 2128 638 fot-mar
2184 577 2378 630 Refero
2391 578 2680 630 imcloeum
2705 573 2738 630 a

1669 657 1845 720 Lipsio
1876 663 2158 716 ostensum,
2198 657 2316 705 Fin.
2346 669 2409 707 11.
2444 660 2527 706 30.
2560 660 2742 707 ‘com-·

1666 733 1980 797 pensabatur
1998 741 2172 783 tamen
2185 748 2301 784 cum
2319 734 2554 784 omnibns
2572 734 2739 797 [mor-

1667 811 1748 860 bis
1771 819 1827 861 et
1851 809 2135 873 doloribus]
2155 811 2311 859 animi
2340 809 2564 861 institia!
2622 811 2744 861 Sed·

1665 892 1721 936 et
1742 886 1918 936 dicere
1942 888 2215 951 potuisset,
2247 885 2264 912 ‘
2291 886 2362 935 Hi
2385 900 2564 936 omnes
2600 901 2738 937 mor·

1665 962 1717 1012 bi
1742 970 1797 1012 et
1825 963 2030 1014 dolores
2065 961 2539 1024 compensabantur
2571 964 2735 1014 animi

1665 1037 1883 1088 letitia!
1931 1038 2142 1088 Pariter
2175 1036 2368 1088 sustin.
2390 1052 2444 1088 v.
2466 1044 2516 1090 2.
2547 1042 2563 1067 ‘
2584 1039 2736 1090 Scie-

1664 1115 1814 1177 bant,
1839 1113 2166 1166 Alcibiadem
2188 1122 2369 1179 parata
2391 1130 2508 1166 cum
2532 1118 2736 1170 amissis

1664 1191 1884 1256 imperia
1930 1191 2189 1256 pensare.'
2251 1191 2525 1243 Potuisset
2556 1201 2615 1243 et
2649 1194 2750 1244 hic>
2789 1237 2796 1246 .

1661 1268 1892 1332 dicere,‘
1915 1268 2106 1320 amissa
2137 1271 2253 1319 cum
2279 1270 2473 1334 paratis
2508 1271 2747 1336 imperia·

1662 1359 1883 1409 pensare
1900 1362 1917 1408 ς
1934 1345 1950 1369 ’
1982 1348 2108 1407 me.
2131 1353 2190 1397 nt
2209 1343 2484 1410 περιφράζει
2501 1347 2742 1398 (ἔπαυον.

1660 1426 1676 1450 ⁴
1701 1421 1954 1479 sciebant.
1971 1420 2295 1473 Alcibiadem
2311 1430 2509 1473 tantum
2525 1423 2742 1488 imperii

1661 1499 1946 1563 recepisse,
1965 1506 2212 1572 quantum
2239 1500 2574 1564 perdiderat!
2622 1500 2736 1551 Ita«

1662 1589 1764 1641 qne
1801 1576 2184 1627 laudatissimus
2229 1578 2557 1627 Burmannus
2592 1577 2740 1629 bene

1662 1654 1956 1704 observavit
1979 1654 2045 1704 ad
2075 1656 2295 1706 citatum
2330 1656 2510 1706 Ovidii
2546 1656 2743 1721 locum,

1656 1730 1802 1781 ‘illas
1817 1731 2124 1794 locutiones,
2139 1733 2191 1782 in
2205 1731 2387 1797 quibus
2402 1732 2509 1782 sint
2524 1734 2743 1783 mutati-

1664 1825 1790 1861 ones
1814 1812 2075 1877 utrinqne‚
2110 1808 2402 1876 reciprocas
2426 1811 2538 1862 fere
2566 1827 2685 1863 esse
2704 1812 2746 1874 3’-

1661 1896 1818 1952 prout
1834 1888 1900 1939 de
1915 1888 2078 1939 verbo
2092 1888 2109 1917 ‘
2123 1889 2348 1940 mutare'
2361 1890 2558 1939 notarit
2573 1882 2744 1940 Bent-

1661 1963 1791 2012 leius
1815 1962 1880 2013 ad
1906 1956 2095 2014 Horat.
2111 1965 2218 2015 Od.
2242 1978 2306 2015 11.
2329 1970 2409 2015 15.
2435 1969 2517 2015 19.
2541 1971 2602 2015 ct
2620 1965 2738 2015 Sat.

1660 2053 1728 2091 ιι.
1751 2045 1802 2090 7.
1841 2045 1955 2091 109.
1989 2042 2076 2091 ubi
2117 2056 2305 2106 nempe
2335 2042 2613 2092 Bentleins
2642 2041 2741 2091 do-

1662 2123 1770 2176 cet,
1806 2119 1966 2168 etiam
1999 2119 2210 2170 verbum
2246 2126 2262 2150 ⁴
2287 2118 2523 2170 mutare'
2558 2119 2740 2184 dupli·

1660 2208 1773 2245 cem
1798 2195 2034 2258 recipere
2065 2195 2523 2252 constructionem,
2555 2201 2617 2243 ut
2649 2197 2746 2244 eo-'

1660 2269 1782 2320 dem
1803 2271 1958 2335 plane
1980 2284 2135 2320 sensu
2159 2271 2325 2334 possis
2356 2270 2552 2327 dicere,
2592 2278 2608 2299 ⁶
2624 2276 2745 2319 mni

1665 2347 1796 2397 tavit
1822 2348 2041 2411 patriam
2060 2346 2276 2411 exsilio,'
2293 2352 2350 2398 et
2368 2346 2623 2396 ‘mutavit
2645 2360 2739 2395 ex·

1662 2422 1832 2474 silium
1853 2423 2060 2489 patria.’
2126 2424 2348 2474 Interim
2381 2423 2544 2472 verba
2575 2422 2740 2472 Plinii

1665 2502 1948 2551 vernacula
1969 2508 2148 2551 nostra
2171 2501 2306 2551 bene
2335 2501 2739 2565 luculenterque

1663 2576 1925 2640 expressit
1951 2577 2222 2626 Dammius
2245 2591 2260 2626 z
2298 2576 2596 2626 Gleiclnoold
2618 2575 2742 2637 sun-

1662 2655 1752 2702 den
1770 2654 1872 2703 sich
1892 2654 2061 2705 immet·
2095 2657 2241 2716 iente,
2260 2655 2339 2705 die
2372 2670 2426 2703 so
2455 2669 2627 2717 grosse
2659 2655 2746 2704 ὀι-Ι

1658 2729 1830 2791 gierde
1848 2732 1969 2781 nael·
2000 2745 2173 2781 anem·
2195 2746 2364 2781 namen
2386 2731 2606 2793 hegelen,
2628 2732 2742 2781 dass

1660 2808 1733 2857 sie
1764 2809 2039 2870 glaubeten,
2076 2809 2156 2857 die
2187 2808 2297 2858 chre
2329 2810 2412 2857 des
2448 2807 2741 2857 Ro‘mischen

1661 2881 1998 2946 biirgerreclsts
2026 2883 2182 2934 kanna
2203 2883 2335 2933 nicht
2361 2898 2453 2933 nar
2470 2898 2634 2946 gegen
2648 2884 2743 2933 den

1660 2962 1984 3022 zwanzigsten
2013 2961 2231 3024 pseunig‚
2270 2961 2475 3010 scudem
2495 2959 2621 3009 auch
2651 2961 2742 3022 ge·

1654 3052 1753 3100 gen
1773 3038 1866 3087 deu
1884 3037 2092 3086 “huden
2114 3038 2165 3086 in
2182 3037 2315 3086 ihrer
2341 3036 2744 3095 unvandsclsqm

1655 3128 1752 3175 gar
1766 3114 1889 3163 avom
1897 3114 2058 3176 gleich
2066 3114 2319 3175 gerecknee
2332 3116 2540 3163 werden.
2567 3114 2739 3165 Idem.

1727 3190 1973 3240 Reductus
1995 3189 2142 3253 esset]
2170 3190 2343 3240 Liberi
2367 3189 2609 3255 quidem,
2617 3192 2739 3255 jure

1661 3273 1885 3330 naturae,
1907 3266 2098 3331 ubique
2127 3268 2322 3317 suntin
2349 3273 2621 3331 potestate
2649 3282 2742 3331 pa·

1660 3350 1864 3393 rentum
1884 3343 1912 3393 ε’
1933 3350 2008 3407 at,
2031 3343 2152 3410 quia
2170 3350 2407 3408 potestas
2432 3344 2610 3406 patria
2634 3343 2739 3393 Ro-

1660 3435 1930 3471 manorum
1949 3428 2090 3470 esset
2102 3421 2242 3485 juris
2263 3420 2570 3481 Quiritium,
2590 3421 2738 3485 cnjus

1661 3512 1763 3547 non
1787 3498 2074 3563 participes
2097 3505 2275 3547 essent
2303 3498 2537 3546 homines
2562 3497 2738 3547 condi‹

1659 3578 1818 3628 tionis
1843 3578 2169 3642 peregrinoe3
2201 3576 2376 3633 immo,
2401 3590 2519 3626 cum
2543 3589 2645 3626 nec
2665 3576 2737 3625 ci-

1664 3668 1755 3702 ves
1779 3653 1996 3703 Romani
2024 3666 2205 3702 recens
2230 3651 2359 3702 facti
2396 3666 2460 3700 eo
2499 3659 2742 3711 tempore·

1662 3730 1953 3778 retinerent
1997 3729 2131 3779 filios
2177 3730 2227 3777 in
2283 3742 2375 3779 sua
2430 3733 2734 3788 potestat03

1661 3817 1882 3857 necesse
1904 3811 2040 3868 erat,
2062 3812 2142 3865 ut,
2178 3805 2219 3849 si
2259 3799 2409 3850 liberi
2442 3801 2734 3851 succedere

1663 3882 1823 3946 gratis
1849 3877 2230 3930 vellent'bonis
2265 3876 2521 3940 paternis,
2554 3890 2625 3925 ex
2650 3876 2735 3926 be.

1662 3956 1853 4007 neficio
1877 3956 2127 4020 principis
2149 3952 2532 4003 reducerentur
2554 3953 2611 4001 in
2644 3967 2737 4016 pa-

1664 4034 1760 4083 tris
1803 4040 2143 4096 potestatem.
2208 4029 2296 4079 Sic
2331 4043 2453 4078 vero
2478 4030 2593 4092 jam
2617 4035 2632 4060 ⁸
2658 4043 2735 4078 re-

1662 4108 1809 4159 ducti
1831 4106 1845 4129 '
1867 4106 2191 4171 incipiebant
2210 4105 2329 4168 jure
2349 4104 2636 4155 Qniritium
2655 4119 2734 4154 es·

1662 4188 1789 4237 sein
1809 4194 2071 4250 potestate
2095 4184 2284 4249 patria.
2321 4181 2473 4232 Unde
2497 4182 2614 4232 haec
2631 4181 2736 4231 for·

1663 4263 1805 4313 mnia
1832 4278 1847 4312 ε
1880 4264 1896 4291 ⁶
1915 4260 2134 4311 simodo
2156 4258 2291 4308 filius
2314 4258 2563 4307 reductus
2592 4264 2733 4308 esset

1663 4338 1717 4389 in
1742 4338 1908 4404 patris
1932 4334 2285 4404 potestatem,’
2320 4340 2375 4385 et
2402 4346 2658 4386 xxxvru.
2681 4337 2732 4384 ⁷.
