3017 4942
753 442 816 492 c.
862 438 1105 492 rmnn
1154 441 1492 494 saeuum
1544 438 1822 493 unam
1899 444 1951 493 1.
1997 425 2104 492 12.

310 582 650 652 appellatus?
671 586 774 636 ὅτε.
820 584 1040 637 Palm-01.

377 664 497 713 Non
539 662 764 729 emimus]
815 663 888 713 Ut
926 663 1270 728 Domitianus,
1310 661 1378 715 de

312 756 413 809 quo
446 741 666 791 Tacitus
700 741 755 790 in
784 739 964 805 Agric.
1008 742 1247 806 ‘Emptis
1285 754 1380 805 per

313 817 882 882 commercia,quorum
902 816 1110 866 babitus
1131 826 1185 867 et
1209 819 1380 867 crines

312 895 365 946 in
388 895 724 959 captivorum
747 893 973 960 speciem
995 890 1381 944 formarentur.’

376 1051 498 1099 Noa
537 1048 759 1114 emimus]
803 1048 1022 1099 Factum
1063 1048 1382 1111 Domitiano,

311 1128 399 1192 qui
442 1134 499 1176 et
539 1125 699 1176 falsos
743 1127 982 1189 captivos
1021 1127 1168 1185 emit,
1202 1125 1266 1175 ad
1304 1125 1381 1174 in-

310 1211 665 1254 strumentum
706 1203 969 1266 triumphi.
1053 1202 1268 1252 Tacitus
1310 1200 1381 1251 Α·

310 1283 442 1345 grie.
465 1296 587 1346 cap.
609 1284 694 1331 39.
716 1287 732 1310 ⁴
752 1280 1032 1343 Emtis·per
1055 1279 1384 1336 commercia,

312 1372 534 1423 quorum
559 1358 765 1408 babitus
796 1364 851 1407 et
880 1358 1049 1407 crines
1072 1356 1124 1405 in
1147 1356 1381 1420 captivo-

309 1449 426 1486 rum
446 1435 681 1500 speciem
705 1432 1086 1485 formarentur?
1135 1433 1273 1496 Lips-

376 1514 497 1563 Non
517 1513 742 1577 emimus]
775 1512 861 1561 De
894 1510 1189 1573 hujusmodi
1228 1508 1384 1559 mimo

309 1590 618 1641 consulatur
645 1591 771 1638 item
796 1588 1111 1637 Themistius
1147 1586 1384 1637 oratione

310 1667 378 1719 ad
399 1667 687 1718 Valentem
724 1664 864 1730 Imp.
897 1664 964 1714 de
997 1664 1159 1714 Pace.
1227 1665 1384 1714 Cete-

308 1758 447 1801 rum,
482 1743 780 1807 principum
814 1757 879 1792 ea
917 1754 1033 1790 esse
1068 1741 1292 1805 ingenia,
1325 1748 1384 1791 ut

312 1822 579 1872 nominum
610 1820 783 1886 potius
814 1820 1078 1870 declinent
1103 1818 1386 1881 turpitudi-

311 1914 432 1951 nem
478 1913 634 1963 quam
677 1912 868 1955 rerum,
902 1895 1221 1947 ostendimus
1259 1897 1387 1946 satis

313 1977 381 2028 ad
419 1977 508 2026 illa
530 1975 700 2026 Taciti
726 1975 861 2026 Anu.
885 1987 972 2024 m.
1006 1976 1089 2024 33.
1123 1980 1139 2003 ⁴
1163 1973 1386 2023 Facilem

312 2054 596 2106 adsensum
628 2053 805 2114 Gallo,
839 2051 934 2101 sub
960 2049 1256 2100 nominibus
1295 2049 1388 2099 ho-

310 2131 480 2183 nestis
499 2124 758 2181 confessio
772 2129 1013 2178 vitiorum
1029 2134 1085 2179 et
1102 2124 1388 2177 similitudo

309 2208 642 2260 audientium
665 2205 848 2256 dedit-³
894 2205 1049 2255 Idem.

380 2284 675 2348 Ingentibus
688 2281 895 2345 damnis]
918 2280 1255 2333 Pecuniariis.
1281 2279 1387 2332 Sed

309 2360 431 2414 baec
455 2363 635 2428 priora
657 2369 711 2411 et
741 2358 1014 2425 subjuncta
1049 2361 1216 2410 lucem
1255 2360 1391 2409 acci-

309 2441 465 2507 piant
492 2456 525 2490 a
549 2439 741 2489 Dionis
771 2439 907 2502 loco,
935 2438 1023 2503 qui
1046 2439 1097 2487 in
1125 2434 1388 2488 Fulviauis

311 2516 672 2582 Fragmentis,
693 2531 743 2580 p.
765 2519 878 2567 400.
905 2515 1220 2578 publicatus.
1277 2513 1389 2578 Ait,

307 2608 403 2646 me
438 2601 703 2655 vertente,
743 2593 1108 2663 ‘Domitianus
1149 2590 1316 2642 victus
1359 2607 1390 2641 a

308 2669 711 2722 Marcomannis
745 2678 799 2718 et
834 2667 1064 2732 fugatus,
1085 2668 1228 2719 misit
1252 2670 1392 2719 illico

307 2748 382 2800 ad
402 2746 731 2799 Decebalum
749 2747 1023 2795 Dacorum·
1041 2760 1236 2809 regem,
1254 2761 1392 2796 eum.

308 2839 420 2891 que
444 2822 517 2873 ad
554 2834 736 2886 paoem
769 2821 1031 2872 invitavit.
1072 2818 1272 2873 ‘Quam
1302 2821 1390 2870 ille

310 2900 575 2963 suscepit,
610 2913 709 2949 nec
749 2898 824 2947 sic
859 2904 1054 2961 tamen,
1086 2903 1146 2947 ut
1179 2898 1290 2961 ipse
1326 2896 1390 2947 sd

309 2977 681 3028 Domitianum
734 2973 974 3024 veniret:
1030 2974 1123 3025 sed
1166 2975 1390 3039 Diegem

311 3053 585 3119 quendam
623 3050 783 3108 misit,
817 3052 907 3116 qui
948 3065 1096 3101 arma
1129 3066 1296 3115 pauca
1334 3059 1392 3103 et

311 3133 480 3193 viros,
504 3130 655 3194 qn'asi
689 3127 946 3191 captivos,
967 3127 1222 3178 traderet.
1289 3128 1393 3178 Eo·

313 3220 420 3274 que
459 3206 628 3263 facto,
652 3205 1000 3262 Domitianus,
1037 3212 1095 3254 ut
1127 3219 1252 3254 vere
1284 3205 1392 3255 vic-

315 3293 422 3343 tor,
445 3285 697 3337 diadema
718 3284 874 3347 Diegi
908 3282 1153 3346 imposuit
1177 3282 1394 3349 (nempe

314 3365 414 3427 illi,
439 3363 534 3414 sed
559 3363 612 3412 in
639 3361 805 3412 vicem
837 3375 1126 3427 nomenque
1162 3361 1395 3411 absentis

315 3436 615 3503 Decebali)
659 3447 916 3503 tamquam
961 3445 1017 3488 et
1059 3439 1172 3501 ipse
1215 3453 1392 3500 regem

320 3517 488 3568 Dacis
512 3516 642 3565 dare
663 3522 866 3578 posset:
896 3520 951 3564 et
976 3514 1223 3563 militibus
1245 3528 1395 3564 coro-

316 3609 435 3657 nas,
459 3601 515 3642 et
530 3591 674 3645 dona
697 3590 1016 3656 pecuniaria,
1039 3590 1238 3642 divisit.
1289 3591 1394 3642 Ro·

318 3687 475 3723 mam·
505 3670 669 3720 etiam
713 3669 862 3734 quasi
902 3667 1091 3730 victor,
1129 3683 1244 3718 cnm
1292 3669 1395 3718 alia

318 3748 487 3809 misit,
512 3754 622 3796 tum
646 3752 701 3795 et
733 3745 957 3809 legatos,
977 3751 1037 3793 nt
1060 3760 1088 3793 a
1112 3746 1395 3808 Decebalo‚

321 3833 378 3877 et
419 3823 717 3888 epistolam*
743 3822 810 3872 ab
850 3822 1052 3883 eodem,
1088 3837 1240 3886 quam
1283 3822 1395 3888 ipse

320 3912 499 3955 tamen
519 3901 790 3952 ferebatur
809 3901 1147 3951 confinxisse:
1172 3908 1226 3950 et
1251 3916 1394 3965 pom·

320 3996 445 4048 pam
469 3970 838 4045 triumphalem
875 3978 1152 4043 splendide
1180 3979 1396 4028 adorna·

325 4062 423 4119 vit,
467 4074 574 4109 non
616 4071 683 4106 ex
725 4058 785 4105 iis
825 4069 968 4115 sane,
1009 4070 1127 4120 quae
1172 4055 1284 4120 ipse
1329 4055 1399 4104 ab

325 4137 565 4188 hostibus
587 4134 853 4197 cepisset;
889 4146 1005 4180 nam
1040 4133 1209 4182 omnia
1244 4133 1400 4182 aliter

329 4222 499 4275 erant,
522 4220 683 4275 atque
717 4208 849 4258 adeo
874 4209 1090 4257 multam
1126 4211 1399 4273 pecuniam

332 4293 395 4341 ad
434 4303 623 4355 pacem
657 4287 786 4336 hanc
821 4284 1091 4335 emendam
1126 4293 1182 4336 et
1220 4289 1403 4338 statim

331 4364 537 4430 effudit,
573 4369 631 4414 et
665 4363 718 4414 in
758 4367 1022 4428 posterum
1055 4362 1212 4416 etism
1246 4362 1403 4415 datu-²

2389 424 2525 494 485

1455 601 1569 638 rum
1604 598 1661 637 se
1698 586 1966 651 promisit3
2002 593 2260 652 praeterea
2294 585 2522 638 artifices

1456 671 1513 715 et
1531 665 1798 729 operarios
1820 680 1971 715 omne
1996 679 2174 728 genus,
2197 665 2276 714 vel
2300 666 2415 730 paci
2442 666 2523 716 vel

1456 741 1595 792 bello
1618 741 1793 805 utiles,
1816 742 2087 792 Decebalo
2118 741 2363 792 donavit:
2399 756 2523 798 non.

1457 820 1688 884 inquam,
1723 834 1789 867 ex
1829 821 2046 868 hostium
2087 819 2283 880 spoliis,
2326 818 2417 868 sed
2457 834 2524 869 ex

1458 895 1830 960 principalibus
1855 895 2067 944 tributis
2093 893 2374 944 instruiitss
2426 896 2526 951 En,

1459 984 1641 1037 pacem
1675 986 1706 1021 a
1741 971 2046 1021 Domitiano
2085 978 2296 1027 emtam,
2329 983 2396 1020 en
2434 973 2529 1021 nii.

1458 1048 1622 1098 micos
1646 1048 1956 1112 triumphos!
1995 1046 2174 1112 Atq'ue
2196 1048 2263 1097 ab
2285 1048 2360 1097 his
2386 1050 2526 1113 prin·

1460 1126 1610 1190 cipiis
1647 1127 1705 1191 (o
1745 1126 1981 1183 Romani,
2011 1140 2113 1189 qno
2148 1125 2313 1177 ivistis
2330 1125 2377 1191 ?)
2409 1140 2531 1190 pas-

1461 1207 1555 1254 sim
1594 1211 1778 1267 postea
1813 1203 2021 1253 barbari
2056 1216 2185 1254 auro
2225 1204 2446 1254 redemti
2470 1211 2527 1255 et

1462 1280 1720 1330 adstricti.
1751 1278 1917 1331 Attila
1942 1294 2034 1330 rex
2058 1280 2225 1331 facete
2249 1280 2303 1329 id
2329 1279 2529 1345 objecit

1463 1368 1521 1410 et
1556 1359 1874 1424 suggillavit,
1910 1360 2293 1410 narratiuncula
2337 1360 2528 1410 veteris

1463 1437 1755 1501 scriptoris,
1778 1435 1917 1500 apud
1939 1434 2151 1487 Suidam
2173 1454 2186 1487 ε
2220 1440 2236 1466 ⁸
2256 1438 2386 1488 Cum
2410 1439 2528 1489 Me·

1463 1508 1763 1577 diolanum,'
1787 1514 1969 1578 inquit,
1991 1516 2007 1542 ‘
2027 1514 2270 1578 cepisset,
2285 1514 2530 1566 vidisset-

1462 1606 1565 1656 que
1605 1590 1679 1641 ibi
1722 1592 1774 1639 in
1816 1590 2040 1654 pictura,
2075 1588 2339 1641 Romanos
2386 1591 2530 1656 prin-

1463 1668 1608 1730 cipes
1632 1668 1763 1717 solio
1786 1681 1943 1717 aureo
1974 1664 2280 1733 insidentes,
2302 1669 2531 1732 Scythas

1463 1752 1638 1793 autem
1679 1746 1743 1793 iis
1786 1742 2054 1812 adlpedes
2091 1746 2366 1810 jacentes3
2415 1747 2531 1810 ipse

1463 1830 1661 1882 contra,
1695 1834 1808 1870 sese
1835 1820 1990 1884 jussit
2027 1821 2170 1885 pingi
2206 1820 2334 1871 solio
2372 1822 2534 1872 subli-

1463 1911 1619 1961 mem,
1663 1897 1919 1947 Romanos
1964 1907 2137 1949 autem
2184 1901 2530 1963 imperatores

1463 1976 1697 2025 sacculos
1733 1974 1959 2024 humeris
1999 1975 2250 2042 bajulare,
2270 1984 2324 2027 et
2350 1992 2532 2030 aurum

1463 2050 1733 2103 effundere
1758 2052 1823 2103 ad
1847 2054 1957 2118 ejus
1985 2054 2185 2117 pedes.·
2248 2054 2382 2107 Haec
2415 2056 2535 2107 Sui·

1464 2131 1557 2180 das
1580 2132 1631 2180 in
1655 2130 1884 2193 Κόρυκος.
1934 2130 2087 2182 Idem.
2149 2134 2155 2143 '
2461 2148 2467 2157 ·

1530 2207 1814 2270 Ingentibus
1828 2209 2039 2274 damnis]
2064 2207 2387 2261 Vocabulum
2399 2210 2533 2261 dam-

1464 2285 1544 2333 nis
1582 2284 1649 2333 ab
1694 2287 1935 2334 omnibus
1982 2285 2269 2336 editoribus
2313 2286 2536 2338 antehac

1467 2370 1547 2411 est
1573 2363 1893 2424 evulgatum.
1959 2363 2022 2412 In
2045 2363 2226 2414 codice
2261 2378 2377 2414 meo
2409 2364 2534 2429 lego

1463 2439 1639 2498 donin
1689 2455 1842 2505 quam
1891 2440 2169 2491 lectionem
2208 2455 2313 2490 non
2353 2441 2534 2504 paneis

1466 2517 1717 2581 exemplis
1761 2518 2101 2580 comprobare
2145 2517 2286 2567 nisus
2328 2530 2439 2567 sum
2479 2519 2533 2567 iu

1467 2594 1687 2644 Excurs.
1710 2608 1835 2645 xix.
1893 2593 2139 2645 Nondum
2166 2602 2341 2644 tamen
2366 2595 2534 2646 audeo

1466 2671 1738 2736 pristinam
1762 2680 1818 2722 et
1843 2670 2035 2736 ubique
2064 2673 2327 2736 vulgatam
2352 2688 2535 2723 vocem

1465 2747 1536 2798 de
1558 2748 1887 2813 possessione
1911 2762 2005 2798 sua
2028 2747 2275 2812 dejicere,
2300 2751 2535 2814 quamvis

1466 2824 1604 2873 baud
1647 2824 1903 2875 destituar
1947 2824 2148 2876 calculo
2192 2825 2539 2876 Gesnen‘ano.

1465 2901 1713 2951 Fortasse
1750 2900 1951 2949 Plinius
1992 2915 2139 2966 oeque
2179 2900 2311 2950 bene
2354 2902 2536 2952 dicere

1467 2978 1661 3043 potuit,
1683 2977 1869 3027 damnis
1887 2992 2040 3028 emere
2069 2983 2118 3028 et
2143 2977 2322 3042 pacisci
2352 2994 2536 3042 paceni,

1469 3068 1534 3103 ac
1571 3053 1887 3104 Claudianus
1921 3053 1989 3102 de
2025 3052 2182 3105 Cous.
2216 3066 2296 3105 iv.
2336 3055 2540 3105 Honor.

1466 3133 1584 3178 456.
1621 3128 1774 3187 dixit,
1825 3130 1841 3157 ‘
1863 3129 2175 3180 Germanica
2207 3127 2411 3181 foedera
2433 3162 2539 3181 ...-

1468 3206 1648 3256 Marte
1672 3205 1765 3256 sed
1789 3206 2030 3268 ancipiti,
2055 3206 2146 3256 sed
2170 3207 2348 3257 multis
2373 3206 2538 3257 cladi·

1470 3282 1587 3338 bos,
1607 3282 1782 3332 emta!
1829 3282 2068 3333 Schmun-z.

1521 3359 1847 3423 Paci-scimur]
1875 3360 2107 3411 Allusum
2128 3373 2333 3424 semper
2349 3359 2413 3410 ad
2431 3361 2542 3411 Do-

1469 3440 1760 3490 mitianum.
1829 3439 2054 3489 Abunde
2086 3439 2282 3503 Xipnil.
2313 3439 2539 3489 Potor-ol.

1536 3517 1842 3579 Muneribus,
1881 3516 2188 3580 paciscimur]
2242 3515 2427 3566 Claud.
2468 3515 2538 3564 de

1469 3594 1636 3645 Stilic.
1703 3580 1842 3646 ‘Qui
1883 3607 1982 3643 nec
2018 3590 2342 3657 principibus
2388 3591 2540 3639 donis

1470 3671 1815 3736 precibusque
1834 3724 1842 3735 ‚
1858 3671 2032 3719 vocati
2064 3671 2374 3725 Paruerant,
2402 3667 2537 3731 jussi

1471 3745 1793 3812 properant!
1843 3746 1985 3810 Lips.

1543 3823 1753 3885 Rogant,
1791 3821 2084 3886 supplicant]
2136 3821 2242 3870 Dio
2282 3820 2334 3869 in
2375 3821 2534 3885 Frag-

1472 3901 1694 3950 mentist
1736 3896 1852 3947 Ὀτι
1882 3900 2108 3948 πλεῖσται
2144 3895 2253 3945 ὅσαι
2288 3899 2546 3959 πρεσβεῖαι

1471 3977 1587 4041 πρὸς
1605 3975 1834 4041 Τραϊανὸν
1856 3973 1984 4039 παρὰ
2013 3972 2266 4039 βαρβάρων
2288 3975 2453 4024 ἄλλων
2481 3992 2539 4024 τε

1472 4053 1552 4104 καὶ
1573 4053 1739 4102 Ἰνδῶν
1758 4049 2005 4114 holitori-o·
2064 4053 2206 4109 Quod
2233 4053 2358 4100 corii
2378 4053 2546 4100 multi·

1473 4145 1571 4194 qne.
1582 4130 1753 4194 legati,
1774 4144 1879 4177 cum
1897 4128 1958 4177 ab
1979 4129 2091 4178 aliis
2111 4127 2347 4191 barbaris,
2367 4133 2469 4176 tum
2490 4132 2542 4177 et

1472 4206 1535 4255 ab
1556 4206 1715 4269 Indis,
1740 4206 1804 4254 od
1832 4204 2089 4266 Trojnnum
2123 4203 2355 4252 venerint.
2416 4203 2540 4251 -Etsl

1474 4286 1591 4335 haec
1618 4284 1784 4348 magis
1822 4293 2008 4347 postea
2040 4289 2207 4345 gesta,
2242 4280 2378 4329 sicut
2400 4287 2456 4328 et
2478 4279 2539 4328 il·

1476 4361 1585 4423 lud,
1618 4358 1757 4427 quod
1791 4359 1842 4409 in
1882 4359 2066 4411 Dionis
2098 4354 2406 4421 compendio
2424 4365 2535 4407 esti
