3017 4942
465 370 657 468 642*

1165 410 1388 461 NOTAE
1439 411 1537 461 VA
1552 410 1848 463 tumtun
1898 413 1983 463 nt

466 559 586 612 Art.
628 574 668 610 r.
702 563 782 610 17.
812 557 1024 620 scribat,
1061 561 1077 587 4
1095 555 1293 612 Omnes
1329 555 1541 622 profudi
1612 559 1825 609 Saturni
1850 557 1950 609 {uit
1974 557 2120 610 locus
2150 558 2374 610 munitus
2397 564 2451 612 et
2474 557 2688 625 conspi-

465 634 604 686 vires
633 635 787 700 animi
825 643 983 700 atque
1016 633 1205 696 ingenii
1240 632 1375 684 mei?
1439 634 1540 684 Ce-

468 721 658 777 terum,
681 713 731 761 in
752 710 925 762 verbis
949 710 1305 775 sequentibus,
1326 714 1384 759 ut
1402 712 1473 760 sol
1492 714 1543 759 et

466 792 592 858 dies,
644 805 781 841 nnus
836 788 1006 842 codex
1052 789 1362 850 Vaticanus,
1414 789 1541 838 item

468 866 792 933 Guelpherb.
826 874 884 918 et
929 865 1215 920 Vossianus
1253 867 1450 917 babent
1487 871 1545 918 ut

471 948 560 1003 sol.
583 952 639 997 ut
658 946 796 1004 debs,-
828 944 966 1012 quod
989 944 1150 996 etiam
1181 943 1358 996 arrisit
1379 943 1541 994 Arnt·

479 1026 646 1076 xenio.
678 1025 831 1081 Idem.

540 1100 720 1150 Omnia
735 1099 1026 1166 profudisti]
1066 1099 1244 1152 Omnia
1265 1099 1545 1165 perfudisti,

470 1177 644 1229 Liviu.
690 1180 744 1228 iu
789 1186 937 1228 textu
962 1195 981 1240 ς
1034 1178 1124 1228 sed
1172 1178 1225 1228 in
1286 1180 1544 1242 margine,

469 1254 487 1282 4
514 1253 654 1304 forte
673 1254 835 1306 οωκία
857 1255 1119 1321 profudisti
1138 1271 1157 1306 .·
1174 1253 1189 1277 ’
1231 1263 1394 1306 recte.
1429 1254 1545 1304 Rit-

469 1332 617 1384 tersit.

544 1408 613 1459 Ut
646 1408 743 1473 sol]
778 1408 924 1474 Apta
962 1410 1155 1475 imago,
1188 1416 1244 1460 et
1274 1408 1454 1460 similis
1491 1409 1544 1459 in

471 1484 766 1550 Symmachi
793 1487 966 1552 Epist.
990 1500 1074 1538 11.
1100 1492 1148 1539 l.
1179 1488 1361 1539 ‘Sicut
1381 1487 1547 1537 omni-

467 1564 563 1617 bns
611 1565 663 1616 iu
702 1567 796 1617 ltac
841 1568 949 1616 vita
1003 1568 1189 1631 positis
1242 1582 1305 1618 ac
1361 1567 1547 1617 locatis

470 1644 755 1694 communis
781 1650 863 1694 est
886 1645 1004 1695 coeli
1028 1645 1262 1708 spiritus,
1286 1646 1375 1694 lux
1406 1644 1507 1694 diei
1531 1659 1546 1707 ;

469 1719 548 1769 ita
566 1720 900 1769 clementiam
925 1721 1135 1770 maximi
1160 1721 1407 1785 principis
1429 1735 1547 1770 sen·

469 1796 610 1847 tiant
672 1803 798 1848 vota
862 1804 918 1851 et
984 1796 1127 1848 facta
1190 1804 1516 1848 cunctorum.
1536 1796 1551 1820 '

472 1873 611 1937 Lips.

484 2003 491 2010 ,
546 1952 618 2001 Ut
659 1949 754 2014 sol]
808 1950 1055 2001 Assertor
1097 1950 1236 2001 orbis
1279 1952 1428 2001 Deus
1480 1950 1548 2000 de

475 2029 609 2086 Deo.
651 2028 847 2078 Mattb.
870 2041 924 2077 v.
955 2033 1037 2084 45.
1071 2026 1146 2078 ὅτι
1179 2026 1266 2078 τὸν
1295 2026 1436 2087 ἥλιον
1467 2028 1549 2077 αὖ·

470 2105 561 2155 τοῦ
583 2102 839 2154 ἀνατέλλει
862 2104 941 2154 ert
970 2103 1199 2170 πονηροὺς
1220 2105 1301 2156 καὶ
1321 2103 1548 2170 ἀγαθοὺς,

470 2184 595 2247 quod
616 2183 761 2233 solem
782 2196 917 2233 sumu
936 2182 1152 2246 proferat
1176 2184 1316 2233 malis
1334 2190 1382 2235 et
1401 2184 1549 2235 bouis.

472 2259 637 2318 Beru.

488 2378 501 2386 .
542 2337 680 2387 CAP.
717 2350 922 2389 xxxvi.
987 2338 1260 2403 AErarr'am]
1308 2339 1383 2389 Ut
1433 2339 1550 2389 Pli-

474 2411 590 2466 nius
621 2413 829 2464 laudem
869 2413 1102 2478 Trajani,
1140 2427 1170 2464 e
1203 2414 1434 2466 coercita
1457 2415 1549 2466 de-

474 2489 701 2540 latorum
736 2491 936 2541 malitia
974 2500 1198 2556 partam,
1243 2491 1550 2556 amplificet,

472 2578 612 2615 nunc
636 2566 911 2631 speciatim
948 2567 1017 2618 de
1049 2568 1065 2596 ‘
1088 2568 1275 2618 aerario
1295 2565 1312 2591 ’
1347 2574 1402 2617 et
1436 2567 1552 2618 ‘fis-

475 2644 569 2695 co'
601 2646 745 2710 agit3
776 2645 916 2712 qnia,
947 2652 1007 2697 nt
1043 2647 1154 2710 ipse
1190 2644 1348 2705 infra,
1383 2660 1434 2697 c.
1467 2650 1552 2699 42.

477 2722 574 2785 ait,
597 2722 819 2774 antehac
855 2722 1146 2774 delationes
1185 2739 1215 2772 e
1255 2723 1372 2786 lege
1409 2722 1553 2774 Julia

477 2805 534 2848 et
568 2799 818 2863 Voconia,
851 2800 1092 2865 aliisque,
1127 2795 1392 2864 p'raecipue
1427 2812 1553 2848 vero

478 2887 508 2926 e
532 2874 822 2939 majestatis
847 2876 1078 2933 crimine,
1101 2874 1337 2925 aerarinm
1376 2881 1431 2924 et
1464 2872 1553 2923 fis-

477 2965 594 3002 cum
611 2951 964 3016 maximopere
985 2950 1387 3015 locupletarant.
1423 2950 1553 3014 Ipse

477 3024 750 3091 Augustus
775 3027 971 3078 dicitur
990 3027 1175 3077 Tacito
1191 3027 1331 3078 Anu.
1356 3040 1443 3078 ιιι.
1466 3032 1551 3080 25.

476 3103 644 3166 legem
691 3103 909 3167 Papiam
967 3103 1258 3168 Poppaeam
1313 3104 1553 3167 augendo

482 3180 670 3230 aerario
704 3179 957 3229 sanxisse.
1021 3179 1300 3239 AErarium,
1326 3181 1460 3246 quod
1483 3181 1553 3232 ab

478 3254 752 3307 inferendo
770 3271 874 3307 tere
890 3271 1074 3308 nomeu
1092 3257 1388 3324 habet‚jam
1405 3259 1555 3309 aVa-

479 3332 612 3381 letio
628 3332 923 3398 Poplicola,
940 3334 989 3383 in
1006 3334 1275 3398 republica
1289 3336 1470 3398 libera,
1482 3336 1556 3386 in-

480 3408 744 3472 stitutum,
758 3413 1146 3474 receptaculum
1163 3410 1265 3464 fuit
1288 3427 1444 3476 opum
1461 3428 1552 3478 po·

479 3486 591 3550 puli
616 3487 856 3544 Romani,
874 3494 928 3537 et
950 3488 1188 3539 custodia
1211 3489 1438 3554 publicoe
1463 3505 1552 3554 pe-

482 3565 671 3625 cuniae,
695 3564 805 3614 sive
829 3580 859 3616 e
885 3567 1224 3631 vectigalibus
1246 3575 1301 3618 et
1325 3568 1555 3627 tributis,

483 3640 593 3690 sive
617 3655 647 3691 e
670 3640 817 3691 bouis
841 3641 1345 3706 damnatorum,sive
1369 3660 1399 3695 e
1422 3661 1556 3711 prae·

482 3716 551 3768 da
586 3718 821 3783 militari,
859 3720 1072 3771 rediret.
1154 3722 1295 3773 Hinc
1334 3723 1448 3773 Cic.
1487 3723 1555 3773 ad

482 3792 600 3850 Art.
625 3809 727 3846 vn.
750 3800 832 3846 15.
865 3799 1160 3862 pecuniam,
1186 3813 1301 3863 quoe
1337 3800 1388 3848 in
1424 3815 1556 3850 oera·

484 3871 563 3919 rio
586 3878 715 3927 erat,
739 3881 894 3923 vocat
924 3874 941 3902 4
959 3875 1216 3938 publicam
1242 3875 1557 3939 pecuniam.'

484 3948 771 4006 servandae
805 3950 923 4000 huic
959 3951 1199 4015 pecuniae
1240 3950 1557 4003 destinatum

483 4021 586 4073 fuit
614 4025 861 4088 templum
885 4028 1128 4089 Saturni;
1152 4027 1292 4092 qnia,
1310 4029 1559 4080 tradente

487 4098 792 4163 Plutarcho,
823 4100 1053 4152 obtinuit
1086 4103 1281 4167 opinio,
1303 4112 1558 4168 regnante

486 4177 724 4233 Saturno,
753 4179 1023 4228 avaritiam
1053 4180 1191 4244 apud
1224 4181 1458 4234 homines
1482 4183 1558 4233 in-

479 4252 842 4319 justitiamque
865 4255 1035 4304 locum
1060 4269 1162 4307 nou
1185 4257 1449 4324 babuisse,
1463 4259 1557 4310 sed

487 4327 646 4380 fidem
687 4335 744 4383 et
778 4331 1079 4396 justitiam;
1126 4339 1219 4384 aut
1256 4335 1381 4399 quia
1418 4336 1561 4389 aede‘s

1616 629 1939 704 etius,‘atque
1959 640 2026 688 ab
2050 638 2246 689 insidiis
2270 646 2429 690 tutus.
2497 640 2688 690 Mann-

1618 713 1738 772 tius,
1772 715 1823 763 in
1859 723 2142 765 comment.
2171 716 2238 767 ad
2274 717 2546 781 epistolam
2573 718 2688 767 Cic·

1616 789 2016 854 modocitatam,
2037 792 2088 841 in
2110 793 2209 842 hoc
2234 807 2335 844 uno
2360 794 2553 855 templo
2578 794 2689 843 tria

1616 867 1802 918 statuit
1846 866 2010 919 fuisse
2055 870 2275 919 aeraria:
2330 878 2387 919 et
2432 868 2689 919 credibile

1616 948 1717 999 est,
1739 943 1890 994 unius
1914 944 2084 994 oerarii
2109 944 2279 994 varias
2313 944 2544 1009 potuisse
2567 958 2689 995 esse

1616 1020 1792 1070 cellas.
1858 1020 2100 1071 Potestas
2142 1021 2307 1070 omnis
2348 1021 2503 1085 huJus
2553 1034 2690 1071 aera·

1618 1095 1682 1148 rii
1717 1096 1770 1146 iu
1814 1095 2019 1162 republ.
2065 1097 2234 1148 libera
2272 1096 2376 1148 fuit
2420 1112 2584 1162 penes
2630 1099 2691 1149 S.

1618 1172 1682 1224 P.
1724 1172 1792 1225 Q.
1827 1173 1893 1222 R.
1926 1187 2053 1225 cura
2084 1188 2206 1224 vero
2242 1188 2403 1238 penes
2432 1189 2545 1238 eos,
2573 1175 2686 1240 qui·

1620 1250 1716 1301 bus
1750 1264 1812 1300 ea
1847 1266 1877 1300 a
1913 1252 1964 1301 S.
2001 1252 2066 1301 P.
2087 1252 2153 1303 Q.
2193 1253 2257 1302 R.
2289 1251 2541 1301 mandata
2571 1251 2694 1302 fuit.

1617 1327 1727 1378 Sub
1751 1328 2148 1393 imperatoribus
2170 1328 2379 1394 quidem
2404 1329 2692 1380 discrimen

1620 1405 1760 1455 inter
1793 1405 2062 1456 ‘erarium
2086 1405 2099 1427 ’
2128 1413 2187 1455 et
2223 1404 2477 1463 ‘tisenml
2522 1406 2694 1457 iutro·

1621 1480 1854 1537 ductum,
1879 1489 1937 1531 ut
1970 1481 2053 1531 hic
2089 1482 2153 1531 ad
2194 1482 2488 1547 principem
2524 1484 2694 1548 perti-

1621 1565 1794 1621 neret,
1829 1558 1957 1608 illud
1994 1572 2115 1609 vero
2153 1559 2320 1608 adbuc
2357 1560 2535 1624 populi
2571 1574 2695 1611 esse

1622 1634 1888 1685 videretur
1911 1652 1925 1685 z
1962 1643 2134 1685 tamen
2157 1636 2223 1686 de
2247 1645 2467 1702 utroque
2492 1651 2593 1702 pro
2610 1653 2697 1688 ar·

1621 1711 1780 1762 bitrio
1794 1712 2073 1777 disponere
2091 1715 2260 1778 potuit
2277 1714 2583 1779 imperator,
2600 1715 2699 1777 ita,

1622 1794 1681 1839 ut
1706 1789 1806 1838 Dio
1828 1790 2055 1847 Cassius,
2087 1804 2206 1856 pag.
2226 1793 2343 1840 ooo.
2378 1805 2696 1857 quamquam

1623 1872 1892 1929 agnoscat,
1914 1867 2150 1916 aerarium
2184 1882 2214 1915 a
2243 1866 2368 1918 fisco
2399 1866 2562 1919 fuisse
2588 1869 2698 1919 dis·

1626 1944 1865 2006 tinctum,
1887 1943 2116 1994 fateatur
2136 1952 2326 2009 tamen,
2344 1958 2400 1995 se
2420 1960 2522 1995 non
2545 1945 2698 1997 vide·

1625 2021 1845 2084 re,quid
1885 2020 2021 2071 iuter
2058 2021 2294 2072 aerarium
2330 2022 2618 2087 publicum,
2640 2029 2699 2074 et

1624 2097 1803 2150 fiscum
1840 2099 2109 2163 principis,
2144 2097 2460 2149 interfuerit.
2524 2098 2617 2150 Ita
2639 2106 2699 2151 et

1624 2190 1735 2233 nos,
1768 2177 2003 2241 quamvis
2038 2175 2191 2226 facile
2226 2176 2520 2243 credamus,
2552 2177 2699 2228 redi·

1626 2260 1712 2303 tus
1734 2254 2063 2317 vectigalium
2087 2264 2144 2304 et
2164 2255 2475 2306 tributorum
2508 2270 2538 2303 e
2573 2269 2700 2320 pro·

1627 2328 1808 2380 vinciis
1823 2328 2048 2393 Augusti
2066 2331 2313 2382 collectos
2327 2333 2626 2396 pervenisse
2641 2332 2698 2382 in

1625 2403 1842 2467 fiscum;
1877 2421 1907 2455 e
1946 2407 2224 2469 provinciis
2249 2422 2371 2458 vero
2406 2423 2698 2473 proconsu-

1625 2484 1843 2546 laribus,
1863 2486 2030 2535 illatos
2053 2501 2169 2536 esse
2187 2487 2401 2550 oerari03
2434 2487 2699 2538 nescimus

1626 2566 1821 2617 tamen,
1854 2564 1990 2627 quod
2024 2578 2206 2627 genus,
2242 2572 2338 2617 aut
2370 2573 2532 2631 quota
2572 2580 2702 2631 pars

1628 2641 1959 2704 muletarum,
1981 2642 2302 2708 aliorumque
2326 2643 2609 2701 redituum,
2629 2644 2702 2695 ad

1629 2716 1936 2767 alterutrum
1976 2721 2304 2782 pervenerit;
2341 2734 2510 2785 neque
2546 2721 2700 2772 nobis
2747 2743 2752 2748 ·

1628 2792 1812 2857 liquet,
1836 2801 2006 2845 utrum
2029 2794 2185 2845 fiscus
2210 2796 2368 2847 etiam
2391 2797 2443 2847 in
2469 2797 2702 2863 quodam

1633 2872 1842 2934 templo,
1876 2886 1942 2921 an
1983 2872 2151 2937 potius
2185 2874 2238 2923 in
2273 2875 2488 2938 palatio,
2526 2875 2702 2926 locum

1629 2947 1890 2998 hebuerit.
1958 2947 2113 3018 Apud
2136 2950 2305 3001 Tacit.
2330 2951 2520 3002 Annal.
2543 2965 2624 3002 vr.
2646 2958 2702 3004 2.
2723 2987 2732 2989 ἡ

1628 3025 1867 3088 legimus,
1899 3031 1914 3055 4
1935 3026 2086 3076 Bona
2122 3027 2315 3092 Sejani,
2351 3028 2525 3078 ablata
2565 3043 2701 3079 aera-

1630 3102 1726 3165 rio,
1751 3103 1883 3156 utin
1906 3102 2085 3154 fiscum
2119 3104 2472 3168 cogerentur!
2537 3106 2703 3171 Quin,

1631 3188 1824 3243 praeter
1847 3179 2022 3231 fiscum
2042 3180 2203 3245 illum,
2221 3189 2335 3230 erat
2351 3181 2506 3232 etiam
2524 3182 2707 3246 priva·

1634 3263 1717 3307 tus
1750 3256 1906 3306 fiscus
1939 3257 2182 3321 cesaris,
2204 3258 2270 3307 ad
2304 3272 2456 3324 quem
2494 3260 2703 3324 propri·

1634 3348 1718 3383 um
1773 3333 1889 3397 ejus
1944 3333 2313 3398 patrimonium
2349 3333 2704 3388 referebatur.

1631 3409 1770 3460 Satis
1803 3409 1894 3461 diu
1931 3410 2117 3461 mansit
2162 3411 2258 3461 sub
2296 3410 2708 3476 imperatoribus

1631 3487 1871 3552 speciosa
1915 3487 2151 3553 quaedam
2208 3485 2506 3540 differentia
2561 3491 2704 3542 inter

1634 3564 1890 3626 erarium,
1920 3570 1975 3613 et
2002 3562 2203 3627 fiscum,
2226 3564 2704 3631 patrimoniumque

1636 3640 1876 3698 Caesaris,
1901 3655 2061 3707 nsque
2085 3640 2225 3704 dum,
2244 3641 2457 3692 labente
2468 3643 2579 3706 jam
2602 3642 2703 3694 sub

1634 3720 1939 3783 Byzantinis
1991 3717 2313 3783 principibus
2366 3719 2606 3784 imperio,
2647 3728 2706 3771 et

1634 3799 1957 3864 aliquantum
1994 3811 2196 3863 quoque
2232 3804 2373 3862 ante,
2410 3811 2563 3847 omne
2596 3813 2705 3849 am·

1634 3874 1771 3938 plius
1845 3873 1976 3925 illud
2059 3874 2338 3926 discrimen
2407 3875 2709 3927 tolleretur·

1633 3953 1871 4008 Scaevam.

1700 4030 1884 4094 Silens]
1914 4030 2037 4082 Sine
2082 4030 2250 4081 litium
2293 4030 2545 4095 strepitu3
2583 4046 2705 4084 nam

1633 4115 1806 4166 antea,
1827 4122 1944 4159 cum
1980 4122 2077 4172 per
2097 4107 2381 4157 calumnias
2403 4107 2704 4159 delatorum

1635 4184 1778 4238 cives
1826 4183 2166 4236 facultatibus
2223 4183 2328 4233 suis
2381 4183 2704 4249 iniquissime

1636 4262 2015 4327 spoliabantur,
2038 4261 2278 4329 querelas
2301 4260 2377 4312 illi
2399 4261 2538 4325 apud
2572 4273 2705 4325 prae·

1636 4338 1807 4392 fectos
1843 4339 2015 4390 aerarii
2038 4336 2370 4402 deferebant,
2402 4346 2458 4389 et
2492 4352 2703 4390 caussas
