3017 4942
456 313 630 379 1048

456 483 696 535 cabulum
717 494 934 550 spectans
953 489 1206 555 recipere,
1222 493 1362 557 quod
1377 493 1517 546 forte

452 563 687 627 potuit-a
708 565 919 615 librario
944 580 1008 615 ex
1032 569 1366 633 praecedente
1389 586 1518 623 voce

451 643 638 704 specula
677 641 820 706 fingi.
887 643 1109 695 Quando
1149 661 1276 697 vero
1318 646 1519 699 Plinius

454 716 612 779 dixit,
626 717 904 782 Trsjsnum
920 728 1187 783 precatum
1202 736 1317 774 esse
1338 726 1518 791 maris,

451 791 731 844 referimus
756 796 856 845 buc
874 811 1086 856 morem,
1103 813 1205 865 quo
1228 802 1522 866 navigaturi

449 870 674 935 pariter,
713 880 870 937 atque
922 874 1101 925 borum
1138 878 1293 929 amici
1330 880 1519 939 relicti,

448 957 652 1012 praeter
696 950 823 998 alios
857 951 997 1001 Deos
1034 954 1267 1012 morinos,
1300 955 1521 1007 litarunt

450 1026 583 1074 mari
619 1028 914 1093 tranquillo,
951 1045 1045 1092 pro
1083 1046 1329 1099 prospero
1365 1049 1519 1084 cursu

450 1115 770 1167 recursuque
808 1105 1177 1169 navigantium.
1244 1108 1330 1160 Ita
1354 1111 1521 1175 Appi·

452 1192 584 1228 anus
604 1180 757 1230 Alex.
782 1181 848 1231 de
871 1183 1004 1233 Bell.
1020 1185 1172 1237 civil.
1197 1184 1284 1237 lib.
1312 1202 1364 1238 v.
1395 1203 1519 1253 pag.

451 1259 565 1306 728.
582 1265 775 1315 narrat,
797 1259 1051 1311 Caesarem
1069 1276 1097 1312 e
1116 1265 1361 1327 praetoria
1388 1270 1519 1316 uav‘e

450 1333 589 1383 extis
612 1335 662 1384 in
682 1350 827 1386 mare
846 1340 1126 1403 porrectis,
1141 1341 1320 1391 litasse
1334 1341 1520 1404 ἀνέμοις

451 1409 635 1473 εὐδίοις,
657 1411 737 1461 καὶ
757 1413 1004 1479 ἆσφαλείῳ
1022 1420 1291 1476 Ποσειδῶνι,
1311 1420 1387 1469 καὶ
1404 1421 1517 1471 ἀκύ-

449 1505 558 1549 μονι
576 1489 826 1557 Θαλάσσῃ,
858 1492 1024 1543 Ventis
1038 1498 1295 1554 serenibus,
1321 1501 1519 1551 tutelari

449 1565 697 1628 Neptuno,
719 1573 769 1617 et
791 1569 929 1618 Μαι-ι’
949 1573 1225 1636 tranquillo,
1250 1582 1304 1623 ut
1341 1577 1515 1641 propi-

448 1641 513 1691 tii
549 1640 755 1693 felicem
796 1644 895 1695 sibi
931 1649 1320 1711 expeditionem
1359 1653 1515 1717 largi-

447 1726 648 1769 rentur.
714 1719 815 1778 Ac,
854 1720 1119 1774 referente
1158 1726 1193 1778 J
1201 1727 1373 1778 usttno
1408 1743 1513 1780 xu.

448 1799 533 1846 11.
569 1795 961 1850 AlexanderM.
980 1801 1515 1857 ‘Oceanolibaments

448 1869 616 1935 dedit,
635 1888 939 1938 prosperum
964 1877 1015 1926 in
1038 1881 1257 1942 patriam
1291 1883 1514 1932 reditum

446 1949 740 2011 precatus.’
769 1949 1071 2014 cujusmodi
1095 1969 1239 2005 sacra
1256 1971 1349 2021 pro
1368 1952 1515 2010 felici

445 2024 678 2087 trajectu
719 2027 922 2077 Graecis
956 2030 1166 2094 proprie
1207 2032 1517 2085 dicebantur

447 2100 746 2164 διαβατήρια,
764 2104 902 2165 apud
916 2104 1160 2170 Xenopb.
1175 2108 1319 2159 Hist.
1336 2109 1514 2162 Graec.

445 2176 538 2226 lib.
563 2190 625 2226 ιι.
653 2193 771 2241 pag.
794 2183 908 2230 496.
931 2180 1178 2232 Schworz.

517 2253 815 2319 Celeremque
843 2259 1107 2323 recursum]
1130 2261 1174 2310 1.
1198 2276 1246 2312 c.
1282 2267 1513 2316 velocem

441 2329 690 2380 reditum.
778 2333 935 2384 Ovid.
976 2336 1110 2388 Met.
1146 2352 1222 2388 vr.
1259 2345 1373 2391 450.
1412 2350 1424 2372 ·
1447 2345 1517 2393 Et

444 2404 643 2456 celeres
659 2407 827 2459 missa·
844 2411 1100 2474 spondere
1119 2418 1391 2468 recursus.'
1411 2420 1516 2469 Lu·

446 2495 560 2533 can.
585 2497 713 2533 vni.
742 2489 857 2537 767.
900 2494 915 2516 ⁸
933 2489 1159 2540 Fortuna
1190 2507 1425 2544 recursus
1458 2496 1513 2545 Si

447 2557 546 2608 det·
561 2560 613 2609 in
639 2556 970 2626 Hesperiam.
974 2563 988 2586 ⁹
1024 2567 1227 2632 Copula
1249 2585 1338 2632 que
1360 2571 1514 2621 omis-

447 2648 507 2684 sa
532 2645 615 2687 est
640 2637 690 2687 in
716 2638 899 2690 codice
919 2640 1199 2706 Patavino,
1222 2645 1349 2695 satis
1373 2661 1513 2697 com·

443 2712 620 2775 mode,
643 2706 700 2763 ut
718 2708 920 2779 opinor,
952 2719 994 2767 si
1014 2721 1219 2784 quidem
1240 2724 1392 2773 muria
1418 2740 1512 2788 pro

442 2780 742 2840 numinibus
763 2794 976 2843 marium
1015 2804 1301 2848 sumantur.
1362 2801 1511 2853 Tunc

443 2866 582 2916 enim
601 2867 814 2919 verbum
833 2886 1018 2936 precor,
1034 2880 1089 2923 et
1103 2875 1215 2936 ejus
1242 2876 1512 2941 participi·

442 2957 529 2992 um
548 2953 784 3011 precatus,
808 2948 937 2999 duos
977 2950 1224 3002 adsciscit
1255 2955 1513 3005 accusati·

439 3033 554 3076 vos,
588 3023 809 3073 alterum
848 3040 1105 3089 personas,
1141 3031 1362 3079 alterum
1399 3033 1509 3094 rel;

442 3094 522 3144 uti
567 3098 668 3147 alia
703 3100 866 3149 verba
902 3104 1138 3165 rogandi,
1186 3106 1425 3165 docendi,
1457 3115 1513 3158 et

441 3174 721 3236 monendi3
756 3178 898 3241 qussi
932 3178 1128 3231 dictum
1165 3183 1255 3244 sit,
1291 3185 1511 3235 ‘Numi-

443 3261 515 3296 na
534 3249 749 3300 marium
790 3260 1036 3315 precatus
1069 3258 1295 3309 celerem
1332 3274 1511 3311 recur-

441 3338 589 3389 sum3
593 3326 778 3378 'baud
803 3345 951 3380 secus
995 3349 1056 3385 ac
1078 3336 1331 3401 Virgilius
1356 3340 1509 3405 dixit,

441 3401 670 3453 ‘Pacem
698 3413 751 3456 te
786 3409 1041 3472 poscimus
1075 3427 1285 3477 omnes;
1302 3414 1506 3479 'Pleu

441 3486 586 3541 tus,‘
604 3481 754 3533 Hsnc
781 3487 983 3535 veniam
1017 3489 1127 3540 siue
1153 3497 1214 3539 te
1234 3506 1476 3555 exorem;

438 3555 701 3630 Lucanus,
720 3561 736 3589 ‘
755 3562 869 3612 Hoc
895 3570 948 3612 te
972 3565 1204 3616 Fortuna
1227 3570 1511 3633 precatur,’

439 3636 541 3683 διο.
608 3635 699 3685 Sin
723 3639 853 3688 nolis
889 3643 1044 3691 maria
1082 3659 1178 3707 pro
1209 3648 1505 3697 numinibus

440 3711 703 3776 accipere,
725 3714 815 3764 sed
841 3718 967 3766 velis
991 3721 1123 3767 tueri
1143 3723 1383 3785 copulam
1399 3738 1503 3785 que,

439 3793 568 3837 tunc
592 3790 799 3840 videtur
822 3792 1106 3844 desiderari
1126 3813 1273 3859 posse
1298 3799 1500 3862 epithe-

438 3870 530 3912 ton
554 3866 840 3931 quoddam3
881 3886 908 3918 v
915 3869 996 3932 fg.
1021 3874 1183 3923 maria
1205 3877 1501 3941 tranquilla,

438 3943 602 3990 maria
627 3944 849 4008 placida,
876 3962 1015 3996 mare
1052 3947 1223 4012 facile,
1252 3961 1339 3999 eut
1363 3954 1495 4002 simi

1152 335 1372 388 No'rAE.
1422 338 1832 392 VAluoRuM
1882 346 1960 395 m

1593 485 1658 536 tis
1679 502 1857 538 sanum
1882 489 2065 541 videri.
2085 492 2237 544 Idem.

1659 564 1765 614 Nec
1786 567 2040 633 sustinuit]
2077 569 2125 619 Ι.
2148 586 2197 620 e.
2230 584 2329 622 nec
2364 578 2671 637 temperare

1592 638 1693 689 sibi
1719 643 1911 704 potuit,
1929 644 2052 706 quin
2075 644 2389 708 praefectum
2416 651 2669 699 receden-

1593 719 1699 765 tem
1758 717 1890 767 votis
1944 719 2284 786 lacrymisque
2335 735 2673 788 sequeretur.

1593 793 1657 843 ln
1681 793 1817 844 libro
1834 795 2086 847 Vossiano
2099 807 2401 850 annotatum
2419 810 2522 864 est,
2538 803 2667 853 alios

1593 869 1787 921 habere
1811 887 1895 923 nec
1918 873 2151 925 abstinuit
2165 892 2190 936 ,⁰
2224 877 2362 941 quod
2386 881 2557 942 possit
2588 881 2663 952 lo·

1595 958 1712 996 cum
1737 948 1952 1013 babere,
1975 952 2019 1001 si
2052 951 2371 1017 subsequens
2403 955 2670 1018 particula

1595 1025 1839 1088 negandi,
1869 1042 1981 1084 nou,
2004 1037 2127 1078 ante
2163 1030 2309 1079 etiam
2328 1035 2474 1094 atque
2492 1033 2667 1095 etium,

1595 1101 1883 1154 omittatur.
1982 1104 2163 1155 Codex
2203 1106 2491 1158 Patavinus
2546 1109 2665 1179 baec

1594 1177 1758 1226 verba
1790 1177 1867 1228 ita
1901 1178 2096 1231 refert.
2138 1183 2240 1231 Nec
2271 1183 2503 1234 sustinuit
2534 1200 2665 1235 rece-

1593 1255 1798 1317 dentem,
1819 1270 1914 1306 nou
1935 1257 2163 1308 abstinuit
2185 1259 2328 1309 etiam
2350 1265 2494 1323 utque
2514 1258 2666 1311 etiam

1592 1331 1733 1388 votis,
1756 1333 1996 1396 lacrymis,
2021 1337 2173 1397 sequi.
2197 1394 2204 1401 .
2240 1335 2373 1387 Quis
2396 1351 2522 1385 vero
2553 1352 2663 1387 non

1594 1407 1753 1463 videt,
1779 1409 1938 1460 verba
1958 1409 2091 1472 haec,
2111 1427 2197 1461 nec
2215 1413 2467 1475 sustinuit,
2489 1423 2544 1464 et
2567 1412 2666 1463 πού

1590 1481 1842 1542 abstinuit,
1869 1499 1969 1534 non
1996 1500 2146 1550 posse
2170 1487 2323 1536 simul
2349 1490 2529 1538 stare?
2569 1490 2663 1539 Se‘-

1591 1573 1723 1624 quor
1743 1559 1873 1611 adeo
1897 1563 2066 1626 potius
2088 1570 2381 1614 ceterorum
2407 1565 2663 1616 librorum

1591 1637 1927 1701 scripturam.
1950 1640 2102 1689 Idem.

1664 1714 1819 1772 Votis,
1839 1717 2083 1781 bergamis,
2102 1718 2259 1783 sequi]
2283 1718 2349 1768 In
2370 1719 2494 1770 solis
2527 1720 2663 1770 duo-

1590 1790 1683 1840 bus
1714 1792 1979 1845 codicibus
2016 1795 2144 1845 Mss.
2178 1811 2368 1860 nempe
2396 1792 2664 1848 Salisbur'-

1590 1869 1735 1931 gensi
1765 1877 1819 1918 et
1855 1886 1990 1935 meo,
2023 1872 2261 1936 copulam
2297 1887 2386 1937 que
2421 1873 2661 1923 additam

1590 1948 1782 2012 inveni,
1799 1950 1924 1998 votis
1943 1949 2253 2014 lacrymisque
2272 1950 2424 2014 sequi.
2492 1950 2663 2002 Quid·

1590 2024 1719 2090 quid
1738 2040 1804 2076 ex
1827 2025 1906 2075 bis
1941 2027 2295 2091 adoptaveris,
2321 2040 2402 2077 res
2425 2028 2532 2078 erit
2554 2043 2661 2078 non

1591 2104 1764 2166 magni
1782 2105 2047 2154 momenti.
2078 2103 2132 2154 Si
2153 2117 2321 2153 meum
2336 2103 2480 2169 sequi
2497 2105 2663 2154 liceat

1590 2180 1872 2243 ingenium,
1892 2182 2067 2232 malim
2089 2182 2175 2231 hic
2189 2182 2471 2233 admittere
2493 2198 2650 2248 copu-

1591 2257 1690 2306 lam
1711 2263 1780 2313 et,
1801 2258 1908 2309 sive
1927 2273 2016 2321 que
2030 2275 2051 2317 ,-
2086 2272 2312 2322 agnosco
2328 2267 2517 2314 tamen,
2538 2272 2660 2308 eam

1588 2333 1744 2383 etiam
1770 2347 1922 2397 posse
1943 2335 2144 2392 abesse,
2161 2350 2258 2385 nec
2281 2348 2397 2384 raro
2410 2333 2610 2386 frustra
2625 2328 2660 2385 a

1588 2410 1812 2462 librariis
1838 2410 2127 2463 velintrudi
2147 2413 2229 2463 vel
2243 2413 2455 2476 negligi.
2509 2412 2659 2465 Quid

1587 2503 1712 2537 vero
1737 2488 2090 2554 tritius,quam
2117 2489 2309 2539 amicos
2331 2492 2489 2539 etiam
2515 2491 2656 2563 votis

1584 2564 1929 2632 lacrymisque
1949 2569 2143 2616 amicos
2163 2567 2431 2624 abeuntes,
2454 2583 2656 2633 eosque

1587 2642 1793 2705 charos,
1818 2645 2099 2709 prosequi?
2133 2646 2268 2694 Stat.
2306 2645 2432 2695 Silv.
2455 2658 2545 2695 ιιι.
2569 2650 2656 2696 11.

1587 2722 1702 2768 100.
1739 2720 1873 2770 ‘Sed
1897 2728 2111 2785 pectore
2135 2721 2239 2770 fido
2271 2723 2538 2787 Nusquam
2565 2724 2656 2774 ab·

1586 2810 1695 2853 ero,
1720 2797 1990 2863 longisque
2005 2812 2192 2864 sequar
2216 2804 2306 2849 tua
2323 2799 2543 2850 carbasa
2562 2816 2654 2851 vo-

1587 2871 1691 2921 tis?
1716 2873 1868 2922 Idem.

1659 2949 1812 3007 Votis,
1835 2952 2077 3016 lacrymis,
2098 2953 2257 3018 sequi]
2271 2955 2475 3020 Malim,
2496 2957 2654 3022 lacry-

1582 3026 1763 3090 misque
1782 3028 1931 3090 sequi.
1955 3029 2086 3079 Ritt.

1648 3104 1728 3155 De
1761 3105 2074 3170 liberalitate]
2112 3107 2192 3156 Ex
2217 3107 2299 3157 his
2338 3109 2655 3174 colligimus,

1583 3182 1865 3246 'trajanum
1891 3184 2160 3233 secedenti
2179 3184 2434 3247 praefecto
2459 3196 2650 3251 praetoss

1583 3258 1647 3306 rii
1687 3259 2013 3308 honorarium
2072 3261 2349 3325 quoddam,
2406 3271 2649 3328 tanquam

1584 3335 1851 3399 viaticum,
1894 3344 1952 3387 et
1998 3337 2184 3401 pignus
2224 3339 2521 3404 charitatis,
2558 3344 2651 3392 do-

1582 3426 1749 3462 nasse.
1816 3413 1968 3466 Quod
2005 3414 2281 3479 aliquando
2312 3417 2467 3466 etiam
2507 3417 2652 3468 inter

1582 3491 1817 3554 privatos
1841 3489 1956 3540 fieri
1981 3493 2268 3542 consuevit.
2316 3493 2454 3544 Plin.
2477 3496 2652 3559 Epist.

1582 3580 1668 3615 ιιι.
1689 3571 1772 3617 21.
1796 3566 1862 3617 de
1883 3568 2096 3617 Valerio
2113 3569 2390 3620 Martiale:
2428 3571 2445 3599 ‘
2460 3572 2652 3621 Prose-

1580 3651 1731 3694 cutus
1765 3659 1905 3694 eram
1930 3645 2120 3694 viatico
2153 3645 2522 3711 secedentem;
2561 3651 2649 3698 de.

1578 3712 1758 3773 deram
1787 3723 1885 3772 hoc
1910 3722 2168 3779 amicitiae,
2202 3721 2451 3774 dederam
2485 3727 2647 3777 etism

1579 3797 1865 3856 versiculis,
1900 3813 2027 3864 quos
2075 3798 2141 3848 de
2193 3814 2274 3848 me
2314 3794 2631 3866 composuit.
2634 3804 2651 3824 ⁹

1578 3874 1823 3923 Schwarz.

1644 3953 1753 4007 Qua
1787 3952 2031 4015 meruisti]
2060 3951 2256 4017 Vitiose
2289 3952 2401 4002 liaec
2440 3954 2646 4018 scripta

437 4016 544 4078 lia3
581 4027 634 4066 ut
667 4021 776 4070 liaec
801 4037 895 4086 per
918 4027 1151 4087 copulam
1178 4043 1267 4090 que
1288 4029 1499 4092 conjuu-
1573 4035 1692 4076 sunt
1732 4029 1784 4076 in
1826 4027 2006 4077 codice
2030 4028 2408 4092 Salisburgensi
2449 4040 2503 4079 et
2527 4047 2648 4083 meo

439 4103 629 4156 gantur
652 4111 766 4146 cum
801 4102 1133 4163 sequentibus
1157 4105 1385 4161 vocibus,
1425 4121 1496 4155 ee-
1572 4119 1709 4166 quam
1751 4104 1986 4153 meruisti.

1053 4178 1266 4240 Fateor,
1309 4181 1359 4228 in
1401 4181 1498 4230 ista
1574 4189 1881 4230 consecutus
1904 4195 1979 4241 es,
2012 4177 2251 4228 effecisti.
2297 4180 2408 4247 ,Sic
2450 4183 2647 4235 Casan-

437 4169 668 4233 leremque
708 4188 966 4224 recursum.

439 4247 779 4312 ambiguitate
802 4253 970 4303 locum
995 4254 1130 4305 hunc
1153 4258 1270 4307 mibi
1297 4272 1395 4308 non
1420 4273 1501 4309 sa·

2049 4103 2297 4160 Meu-aisti,
2334 4111 2414 4154 est
2452 4105 2648 4170 ἔτυχες,

1579 4257 1743 4308 bonus
1770 4257 1833 4307 ad
1861 4257 2003 4307 Prin.
2037 4272 2076 4308 1.
2111 4261 2160 4307 8.
2199 4256 2396 4324 docuit,
2422 4262 2643 4314 verbum
