3017 4942
728 429 798 487 c.
847 432 1087 484 eumn
1137 408 1472 484 saeuum
1523 432 1801 483 rauna.
1880 435 1931 484 1.
1972 419 2082 485 62.

296 577 396 630 sub
424 574 742 634 Domitiano.
762 576 899 640 quod
911 577 1025 642 jam
1043 578 1131 627 alii
1155 592 1219 628 ex
1238 577 1369 628 Dio-

297 657 379 706 nis
415 653 745 719 compendio,
772 653 863 704 lib.
883 666 1088 704 txvm.
1111 667 1231 717 pag.
1251 656 1369 702 770.

297 735 633 787 annotarunt,
684 730 993 780 exhaustum
1048 736 1189 781 esset
1242 743 1371 779 ειη·

295 807 452 870 rium,
485 807 664 858 Nerva
694 808 981 871 imperator
1011 808 1177 858 multa
1209 806 1369 857 sacri·

294 883 437 947 ficia,
467 885 661 934 multos
696 884 845 934 ludos
879 876 1190 948 Circenses,‘
1209 890 1369 948 atque

297 962 404 1011 alia
419 961 723 1024 spectacula
736 962 965 1024 sustulit,
985 961 1183 1016 recisis,
1203 972 1365 1026 quau·

298 1044 411 1089 tum
443 1037 560 1088 fieri
593 1044 826 1102 poterat,
848 1038 1101 1089 sumtibus
1133 1037 1370 1102 publicis.

300 1113 464 1164 Hune
500 1114 631 1165 adeo
666 1115 717 1165 in
741 1114 909 1165 ‘finem
949 1114 1179 1166 instituit
1214 1122 1369 1165 extra

299 1191 540 1242 ordinem
562 1206 751 1243 novum
777 1192 1157 1257 magistratum,
1178 1205 1368 1257 nempe

297 1267 578 1331 collegium
632 1268 1090 1333 quinqueviratum
1142 1267 1374 1332 publicis

297 1345 556 1395 sumtibus
579 1345 905 1408 minuendis3
937 1345 1024 1395 cui
1042 1345 1266 1408 collegio
1287 1359 1369 1395 se·

298 1427 457 1471 uatus
501 1422 753 1485 optimum
811 1428 870 1472 et
914 1421 1366 1471 honoratissimum

298 1512 578 1564 quemque,
599 1496 855 1563 adeoque,
874 1497 1012 1563 quod
1037 1511 1103 1548 ex
1136 1498 1235 1548 boc
1257 1498 1370 1548 Pli-

296 1575 372 1625 uii
407 1575 528 1625 loco
558 1575 915 1639 intelligimus,
944 1589 1054 1637 eos,
1076 1589 1208 1641 quos
1228 1576 1369 1626 -Tra-

290 1650 453 1714 janus
478 1658 660 1714 postea
693 1652 965 1702 consulatu
997 1652 1156 1703 tertio
1178 1652 1370 1704 coude-

300 1736 532 1793 corarat,
555 1742 763 1792 nempe,
785 1737 1038 1794 quantum
1066 1730 1371 1793 conjectura

299 1805 614 1867 colligimus,
636 1805 713 1856 M.
734 1806 933 1857 Julium
965 1807 1281 1857 Frontonem
1314 1812 1373 1857 et

299 1880 550 1932 Acutium
573 1881 821 1943 Nervam,
838 1883 1030 1946 primos
1047 1882 1209 1946 elegit
1224 1881 1372 1948 quin·

301 1957 566 2021 queviros.
628 1956 720 2007 Sic
756 1957 914 2008 etiam
954 1957 1233 2020 Verginius
1270 1957 1377 2007 Ru·

301 2034 407 2099 fus,
427 2048 581 2100 quem
618 2034 797 2084 adulto
831 2048 968 2085 anno
992 2035 1184 2084 Christi
1213 2048 1376 2085 noua·

303 2113 502 2177 gesimo
524 2112 746 2180 septimo
770 2111 907 2161 diem
941 2126 1238 2176 supremum
1261 2111 1375 2162 obi-

304 2190 433 2250 isse,
457 2188 834 2238 demonstravit
851 2188 1165 2253 Musonius,
1180 2202 1298 2239 cum
1323 2188 1375 2238 iu

301 2265 584 2315 novissima
628 2263 926 2314 valetudine
972 2264 1168 2314 veritus
1215 2271 1377 2327 esset,

302 2356 371 2391 ne
405 2339 556 2410 forte·
580 2339 717 2388 inter
751 2339 846 2389 hos
872 2339 1265 2405 quinqueviros,
1287 2340 1377 2405 qui

294 2417 505 2481 judicio
528 2423 739 2467 senatus
771 2416 1248 2474 constituebantur,
1268 2418 1377 2469 coi·

303 2496 426 2558 lega
446 2501 734 2549 crearetur,
757 2493 988 2544 Plinium
1011 2500 1265 2558 nostrum,
1281 2509 1377 2559 per

302 2583 459 2635 quem
498 2578 859 2632 excusaretur,
892 2571 1071 2634 elegit.
1133 2571 1198 2621 Id
1235 2571 1373 2636 qnod

300 2650 419 2710 ipae
443 2645 646 2696 Plinius
668 2655 867 2706 narrat,
887 2648 1056 2712 Epist.
1082 2661 1139 2699 n.
1163 2652 1209 2699 l.
1256 2648 1377 2700 Alia

302 2721 375 2773 de
418 2723 496 2772 bis
540 2723 891 2787 quinqueviris
932 2724 1058 2773 mibi
1103 2739 1206 2774 non
1252 2739 1376 2776 con-

304 2805 470 2848 stant.
536 2796 781 2864 Alioquin
830 2800 990 2850 etiam
1033 2800 1184 2864 plura
1228 2800 1378 2865 quin-

303 2874 637 2939 quevirorum
693 2875 917 2939 collegia
966 2875 1377 2926 extraordinaria

303 2959 811 3014 commemorantur3
847 2968 897 3003 v.
923 2968 975 3017 g.
1003 2953 1375 3018 ‘Quinqueviri

302 3028 510 3092 legibus
526 3028 744 3091 imperio
768 3030 1025 3079 consulari
1048 3029 1380 3093 scribendis,’

302 3119 434 3171 qnos
459 3105 815 3169 postulaverat
840 3106 1079 3156 tribunus
1102 3106 1290 3171 plebis,
1313 3107 1375 3158 C.

301 3181 617 3233 Terentillus
640 3180 793 3233 Arsa.
859 3182 978 3233 Liv.
1002 3196 1089 3231 m.
1110 3185 1162 3233 9.
1179 3184 1195 3211 ‘
1210 3183 1379 3235 Quiu-

301 3257 511 3325 queviri
546 3272 671 3320 agro
705 3257 1036 3317 dividundo‚'
1072 3261 1123 3308 lt.
1143 3275 1192 3310 e.
1225 3271 1376 3309 cura·

302 3341 471 3398 tores,
495 3334 586 3398 qui
608 3349 759 3398 agros
782 3335 920 3385 inter
946 3336 1154 3399 plebem
1177 3334 1376 3385 divide-

304 3418 447 3460 rent.
518 3410 630 3459 Liv.
661 3423 738 3462 vt.
769 3414 853 3461 21.
889 3425 1104 3474 quorum
1140 3410 1378 3463 meminit

302 3487 465 3537 etiam
490 3485 607 3536 Cic.
628 3485 696 3535 de
719 3487 859 3550 Lege
883 3488 1013 3552 Agr.
1035 3501 1099 3537 11.
1120 3492 1171 3539 7.
1186 3489 1379 3539 ‘toties

302 3562 514 3625 legibus
552 3563 771 3626 agrariis
802 3562 1379 3615 curatores-constituti

304 3646 451 3701 sunt,
484 3639 759 3705 triumviri,
791 3640 1138 3707 quinqueviri,
1172 3642 1380 3692 decem-

303 3714 455 3765 viri.'
534 3716 607 3765 Et
636 3716 739 3766 ‘de
782 3716 1060 3780 provinciis
1097 3717 1380 3767 consulari-

304 3789 441 3847 bus‚’
462 3804 584 3855 cap·
608 3793 690 3842 17.
724 3794 741 3821 ‘
758 3792 851 3841 Me
875 3792 1091 3857 Caesar‚’
1124 3792 1270 3858 (cum
1305 3794 1379 3844 le-

307 3880 427 3929 gem
463 3865 689 3928 tulisset,
722 3874 783 3916 ut
816 3882 943 3932 ager
966 3869 1265 3933 Campanus
1298 3869 1381 3934 iis,

307 3942 399 4007 qni
439 3949 549 3992 tres
589 3943 830 4005 pluresve
869 3945 1061 3995 liberos
1106 3947 1383 4012 baberent,

307 4017 681 4084 divideretur)
699 4021 716 4050 ⁴
733 4027 791 4071 ut
814 4021 1265 4086 quinqueviratum
1295 4036 1383 4073 ac·

309 4096 566 4159 ciperem,
584 4096 828 4160 rogavit!
873 4098 1088 4164 Adbaec,
1105 4100 1382 4165 ‘quinque-

311 4173 411 4221 viri
453 4172 736 4229 mensarii,'
775 4189 805 4224 a
849 4174 1038 4226 meusa'
1061 4177 1289 4241 publica,
1326 4185 1384 4230 et

312 4246 701 4313 dispensatione
737 4251 993 4316 pecunie,
1025 4255 1297 4318 appellati.
1326 4261 1384 4305 et

316 4322 383 4375 ad
418 4326 667 4389 populum
702 4326 770 4376 ab
806 4342 913 4377 aere
952 4329 1124 4381 alieno
1156 4329 1384 4381 liberau-

440 4405 619 4467 Daph.
641 4412 690 4458 et
719 4406 835 4459 Var.
857 4408 988 4459 Clas.

1255 4412 1443 4475 Paneg-
1463 4411 1573 4464 νει.

2377 418 2521 487 849

1441 576 1564 626 dum
1587 575 1882 639 constituti,
1896 590 2058 641 penes
2077 589 2208 641 quos
2231 575 2364 628 adeo
2383 591 2519 630 cura

1440 653 1520 703 rei
1541 650 1792 703 fenebris
1812 660 1944 704 erat.
1980 652 2094 704 Liv.
2111 666 2214 703 vn.
2230 656 2314 704 21.
2362 655 2513 704 Pra-

1441 735 1609 787 εει-ει,
1631 730 1647 757 ‘
1664 725 1991 795 quinqueviri
2014 729 2175 779 muria
2201 735 2257 779 et
2275 727 2513 780 turribus

1440 804 1775 857 reficiendis!
1842 805 1957 855 Liv-
1988 818 2131 856 xxv.
2151 809 2203 855 7.
2264 806 2515 870 Denique

1439 880 1803 946 ‘quinqueviri
1847 882 1923 931 cis
1966 881 2196 932 Tiberim
2234 887 2293 932 et
2340 881 2515 939 ultra‚'

1443 958 1535 1022 qui
1557 957 1823 1022 adjutores
1853 964 2030 1008 essent
2064 958 2347 1010 triumviris
2368 961 2514 1025 capi-

1442 1035 1659 1099 talibus,
1688 1042 1746 1086 et
1781 1035 1858 1085 cis
1891 1035 2121 1086 Tiberim
2153 1051 2262 1091 sun
2300 1037 2514 1104 quisque

1443 1113 1673 1176 regionis
1723 1112 1962 1164 adificiis
2015 1120 2319 1178 praessent.
2401 1114 2519 1164 Liv-

1445 1203 1653 1240 xxxtx.
1684 1194 1763 1241 1⁴.
1795 1196 1854 1240 et
1886 1191 2004 1255 lege
2036 1196 2087 1240 2.
2110 1193 2139 1255 ς
2162 1195 2246 1242 31.
2281 1191 2412 1256 Dig.
2447 1190 2515 1241 cle

1446 1266 1600 1331 Orig.
1617 1267 1783 1318 Jnris.
1851 1268 2102 1318 Ceterum
2129 1269 2181 1317 in
2207 1267 2389 1318 codice
2410 1269 2519 1318 Va-

1443 1344 1624 1393 ticano
1658 1347 1806 1394 ⁸461.
1842 1351 1896 1394 et
1939 1358 2077 1403 meo,
2098 1358 2198 1410 pro
2228 1345 2516 1403 υιίκιιεηᾶε,

1443 1420 1635 1471 vitiose
1679 1421 1931 1485 scriptum
1975 1429 2055 1472 est
2098 1423 2384 1474 muniendis.
2450 1423 2516 1473 Iu

1447 1498 1679 1563 vocibus,
1724 1514 1949 1564 qumque
1987 1501 2269 1566 praestoeret,
2306 1500 2516 1551 codices

1444 1576 1774 1638 Parisiensis,
1806 1583 1863 1628 et
1898 1584 2118 1640 uterque
2143 1577 2394 1639 Venetus,
2418 1590 2517 1640 pro

1446 1666 1686 1715 quemque,
1708 1652 1899 1700 babent
1932 1666 2101 1716 quem
2135 1652 2378 1717 idemque
2410 1652 2519 1702 Pa·

1446 1727 1694 1788 risiensis,
1731 1740 1894 1783 meus,
1932 1736 1992 1777 et
2038 1727 2322 1776 Vaticanus
2365 1731 2517 1778 8461.

1446 1817 1544 1868 pro
1574 1803 1854 1869 proeficeret‚
1886 1803 2133 1869 perficeret
2150 1821 2170 1863 ,-
2204 1809 2362 1868 atque
2384 1803 2519 1853 liber

1449 1879 1755 1942 Vossianus,
1797 1894 1934 1943 quens
1969 1880 2211 1946 preficere
2250 1878 2518 1930 aarum.

1449 1955 1584 2007 Quae
1618 1969 1721 2005 uon
1755 1964 1896 2018 sunt,
1927 1957 2026 2006 nisi
2061 1958 2249 2008 menda
2281 1963 2339 2007 et
2372 1957 2519 2006 lusus

1445 2031 1795 2082 librariorum.
1829 2032 2076 2084 Saum.

1520 2109 1587 2159 Et
1625 2090 1816 2173 quffdens
1847 2111 2053 2177 primos]
2088 2111 2260 2175 Vulgo
2298 2111 2517 2176 legimus

1444 2184 1662 2248 equidem
1691 2186 1890 2248 primos.
1952 2187 2041 2237 Sic
2074 2187 2231 2237 etiam
2266 2189 2517 2252 scriptum

1448 2269 1532 2311 eat
1555 2262 1607 2310 iu
1630 2261 1862 2326 pluribus
1893 2262 2182 2327 codicibus,
2208 2271 2403 2328 proter
2426 2264 2520 2314 Sa·

1448 2337 1846 2401 lisbur‘ensem
1881 2339 1970 2403 qni
2005 2354 2102 2403 pro
2135 2340 2368 2404 equidem
2398 2341 2521 2389 sim·

1447 2413 1657 2477 pliciter
1673 2413 1832 2463 habet
1855 2415 2070 2478 quidenn-
2097 2422 2149 2466 et
2173 2424 2370 2479 praeter
2388 2416 2519 2466 dnos

1450 2491 1598 2540 Vatt.
1624 2494 1768 2542 1476.
1791 2500 1845 2538 et
1883 2495 2030 2541 18⁷5.
2060 2493 2111 2541 in
2139 2494 2324 2556 quibus
2358 2500 2439 2543 est
2469 2498 2519 2543 et

1446 2566 1636 2631 quiden
1685 2569 1878 2631 primos.
1958 2569 2154 2618 Eadem
2199 2570 2358 2619 lectio
2412 2571 2525 2633 pri-

1450 2658 1586 2695 mum
1604 2657 1635 2693 e
1652 2645 1948 2707 conjectura
1968 2651 2219 2695 annotata
2233 2653 2312 2695 est
2333 2661 2364 2695 a
2381 2647 2523 2696 Livi·

1449 2722 1600 2781 ueio;
1632 2721 1721 2769 sed
1737 2723 1848 2785 jam
1870 2723 2115 2785 evulgata
2133 2723 2187 2770 in
2205 2722 2518 2773 editionibus

1454 2797 1737 2861 Lipsianis‚
1755 2797 2199 2862 Berueggeriana,
2221 2798 2519 2867 Graeviana,

1450 2872 1726 2934 Bebriana‚
1746 2873 2089 2922 Gesneriana.
2151 2874 2274 2924 Scio
2292 2874 2523 2939 quidem,

1451 2950 1767 3015 largiorque,
1789 2951 2003 3013 equidem
2023 2964 2127 3000 uon
2157 2964 2362 3014 semper
2392 2951 2522 3016 poni

1452 3041 1553 3091 pro
1581 3033 1713 3092 ‘ego
1746 3026 1987 3092 quidem:
2015 3041 2113 3077 uec
2145 3041 2354 3091 semper
2395 3041 2521 3076 con·

1440 3103 1594 3166 jungi
1639 3116 1757 3153 cum
1801 3103 1976 3153 verbis
2021 3103 2203 3168 primae
2248 3118 2520 3168 peraouae3

1450 3177 1546 3228 sed
1571 3178 1852 3228 identidem
1888 3180 2048 3229 etiam
2084 3179 2389 3243 simpliciter
2422 3195 2522 3245 pro

1447 3256 1636 3319 quidem
1676 3258 1952 3321 usurpari3
1985 3256 2132 3321 (vide
2173 3271 2334 3321 snpra
2367 3257 2432 3307 ad
2468 3272 2518 3308 c.

1451 3344 1648 3383 xxxn.
1670 3331 1748 3396 4.)
1770 3346 1853 3381 sne
1877 3339 2054 3383 tamen
2075 3330 2139 3381 ad
2159 3331 2519 3396 recipiendam

1450 3409 1751 3474 lectionem,
1791 3409 1843 3459 in
1881 3416 2132 3460 contextu
2181 3410 2522 3474 propositam,

1453 3486 1715 3550 permovit
1769 3485 2115 3550 potissimum,
2163 3485 2301 3550 quod
2358 3485 2523 3535 nihilo

1452 3562 1622 3612 miuus
1658 3562 1833 3612 Plinio
1863 3561 2009 3628 quasi
2041 3562 2310 3625 proprium
2347 3560 2524 3610 videa·

1453 3646 1562 3702 tur,
1581 3640 1636 3689 in
1661 3639 1912 3703 Epistolis
1945 3638 2163 3703 pariter,
2184 3646 2239 3687 et
2274 3639 2326 3687 in
2352 3637 2527 3688 Pane-

1452 3716 1652 3779 gyrico,
1685 3716 1991 3780 particulam
2024 3715 2239 3779 equidem
2271 3729 2388 3765 cum
2410 3728 2527 3764 ver·

1454 3792 1537 3842 bis
1561 3792 1739 3857 primm
1763 3796 2001 3856 perseum
2023 3792 2297 3855 singularis
2318 3791 2525 3842 numeri

1454 3875 1799 3930 connectere3
1832 3868 1934 3918 nisi
1970 3881 2236 3933 perpauca
2270 3868 2403 3924 locs,
2435 3881 2525 3918 ea·

1455 3962 1554 4014 que
1573 3962 1640 3998 ex
1665 3949 1807 3998 varia
1829 3947 2060 3998 lectione
2095 3946 2355 4012 ambigua,
2377 3949 2522 3997 exci-

1456 4026 1586 4091 pias.
1659 4025 1871 4077 Deinde
1911 4023 2049 4090 quod
2095 4024 2136 4073 is
2180 4025 2339 4074 etiam
2381 4024 2527 4088 alibi,

1454 4103 1545 4153 ubi
1584 4111 1904 4154 concurrunt
1949 4100 2109 4151 verba
2151 4099 2401 4151 secundae
2440 4102 2524 4151 vel

1455 4179 1631 4230 tertioe
1665 4193 1923 4246 personae,
1943 4184 1999 4229 et
2021 4178 2108 4228 ubi
2145 4179 2418 4242 singularia
2442 4177 2527 4241 ἔμ-

1456 4263 1605 4319 φασις
1625 4255 1988 4323 exprimenda,
2007 4254 2232 4304 libenter
2254 4254 2525 4305 distinctis

1458 4332 1677 4384 vocibus
1710 4333 1895 4385 scribit
1922 4336 1972 4383 et
1991 4328 2206 4397 evam·
2218 4346 2240 4391 ,-
2273 4343 2325 4378 v·
2347 4345 2397 4393 g.
2419 4330 2524 4382 Pa-
