3017 4942
498 385 634 458 596

500 555 562 602 et
590 548 876 600 Salmasius
919 547 983 597 ad
1026 547 1194 599 Solini
1237 549 1427 607 locum,
1472 562 1572 612 pro

501 626 667 678 verbo
699 625 717 653 ‘
742 626 1108 689 incanduerit,'
1140 641 1206 676 ex
1241 627 1424 676 codice
1445 640 1572 691 quo·

501 704 624 774 dam
648 703 751 753 Ms.
776 702 1022 766 produxit
1053 705 1069 733 ‘
1098 703 1343 754 inclaruit
1360 702 1394 764 ς’
1433 701 1573 767 quod

501 794 630 830 vero
655 780 909 842 posterius
925 779 1134 829 verbnm
1155 792 1185 827 e
1207 781 1372 841 glossa
1394 784 1572 828 natum

503 855 748 908 arbitror.
812 856 894 904 Eo
935 853 1140 904 facilius
1181 861 1354 905 autem
1395 855 1573 911 credo,

503 931 736 984 Plinium
773 944 869 994 per
896 932 1113 980 verbum
1142 931 1158 958 ‘
1184 929 1575 981 incandescere'

501 1010 793 1073 respexisse
818 1007 880 1055 ad
915 1007 1143 1057 colorem
1167 1007 1444 1057 candidum
1470 1008 1572 1058 sie·

502 1100 584 1137 cae
607 1091 663 1135 et
682 1085 994 1135 tenuissimae
1016 1099 1186 1133 arenae
1203 1084 1436 1148 AEgypti,
1451 1083 1573 1147 quia

502 1164 764 1227 suspicor,
819 1162 1042 1211 maxime
1087 1162 1154 1211 ob
1208 1162 1344 1210 hunc
1398 1160 1569 1218 ipsum

505 1240 929 1291 candidissimum
988 1241 1232 1295 colorem,
1289 1237 1570 1289 identidem

502 1317 773 1380 pulverem
813 1329 880 1364 ex
922 1315 1275 1380 AEgypto‚,ad
1318 1313 1572 1379 gymnasii

502 1408 674 1450 usum,
686 1393 901 1442 navibus
918 1394 1129 1443 Romam
1144 1394 1420 1444 advectum
1440 1405 1572 1441 este.

502 1470 660 1523 Quod
704 1471 867 1520 tradit
900 1470 1116 1520 Sueten.
1160 1470 1292 1519 Ner.
1333 1483 1452 1533 cap·
1485 1471 1571 1517 45.

500 1552 518 1576 ⁴
557 1546 720 1596 Forte
757 1544 966 1607 accidit,
1007 1553 1067 1595 ut
1102 1545 1154 1594 in
1192 1544 1402 1608 publica
1435 1543 1572 1596 fame

500 1625 866 1676 Alexandrina
906 1624 1054 1673 navis
1099 1623 1426 1672 nuntiaretur
1458 1622 1570 1687 pul·

499 1717 677 1752 vetem
700 1701 1042 1751 luctatoribus
1064 1700 1244 1750 aulicis
1265 1698 1572 1760 advexisse?

504 1776 588 1828 Cf.
613 1778 959 1827 Pha-xxxv.
983 1780 1064 1824 13.
1099 1776 1253 1825 Idem.

510 1900 517 1905 ,
572 1856 843 1917 Coelamqae
882 1853 1119 1916 respexit]
1162 1859 1176 1881 ‘
1201 1851 1266 1901 In
1308 1848 1572 1915 AEgypto’

500 1932 607 1998 (ait
630 1931 860 1993 Seneca)
879 1931 895 1958 ‘
919 1944 1074 1980 nemo
1098 1936 1359 1980 aratorum
1383 1929 1572 1990 aspicit

506 2007 742 2059 coelum.'
765 2008 902 2071 Lips.

577 2085 854 2135 Uber-tatem
866 2081 966 2144 qius
975 2083 1090 2132 anni
1106 2082 1371 2147 angustiis]
1393 2081 1574 2131 Verba

500 2162 619 2213 haec
644 2175 893 2225 perquam
925 2161 1176 2210 mendosa
1202 2159 1436 2209 referunt
1461 2160 1572 2222 qui-

502 2240 623 2289 dam
646 2238 758 2288 libri
781 2238 963 2301 scripti
982 2246 1036 2286 et
1051 2237 1256 2298 excusi,
1276 2236 1397 2284 dum
1417 2234 1572 2285 modo

496 2329 689 2366 nomen
732 2314 852 2363 anni
895 2314 1176 2373 omittunt;
1230 2310 1384 2360 modo
1437 2325 1571 2375 prae·

500 2382 677 2451 terea,
696 2404 789 2454 pro
812 2403 935 2439 casu
960 2395 1162 2453 quarto,
1176 2388 1457 2443 ubertatem,
1481 2401 1570 2447 po·

501 2475 637 2517 nunt
667 2480 844 2515 casum
870 2465 1175 2529 secundum,
1207 2464 1345 2514 hunc
1374 2464 1429 2512 in
1462 2477 1571 2511 mo-

500 2543 647 2601 dum,
691 2544 859 2593 iisdem
900 2542 1134 2594 aberratis
1173 2543 1276 2604 ejus
1312 2540 1571 2603 nummii«.

502 2619 782 2683 sigillatim
844 2618 1016 2669 codex
1070 2618 1570 2682 Guelpherbytanus

500 2695 663 2746 habet
700 2696 872 2746 iisdem
914 2696 1150 2745 ubertatis
1189 2694 1418 2759 auspiciis
1449 2694 1572 2756 eius,

498 2772 688 2837 quibas,
708 2775 790 2836 ἔμ’.
844 2774 1066 2824 Plurimi
1092 2779 1264 2822 tamen
1288 2786 1481 2827 veram,
1515 2777 1574 2821 et

493 2848 605 2912 jam
640 2851 921 2914 vulgatam,
942 2848 1251 2900 confirmant
1274 2849 1571 2899 lectionem.

504 2925 760 2978 Schmun.

515 3038 523 3044 v
572 3002 759 3059 Quibus
794 3001 1135 3051 abundantiam
1169 3000 1326 3063 suam]
1367 3000 1571 3052 ,Iustam

506 3077 575 3128 ad
624 3080 707 3129 16.
760 3077 963 3127 cubitos
1016 3090 1152 3134 esse,
1203 3075 1341 3126 infra
1390 3091 1573 3141 supra·

502 3169 609 3220 que
630 3155 820 3204 famem
845 3156 1143 3218 praesagire,
1174 3155 1382 3204 Plinius
1409 3153 1575 3204 refert

501 3244 678 3280 xvm.
705 3237 783 3281 18.
850 3232 1052 3281 Iterum
1078 3244 1286 3281 xxxvl.
1308 3236 1359 3281 7.
1391 3234 1406 3260 ‘
1425 3232 1572 3281 Nun·

500 3321 659 3372 qnam
682 3308 766 3357 hic
784 3307 1040 3373 (loquitur
1060 3308 1127 3357 de
1149 3308 1349 3358 basalte
1371 3306 1574 3372 lapide)

503 3385 672 3448 major
703 3392 944 3449 repertus
972 3392 1075 3447 est,
1105 3399 1258 3449 quam
1292 3385 1345 3434 in
1376 3385 1575 3448 templo

502 3459 661 3514 Pacis
686 3460 751 3510 ab
782 3462 1098 3525 imperatore
1123 3462 1443 3524 Vespasiano
1466 3461 1576 3516 Au·

502 3545 657 3600 gusto
704 3537 908 3588 dicatus
961 3544 1268 3601 argumento
1316 3537 1448 3599 Nili,
1496 3541 1576 3585 16.

500 3614 685 3664 liberis
731 3614 872 3664 circ'a
922 3612 1245 3677 ludentibus,
1302 3629 1398 3677 per
1448 3627 1576 3676 quos

503 3689 727 3744 totidem
749 3691 911 3740 cubiti
936 3690 1119 3739 summi
1152 3690 1459 3739 inerementi
1485 3703 1575 3737 an-

505 3766 675 3829 gentis
720 3781 776 3815 se
821 3766 984 3816 amnis
1023 3767 1135 3830 ejus
1173 3765 1579 3830 intelligantur!

504 3843 672 3893 Livin-
1316 3889 1325 3896 .

524 3951 529 3954 -
564 3924 700 3971 -Cam
736 3920 1051 3986 expanditur]
1083 3924 1390 3986 Expanditor
1421 3924 1578 3974 amnis

509 3997 683 4046 Livin.
753 4000 991 4048 Insolens
1031 4007 1087 4049 et
1118 4007 1421 4063 suspectum
1452 4000 1577 4050 milti

510 4074 724 4139 quidem
756 4076 1086 4132 vocabulum,
1117 4086 1274 4142 atque
1304 4092 1367 4126 eo
1392 4078 1576 4141 magis,

511 4151 650 4216 quod
698 4152 747 4199 in
788 4152 854 4199 V.
895 4152 1094 4214 liquido
1135 4165 1216 4203 est
1261 4157 1577 4217 expandatur.

510 4225 848 4289 Repouebam
876 4225 1054 4275 timide
1073 4242 1103 4275 e
1123 4228 1357 4291 vestigiis
1384 4230 1576 4278 veteris

509 4301 786 4366 scripturae
810 4306 859 4352 et
886 4302 1112 4365 paleam-3
1146 4301 1264 4356 riam
1298 4306 1580 4374 verisimile

1193 402 1413 454 No'rAE
1462 399 1878 451 vammum
1922 400 2006 452 IN

1645 547 1806 598 estin
1830 545 1964 597 libro
1988 544 2226 611 principe
2247 543 2409 596 fuisse
2431 552 2480 597 et
2501 527 2709 610 ἷιῖιαιον,

1647 636 1806 687 supra
1829 622 1991 687 pieta,
2013 637 2130 687 quae
2155 624 2384 673 vocalem
2407 624 2608 685 longam
2633 624 2707 670 in·

1646 701 1864 759 dicaret,
1895 708 2038 764 nota,
2066 700 2162 751 sed
2192 700 2261 751 ab
2293 701 2532 765 imperito
2555 700 2710 750 libra-

1647 780 1727 831 rio
1750 781 1827 831 sic
1844 788 2082 845 accepta,
2108 786 2166 830 nt
2186 781 2230 831 si
2246 797 2279 831 ιι
2297 781 2507 831 valeret.
2555 779 2710 832 Quod

1645 858 1814 920 ipsum
1850 858 1902 908 iu
1940 859 1956 886 ‘
1986 856 2217 915 totiens,'
2247 856 2267 884 ‘
2292 856 2561 923 quotieus‚’
2594 858 2611 888 ⁴
2638 856 2709 905 vi-

1646 932 1942 999 censimus,‘
1958 941 2012 985 et
2031 932 2281 985 similibus
2293 933 2551 997 evenisse,
2566 932 2713 983 docti

1645 1009 2009 1062 observarunt.
2041 1011 2194 1062 Idem.

1714 1088 1835 1138 Cam
1856 1087 2176 1153 expanditur]
2210 1088 2331 1139 vim
2368 1086 2516 1139 verbi
2539 1089 2712 1152 capio,

1645 1162 1815 1227 ipsum
1844 1164 1932 1214 vix
1965 1165 2209 1215 admitto.
2269 1166 2476 1215 Novum
2501 1162 2712 1213 durum-

1646 1254 1748 1305 que
1770 1248 1882 1290 est:
1916 1247 1974 1291 et
1998 1255 2063 1292 an
2083 1256 2184 1291 nou
2201 1241 2362 1304 magis
2381 1237 2714 1304 exspatiatur-2

1647 1323 1740 1366 aut
1774 1317 1819 1365 si
1856 1317 1973 1381 quis
2013 1317 2275 1367 Vulcanus
2311 1316 2476 1381 magis
2511 1314 2713 1366 affabre

1641 1393 1843 1457 aliquid
1872 1392 2090 1457 effingit.
2120 1395 2259 1458 Lips-
2293 1439 2299 1447 .

1715 1471 1837 1520 Cum
1857 1472 2161 1535 expanditur.
2183 1470 2361 1534 amnis]
2397 1470 2541 1522 Edit.
2573 1470 2715 1521 Rhe-

1643 1562 1764 1602 nan.
1784 1549 2075 1612 expanditur
2105 1550 2265 1610 annis,
2301 1548 2394 1599 sed
2415 1548 2716 1613 expanditur

1643 1626 1801 1675 amnis
1822 1639 1965 1675 mens
1989 1626 2050 1675 C.
2081 1626 2258 1676 Faber,

1716 1702 1838 1751 Cam
1867 1702 2184 1767 expanditur]
2219 1703 2528 1765 Expanditor
2559 1702 2718 1751 amnis

1646 1777 1814 1829 Livin.
1848 1783 1896 1829 et
1920 1778 2112 1842 palatou-
2146 1780 2301 1830 amm's
2337 1779 2714 1843 probabilite13

1645 1868 1763 1905 nam
1809 1856 1964 1918 paulo
2007 1860 2130 1906 aute
2175 1856 2465 1920 praeemit,
2500 1861 2513 1884 ⁸
2547 1855 2718 1918 mergi

1647 1931 1847 1995 palanti
1904 1945 2055 1980 amne
2109 1930 2396 1984 consueta-⁹
2479 1929 2718 1981 Michael

1647 2006 1949 2070 Virdungns
1987 2015 2162 2058 tamen
2195 2021 2295 2070 pro
2322 2007 2613 2070 expanditor
2638 2007 2718 2056 le-

1647 2084 1872 2147 gendum
1915 2083 2189 2133 divinabat
2229 2086 2521 2147 expatiatur.
2595 2083 2716 2143 Ego

1646 2162 1854 2211 mallem
1890 2176 2043 2223 vagas
2069 2161 2149 2211 itte
2183 2166 2232 2212 et
2269 2162 2512 2225 spatiator
2542 2160 2717 2209 amnis.

1643 2239 1732 2289 Sic
1770 2245 1945 2288 antem
1992 2239 2176 2288 Nilum
2217 2244 2391 2298 vocat,
2425 2238 2558 2302 -quia
2595 2252 2716 2288 eum

1648 2322 1799 2365 extra
1822 2316 2026 2366 alveum
2060 2329 2205 2364 suum
2229 2316 2460 2365 exundat
2484 2322 2540 2363 et
2562 2327 2718 2376 agros

1646 2393 1850 2456 irrigat,
1885 2392 2046 2441 veluti
2086 2391 2302 2456 spatiari
2339 2391 2564 2442 videtur.
2600 2390 2718 2439 Rie-

1646 2474 1762 2533 terq.

1707 2547 2018 2610 Expanditor.
2035 2544 2212 2609 amnis]
2246 2545 2516 2595 Conantur
2530 2544 2719 2595 lectio-

1639 2636 1762 2671 nem
1802 2629 2014 2673 mutare
2065 2622 2238 2671 critici
2291 2623 2598 2687 legantque,
2633 2622 2719 2672 Li-

1639 2700 1845 2749 vineius
1877 2705 1928 2749 et
1948 2702 2158 2765 palatur,
2190 2699 2399 2761 Lipsius
2426 2698 2723 2760 expatiator,

1645 2775 2027 2827 Rittershusius
2069 2781 2118 2825 et
2152 2775 2421 2839 spatiatum
2469 2775 2563 2823 sed
2601 2788 2721 2823 meo

1637 2853 1846 2917 judicio
1869 2853 1996 2902 nihil
2016 2853 2409 2902 immutandum.
2439 2852 2670 2901 Patarol.

1717 2929 1839 2978 Cam
1870 2926 2196 2992 expanditur]
2245 2928 2490 2986 Antehac
2529 2942 2718 2978 ¹omnes

1646 3004 1801 3068 hujus
1825 3004 2134 3068 Panegyrici
2170 3004 2428 3053 editiones
2459 3006 2719 3060 contami-

1647 3088 1868 3130 naverat
1911 3094 2068 3142 grave
2107 3078 2371 3142 mendum,
2414 3094 2533 3130 cum
2570 3081 2718 3130 locus

1647 3157 1733 3210 hic
1768 3156 1959 3221 ubique
1998 3156 2073 3205 sic
2117 3170 2392 3219 expressus
2429 3157 2720 3220 legeretur,

1651 3234 1817 3296 Neque
1838 3235 1964 3282 enim
1985 3234 2133 3282 solam
2152 3232 2408 3294 angustae
2427 3233 2720 3295 expanditur

1646 3311 1802 3362 amnis
1842 3311 1974 3359 intra
2019 3314 2250 3372 usurpata
2301 3323 2483 3372 semper
2523 3308 2724 3358 collium

1649 3387 1944 3449 substiterat,
1985 3389 2068 3450 ἔμ’.
2157 3386 2365 3435 Novam
2422 3384 2720 3449 durumque

1647 3477 1834 3512 nomen
1866 3462 2149 3525 expanditur
2178 3460 2349 3510 critici
2373 3458 2525 3510 facile
2562 3475 2722 3523 agno·

1651 3545 1857 3593 verunt,
1879 3544 1933 3587 et
1951 3536 2208 3587 medelam
2232 3536 2351 3585 hnic
2367 3536 2485 3585 loco
2502 3533 2722 3586 adferre

1644 3621 1950 3675 tentarunt3
1972 3612 2062 3662 sed
2082 3618 2368 3663 tentarunt.
2404 3611 2553 3673 Mihi,
2578 3611 2721 3677 quod

1651 3690 1929 3755 praefiscini
1974 3690 2214 3753 dixerim,
2263 3689 2430 3752 primo
2475 3689 2725 3752 contigit,

1650 3768 1900 3817 veriorem
1933 3768 2211 3816 ,lectionem
2236 3780 2303 3815 ex
2327 3766 2719 3833 vestigiisquo-

1648 3842 1866 3901 rundam
1890 3842 2125 3892 codicum
2144 3841 2195 3891 in
2214 3842 2380 3891 lucem
2407 3842 2533 3905 prod
2543 3857 2726 3905 ucere,⁴

1648 3935 1800 3986 quam
1826 3920 1918 3970 viri
1941 3920 2105 3982 docti,
2123 3918 2395 3968 Gesner-us
2418 3927 2475 3968 et
2491 3917 2724 3970 Arntze·

1650 3997 1784 4060 nius,
1827 3994 2118 4059 pronissimi
2172 4000 2296 4043 sunt
2335 3994 2608 4057 amplexi3
2661 4003 2721 4048 et

1648 4088 1800 4139 qnam
1837 4073 2068 4137 posthaec
2094 4072 2252 4122 etiam
2281 4073 2599 4122 anctoritate
2631 4087 2717 4125 co-

1650 4151 1825 4202 dicum
1848 4151 2220 4200 vaticanorum
2246 4148 2603 4202 eoufirmatam
2626 4150 2716 4199 de·

1653 4226 1919 4291 prehendi,
1962 4225 2049 4275 ubi
2088 4224 2285 4273 diserte
2320 4224 2573 4288 scriptum
2614 4234 2720 4280 est,

1652 4305 1820 4369 Neque
1852 4302 1977 4355 enim
1991 4304 2153 4354 solam
2183 4316 2337 4365 vagas
2363 4302 2461 4360 ille,
2475 4334 2479 4340 -
2495 4317 2601 4353 eum
2628 4316 2724 4354 ex·.
