3017 4942
462 441 603 510 644

468 607 619 658 niusa
651 604 722 656 sit
758 603 1017 657 Gronovii
1054 603 1379 668 conjectura,
1414 616 1544 652 non·

470 684 595 733 dum
614 691 790 733 tamen
812 697 845 731 a
867 696 950 730 me
976 681 1265 741 impetrare
1289 681 1458 744 potui,
1484 685 1544 728 ut

422 770 424 774 ’
472 774 587 809 eam
624 759 914 822 reciperem
946 757 996 805 in
1023 762 1326 806 contextum
1350 754 1543 804 oratio·

469 838 593 887 nis:
630 838 796 902 primo
842 834 1072 901 quidem,
1117 834 1238 899 quia
1280 834 1542 896 vulgatam

467 912 746 963 lectionem
771 926 948 961 omnes
978 910 1160 974 scripti
1199 910 1541 974 impressique

467 989 591 1040 libri
625 989 955 1045 confirmant,
992 989 1067 1037 ita
1098 995 1158 1038 ut
1186 989 1382 1037 nullum
1407 988 1543 1037 vari·

467 1067 605 1118 antis
628 1068 906 1130 scripturas
932 1064 1210 1128 vestigium
1247 1065 1539 1129 deprehen·

470 1143 667 1206 derim;
701 1144 914 1204 deinde,
939 1144 1062 1205 quia
1091 1143 1233 1192 nulla
1255 1144 1537 1193 necessitas

466 1228 644 1284 urget,
683 1227 740 1269 ut
776 1236 805 1270 a
842 1220 1068 1274 lectione
1093 1219 1303 1281 vulgata
1327 1220 1538 1269 receda-

467 1311 601 1354 mus,
627 1312 744 1348 cum
770 1303 824 1346 et
846 1311 911 1346 ea
938 1294 1259 1345 commodam
1293 1296 1539 1346 admittat

464 1372 996 1436 interpretationem:
1030 1371 1248 1433 scilicet,
1291 1386 1416 1422 nunc
1458 1387 1538 1423 ve·

464 1463 579 1498 rum
613 1450 855 1512 templum,
882 1449 937 1497 iu
967 1463 1070 1513 quo
1105 1447 1410 1499 innocentes
1435 1463 1534 1499 non

465 1526 777 1588 perniciem,
821 1522 916 1573 sed
959 1523 1181 1573 salutem
1225 1524 1533 1587 inveniant3

464 1616 588 1652 nunc
608 1617 714 1653 vere
750 1602 888 1652 Deus
924 1602 1125 1664 templi,
1152 1602 1240 1665 qui
1272 1602 1538 1653 custodiat

455 1679 630 1744 justas
663 1694 812 1744 opes,
845 1693 946 1729 nec
984 1678 1193 1742 spoliari
1228 1686 1282 1728 et
1310 1680 1535 1743 opprimi

463 1755 606 1808 sinat
651 1755 845 1805 bonos:
892 1753 1091 1811 adhaee,
1137 1755 1258 1818 quia
1295 1770 1396 1804 non
1435 1757 1537 1807 nisi

459 1830 658 1896 frigida
683 1831 924 1896 quasdam
946 1831 1245 1892 ταυτολογία
1270 1831 1321 1880 in
1342 1834 1536 1896 repeti·

463 1908 531 1957 tis
569 1909 777 1959 vocibus
813 1909 978 1972 templi
1022 1917 1077 1957 et
1122 1909 1242 1958 oedis
1286 1913 1536 1962 occurrit.

466 1986 684 2037 Dicitur
724 1994 900 2036 autem
932 2001 1058 2036 ntauc
1088 2001 1194 2036 vere
1217 1987 1374 2044 Deus,
1399 1988 1534 2038 haurd

465 2076 640 2125 secus,
661 2078 721 2113 ae
744 2066 757 2093 ‘
782 2078 902 2113 vere
928 2061 1207 2127 princeps)
1270 2064 1409 2114 Plin.
1430 2067 1535 2115 Pa-

464 2152 786 2202 neg.,1„xxx.
809 2144 860 2189 3.
899 2140 914 2167 ‘
933 2140 980 2188 Ο
1008 2154 1129 2188 vere
1164 2138 1435 2203 principis,
1456 2148 1535 2191 at·

465 2228 568 2279 que
589 2215 742 2263 etiam
767 2215 1030 2265 consulis-⁹
1096 2217 1234 2279 Ergo
1262 2218 1445 2268 vitiose
1482 2219 1535 2269 iu

461 2299 649 2343 nostro
687 2292 867 2342 codice
899 2293 1152 2358 scripturn
1177 2301 1258 2343 est
1279 2309 1404 2344 nunc
1425 2310 1534 2345 vcro

465 2368 622 2418 Deus.
652 2368 910 2422 Schwarz.

527 2443 842 2508 Spoliarium]
880 2446 1048 2494 Locus
1084 2444 1136 2494 in
1161 2445 1534 2509 amphitheatri

461 2531 637 2586 parte,
661 2522 748 2571 ubi
774 2529 948 2572 vestes
982 2522 1272 2571 occisorum
1302 2529 1359 2572 et
1388 2537 1535 2572 arma

464 2599 884 2664 deponebantur,
904 2608 1062 2664 atque
1087 2600 1190 2649 alia
1208 2607 1535 2652 ornamenta.

461 2678 597 2728 Vide
617 2677 914 2728 Saturnalia
933 2685 1130 2739 nostra,
1154 2691 1193 2726 ι.
1219 2681 1298 2726 18.
1334 2676 1473 2740 Lips-

529 2754 845 2820 Spoliarium]
883 2755 1072 2814 Locus,
1103 2754 1154 2802 in
1181 2766 1284 2818 quo
1308 2761 1363 2803 et
1387 2754 1530 2803 dam-

459 2834 572 2886 nati
609 2831 986 2896 spoliabantur,
1027 2830 1116 2895 qui
1147 2829 1325 2878 statim
1351 2830 1531 2894 capite

406 2940 410 2945 ι
460 2924 644 2976 poenas
669 2908 840 2957 daturi
863 2914 1056 2956 essent
1092 2906 1429 2956 Nostratibus
1452 2906 1529 2956 di·

465 2990 602 3037 citur
624 2984 728 3038 W
753 2966 1280 3046 ἳΒΖίῷῑεῙῘὶὲῑῑβῖθίῐῑ,
1311 2989 1434 3052 quia
1455 2986 1532 3038 ibi

460 3080 564 3115 non
591 3074 791 3117 tantum
818 3067 1149 3122 vestimenta,
1163 3065 1253 3113 sed
1273 3071 1326 3115 et
1346 3081 1530 3128 pecca·

460 3150 532 3205 ta,
556 3143 845 3207 deponunt.
883 3143 969 3192 Sic
997 3142 1391 3206 proscriptionis
1412 3143 1533 3193 Sul·

458 3218 594 3268 lanae
619 3219 918 3283 spoliarium
943 3220 1085 3267 lacus
1109 3218 1378 3268 Servilius.
1430 3219 1528 3269 Se-

460 3308 595 3344 neca
634 3295 700 3345 de
746 3294 1216 3345 Provid.111.12.
1270 3295 1529 3360 Cic.pro

460 3370 621 3423 Rosc.
654 3373 810 3423 Bern-

476 3449 821 3513 Proedarum]
840 3451 971 3503 Quae
988 3449 1188 3501 civibus
1206 3448 1389 3500 occisis
1408 3463 1525 3513 par·

459 3530 549 3574 tre.
616 3526 933 3576 Claudianus
976 3526 1165 3576 similia
1211 3526 1263 3575 in
1305 3525 1529 3575 Honor-ii

390 3593 413 3660 f
457 3600 731 3654 laudibusz
789 3604 805 3630 ‘
831 3604 1004 3655 Nullae
1044 3604 1292 3654 nobilium
1335 3603 1529 3668 caedes,

458 3692 558 3730 non
591 3679 810 3730 erimina
846 3682 998 3743 vulgo
1026 3682 1318 3743 Texuntur,
1354 3679 1528 3743 patria

460 3764 674 3805 moestus
698 3772 799 3807 non
834 3757 1063 3814 truditur
1093 3757 1233 3806 exul.
1301 3756 1354 3806 N
1360 3770 1425 3805 on
1449 3756 1528 3806 in·

459 3831 641 3882 felices
668 3834 881 3891 tabulae,
898 3834 1000 3884 non
1016 3834 1169 3883 hasta
1188 3832 1375 3882 refixas
1385 3833 1527 3882 Ven-

461 3906 540 3956 dit
575 3922 721 3974 opes,
755 3911 1038 3975 avidusque
1073 3918 1241 3960 emtor
1265 3924 1363 3960 non
1399 3923 1527 3960 voce

461 3982 676 4048 citatur,
718 3985 833 4036 Nec
881 3995 970 4036 tua
1015 3987 1237 4051 privatis
1282 3994 1528 4039 creseunt

462 4060 648 4108 aeraria
672 4060 907 4112 damnis!
940 4063 1077 4125 Lips.

492 4179 499 4188 κ
527 4133 602 4183 Ac
625 4139 738 4185 *toto
772 4136 826 4184 in
853 4138 986 4199 orbe]
1023 4138 1405 4189 vexatissimus
1440 4140 1526 4190 hic

463 4214 608 4262 loeus
630 4219 728 4269 est,
753 4216 984 4278 quamvis
1017 4215 1132 4278 ejus
1157 4216 1316 4265 lectio
1342 4217 1393 4266 in
1418 4232 1524 4266 om-

465 4288 615 4339 nibus
632 4287 780 4338 libris
801 4298 1056 4353 perpetuo
1080 4291 1176 4341 sibi
1199 4298 1426 4343 constet.
1460 4292 1524 4341 Id

467 4378 622 4414 unnim
661 4371 914 4428 optarem,
951 4374 1009 4416 ut
1048 4380 1141 4429 pro
1173 4382 1245 4423 ac,
1276 4383 1528 4433 expresse

1174 455 1394 507 No'rAE
1440 453 1854 505 vitulorum
1900 454 1985 505 ΙΝ

1617 601 2052 665 scriptum·esset
2090 612 2206 658 nec,
2196 614 2211 629 ·
2243 605 2550 665 quamquam
2588 587 2682 650 ne'·

1615 692 1719 742 qne
1740 677 1839 728 hae
1862 676 2076 742 quidem
2100 676 2206 726 levi
2227 676 2512 726 mutatione
2543 689 2680 738 opus

1618 756 1708 815 sit,
1729 755 2005 821 omniaque
2025 754 2183 803 verba
2197 753 2443 815 evulgata
2466 752 2685 803 retineri

1618 832 1819 895 possint
1842 832 2064 895 integra,
2096 831 2216 880 dum
2241 829 2397 879 modo
2419 828 2683 893 particula

1617 912 1703 961 illa
1717 927 1794 973 ac,
1811 917 2027 976 propter
2044 909 2426 975 praecedentem
2451 907 2683 972 particu-

1616 990 1717 1039 lam
1739 1005 1849 1052 non,
1871 990 1997 1056 [uon
2022 989 2319 1054 spoliarium
2345 984 2580 1049 civinm‚]
2613 998 2683 1034 ex

1615 1068 1882 1131 pendente
1908 1082 2059 1118 seusu
2078 1067 2231 1116 simul
2254 1064 2437 1114 induat
2461 1063 2564 1113 vim
2588 1076 2680 1112 ne·

1614 1146 1789 1206 gandi,
1812 1145 2211 1209 accipiatnrque
2235 1156 2327 1206 pro
2349 1156 2406 1191 ac
2427 1155 2539 1195 noa.
2562 1138 2682 1210 sive

1614 1236 1801 1285 πωπω
1847 1222 1985 1271 baud
2028 1234 2199 1281 secus,
2241 1232 2303 1268 ac
2338 1216 2391 1266 iu
2428 1212 2681 1279 proximis

1616 1299 1807 1356 verbis,
1855 1305 1871 1328 ⁴
1892 1304 2327 1359 cruentarumque
2381 1291 2683 1358 praedarum

1611 1389 1807 1423 saevum
1833 1369 2262 1438 receptaculum,’
2279 1369 2549 1435 ‘particula
2569 1384 2683 1434 que,

1610 1458 1829 1513 propter
1868 1450 2184 1514 pendentem
2233 1446 2567 1511 negationem
2610 1460 2682 1496 ex

1598 1526 1797 1577 eadem
1817 1527 2075 1590 particula
2095 1540 2208 1585 noa,
2230 1538 2326 1588 per
2346 1537 2494 1587 neque
2514 1522 2684 1572 debet

1613 1605 1887 1668 explicari,
1912 1611 1969 1653 ut
2001 1602 2132 1652 adeo
2153 1608 2297 1651 totus
2326 1599 2411 1648 hic
2432 1601 2579 1648 locus
2603 1598 2685 1646 ita

1612 1681 1932 1744 supplendus
1952 1677 2400 1744 explicandusque
2416 1676 2513 1725 sits
2536 1677 2684 1725 Nunc

1611 1758 1834 1821 templum
1872 1757 2010 1820 illud,
2052 1771 2175 1805 nunc
2213 1768 2322 1804 vere
2358 1752 2495 1803 Deus
2514 1768 2537 1812 ,·
2581 1747 2683 1802 nois

1608 1835 1884 1896 spoliarium
1940 1835 2136 1889 civium,
2184 1846 2331 1895 neque
2373 1834 2682 1879 cruentarum

1605 1915 1879 1978 proedarum
1899 1928 2076 1963 soevum
2092 1910 2454 1973 receptaculum,
2472 1922 2530 1957 ac
2549 1907 2681 1971 [sci-

1611 1989 1732 2039 licet
1757 1978 1874 2054 nou]
1910 1994 2012 2040 toto
2039 1990 2095 2038 ιἰι
2118 1986 2227 2036 orbe
2255 1992 2493 2035 terrarum
2521 1986 2681 2049 adhuc

1608 2066 1737 2116 locus
1770 2083 1890 2116 unus
1941 2067 2050 2131 [vel
2085 2064 2270 2127 πηίου,
2316 2057 2578 2125 superem]
2621 2059 2681 2109 irs

1608 2157 1717 2205 quo,
1754 2144 1930 2207 optimo
1962 2141 2199 2206 principe,
2231 2139 2340 2189 boni
2362 2138 2503 2187 malis
2522 2138 2681 2200 impa-

1609 2234 1687 2269 res
1724 2226 1897 2286 essent,
1936 2221 1969 2270 i.
1994 2234 2041 2268 e.
2068 2215 2498 2269 Sicutoerarium
2535 2229 2679 2266 nunc

1609 2309 1711 2346 non
1740 2303 1819 2347 est
1841 2294 2140 2362 spoliarium
2160 2292 2477 2357 civinm‚nec
2492 2305 2680 2355 recep*-

1610 2376 1838 2425 taculum
1871 2379 2208 2425 cruentarum
2240 2370 2569 2436 praedarnm;
2599 2369 2680 2420 ita

1608 2464 1707 2501 nec
1732 2451 1785 2501 in
1810 2456 1921 2501 toto
1936 2457 2191 2500 terrarum
2205 2447 2333 2498 orbe
2351 2447 2518 2496 adbuc
2542 2461 2677 2496 unus

1609 2536 1853 2592 superest
1875 2529 2042 2588 locus,
2063 2527 2114 2577 in
2141 2541 2242 2590 qno
2268 2524 2392 2575 boni
2414 2523 2558 2573 malis
2581 2523 2677 2572 im-

1609 2619 1760 2669 pares
1782 2613 1974 2662 essent,
2010 2604 2121 2654 sive
2152 2602 2238 2653 ubi
2262 2602 2565 2651 innocentes
2590 2615 2679 2651 ac-

1607 2684 1961 2734 cusationibus
1981 2682 2226 2732 malorum
2243 2679 2533 2729 delatorum
2559 2692 2679 2728 suc-

1607 2761 1943 2812 cumberent:
1980 2774 2098 2811 cum
2122 2760 2269 2822 alias,
2290 2757 2446 2807 etiam
2467 2756 2566 2806 sub
2584 2755 2678 2806 be-

1607 2836 1928 2900 nignioribus
1953 2834 2297 2900 principibus,
2319 2834 2503 2882 saltem
2526 2831 2677 2882 iden-

1610 2912 1770 2964 tidem
1787 2912 2169 2975 indulgeretur,
2188 2916 2268 2970 ut,
2288 2907 2462 2962 aerarii
2478 2922 2678 2972 augen-

1608 2988 1659 3038 di
1681 3004 1884 3054 caussa,
1899 2988 2021 3039 boni
2036 2984 2312 3053 aliquando
2328 3002 2359 3035 a
2373 2986 2517 3036 malis
2537 2985 2674 3035 dela«

1607 3067 1809 3117 toribus
1845 3066 2195 3117 vincerentur.
2265 3064 2475 3127 Negare
2511 3064 2678 3126 enim,

1607 3156 1708 3192 non
1733 3141 1991 3193 affirmare
2014 3142 2179 3194 voluit
2201 3140 2424 3196 Plinius,
2451 3138 2551 3189 snb
2582 3140 2675 3189 im·

1607 3223 1855 3283 peratore
1881 3218 2114 3283 Trajano
2152 3213 2466 3281 superfuisse
2499 3207 2674 3266 locum

1607 3310 1783 3360 unum,
1819 3296 1870 3345 in
1902 3311 2008 3360 quo
2033 3294 2153 3345 boni
2178 3293 2360 3344 malis·
2347 3308 2571 3358 impares
2594 3308 2676 3345 es-

1606 3380 1743 3421 sent.
1811 3373 1944 3424 Quae
1989 3372 2124 3421 euim
2169 3369 2403 3434 justitia,
2454 3376 2509 3419 et
2555 3383 2672 3433 quae

1604 3446 1714 3497 laus
1736 3447 1949 3511 Trajani
1985 3445 2190 3503 fuisset,
2217 3447 2276 3502 si,
2292 3459 2364 3495 eo
2386 3444 2594 3495 sciente
2616 3451 2675 3496 et

1605 3526 1900 3583 ordinante,
1959 3525 2083 3574 boni
2137 3525 2192 3573 in
2246 3522 2384 3573 bona
2417 3522 2672 3587 justaque

1604 3617 1786 3654 caussa
1808 3602 1945 3652 vinci
1976 3601 2253 3652 debuerint
2282 3614 2315 3650 a
2343 3601 2491 3649 malis
2515 3614 2672 3650 accu-

1604 3679 1902 3730 satoribus?
1968 3676 2274 3729 Sufficiebat
2305 3683 2480 3727 autem
2519 3676 2569 3727 ei
2604 3678 2669 3728 ad

1604 3757 1837 3820 gloriam,
1855 3754 1995 3819 quod
2020 3752 2314 3803 sustulisset
2350 3751 2573 3815 injustas
2595 3754 2669 3803 lo-

1603 3832 1907 3896 cupletandi
1951 3831 2118 3881 aerarii
2163 3843 2390 3887 caussas,
2446 3830 2669 3880 antebac

1602 3909 1799 3960 solitas.
1866 3909 1981 3959 Etsi
2027 3922 2151 3957 vero
2189 3908 2264 3957 sic
2302 3905 2670 3960 coercerentur

1602 3984 1823 4050 improbi
1846 3986 2120 4046 delatores,
2133 3998 2229 4033 nec
2253 3982 2459 4041 liceret,
2474 3996 2669 4045 augen-

1604 4061 1656 4110 di
1682 4062 1853 4112 aerarii
1875 4062 2057 4125 gratia,
2084 4062 2224 4125 leges
2246 4074 2342 4124 per
2355 4060 2669 4110 calumniam

1602 4138 1982 4203 interpretari3
2015 4136 2263 4187 manebat
2298 4143 2473 4185 tamen
2510 4149 2668 4186 verus

1604 4216 1776 4279 legum
1801 4215 1982 4277 honor,
2010 4214 2130 4264 dum
2161 4227 2315 4277 poena
2346 4218 2599 4269 maneret,
2622 4212 2668 4261 si

1605 4293 1716 4354 quis
1737 4306 1791 4341 re
1815 4306 1939 4340 vera
1954 4306 2071 4341 sons
2089 4290 2445 4355 deprehensus
2467 4286 2668 4342 fuisset·

1602 4372 1773 4424 Quem
1818 4372 1988 4422 locum
2034 4371 2292 4436 copiosius
2332 4371 2554 4435 exposui
2611 4370 2668 4424 in.
