3017 4942
510 385 644 453 754

512 544 749 613 proxime
764 550 1283 673 commemoqgerat,
1294 559 1446 611 quem
1461 558 1582 610 par·

513 638 607 674 cus
629 621 884 686 Trajanus
906 622 1081 686 privat

515 699 732 763 diligens
767 699 820 748 in
860 697 1074 756 tuendo,
1103 706 1159 749 at
1192 698 1496 763 magnificus
1528 699 1583 749 in

517 775 785 842 publicum
817 773 1016 837 fuerit;
1051 789 1210 833 nunc,
1254 782 1313 826 nt
1355 775 1424 827 ad
1459 776 1585 828 alias

514 852 684 903 laudis
720 859 895 916 partes
931 852 1315 916 progrediatur,
1352 867 1449 917 per
1485 853 1585 904 hoe

519 938 680 995 caput
706 929 936 994 eleganti
961 930 1270 980 transitione
1293 931 1359 980 de
1381 929 1585 981 bonori-

517 1006 615 1057 bus
647 1006 911 1072 titulisque
947 1007 1130 1064 utitur,
1169 1021 1299 1072 quos
1334 1007 1457 1057 inde
1478 1022 1586 1059 me·

518 1083 684 1135 ruerit
721 1083 1093 1149 admiseritque
1128 1085 1404 1150 Trajanns,
1432 1100 1587 1151 quos·

519 1174 621 1225 que
644 1160 733 1210 alii
764 1160 886 1210 olim
922 1160 1033 1210 sine
1066 1161 1366 1225 hujusmodi
1387 1162 1587 1229 meritis

521 1237 866 1301 recepissent.
933 1238 1066 1288 Fere
1098 1238 1254 1289 simili
1278 1240 1588 1291 transitione

518 1330 643 1366 usus
685 1323 768 1366 est
811 1330 968 1380 supra
1011 1328 1133 1367 ιιι.
1171 1319 1219 1366 1.
1253 1316 1475 1367 ‘Nonne
1508 1318 1588 1368 bis

519 1397 604 1443 tot
635 1393 905 1457 tantisque
941 1392 1141 1442 meritis
1183 1407 1344 1443 novos
1386 1393 1587 1460 aliquos

519 1473 767 1532 bonores,
820 1484 982 1523 noros
1017 1471 1217 1530 titulos,
1263 1471 1590 1523 merebere?

523 1549 775 1600 Schwart-

588 1627 851 1677 Rads'atant
886 1625 1054 1692 caput]
1089 1625 1137 1676 1.
1159 1640 1208 1676 e.
1245 1631 1407 1690 caput
1441 1625 1590 1691 qussi

521 1703 682 1755 radiis
723 1704 979 1754 solaribus
1022 1703 1291 1766 cinctnm3
1344 1703 1591 1769 quemad-

520 1782 727 1832 modum
770 1781 1048 1846 Apolliuis,
1088 1781 1199 1831 sive
1236 1781 1392 1844 Solis,
1431 1787 1592 1847 caput

522 1859 891 1922 repraesentari
920 1859 1131 1909 solitum
1161 1866 1244 1907 est
1275 1858 1327 1908 in
1363 1858 1592 1923 antiquis

523 1936 742 1984 nummis
779 1934 995 2000 aliisque
1036 1934 1389 1985 monimentis.
1473 1937 1596 1989 Qua

524 2011 591 2063 de
615 2026 673 2061 re
700 2011 818 2060 vide
856 2010 1007 2061 Hier.
1034 2009 1318 2061 Alexandri
1348 2012 1595 2076 Explica·

522 2087 721 2139 tionem
751 2087 970 2137 Tabnlae
1010 2087 1262 2139 Heliacm.
1328 2089 1472 2140 Nihil
1506 2104 1597 2139 au·

525 2174 631 2223 tem
668 2165 809 2218 aliud
844 2164 1081 2215 ‘radius'
1111 2174 1212 2231 est,
1234 2181 1387 2231 quam
1426 2167 1597 2231 image

523 2243 675 2303 lucis,
713 2257 805 2295 seu
844 2242 1050 2306 species
1088 2259 1121 2294 a
1158 2259 1380 2309 corpore
1424 2243 1598 2294 lucido

524 2320 802 2384 producta.
854 2318 940 2370 Ad
959 2330 1085 2385 quos
1107 2319 1282 2371 radios
1304 2320 1596 2385 exprimen-

454 2444 458 2449 .
527 2397 620 2448 dos
645 2397 808 2447 veluti
840 2396 1046 2460 spicula
1078 2396 1376 2446 emicabant
1406 2411 1473 2446 ex
1508 2411 1600 2447 au·

527 2490 621 2527 rea
654 2475 864 2540 lamina,
889 2490 1007 2539 qum
1043 2474 1211 2525 instar
1242 2472 1421 2526 fascia
1457 2489 1598 2526 com·

526 2553 860 2618 plectebatur
883 2552 1061 2615 capita
1098 2553 1331 2602 Deorum
1367 2559 1424 2603 et
1457 2552 1599 2617 priu-

527 2631 719 2694 cipum.
788 2630 860 2680 Et
894 2628 1156 2692 sigillatim
1192 2642 1403 2678 corona
1442 2627 1600 2679 solari

529 2706 805 2780 duodecim
863 2704 1231 2756 tribuebantur
1283 2703 1447 2767 radii3
1499 2718 1601 2770 que

527 2798 743 2835 numero
787 2798 994 2835 menses
1036 2782 1313 2834 duedecim
1355 2780 1601 2847 designa·

529 2861 738 2924 bantur,
781 2860 966 2926 quibus
1007 2875 1208 2910 annuus
1255 2859 1380 2910 solis
1421 2873 1603 2911 cursus

531 2936 818 3001 perficitur.
900 2936 1039 2987 Hinc
1084 2936 1277 3000 Virgil.
1323 2936 1436 2987 AEn.
1491 2949 1601 2988 ιιι.

529 3019 645 3064 161.
667 3028 812 3079 seqq.
836 3011 904 3062 de
928 3012 1117 3063 Latino
1140 3025 1265 3075 rege
1289 3012 1538 3075 originem
1571 3027 1604 3062 a

528 3091 651 3142 Sole
674 3090 918 3150 ducente,
941 3090 1154 3154 cecinit,
1187 3089 1204 3116 ‘
1223 3089 1435 3154 Ingenti
1458 3090 1598 3140 mole

530 3164 749 3218 Latinus
801 3166 1131 3232 Quadrijugo
1174 3166 1385 3218 vehitur
1425 3182 1603 3233 curru,

531 3242 615 3295 cui
655 3249 894 3307 tempora
930 3244 1127 3295 circum
1167 3241 1356 3293 Aut-ati
1395 3243 1473 3293 bis
1508 3254 1601 3294 sex

531 3318 662 3370 radii
685 3318 941 3384 fulgentia
963 3321 1199 3384 cingunt,
1222 3321 1357 3371 Solis
1380 3321 1463 3371 avi
1485 3335 1603 3386 spe-

533 3395 738 3448 cimen.'
793 3396 952 3447 Haud
981 3405 1155 3449 tamen
1181 3411 1389 3463 semper
1411 3398 1497 3449 bic
1521 3413 1605 3449 ra·

534 3472 736 3524 diorum
782 3489 1027 3525 numerus
1071 3477 1126 3525 in
1171 3477 1393 3525 vetustis
1438 3475 1604 3526 moui·

533 3552 721 3601 mentis
748 3551 1075 3603 observatur.
1143 3552 1330 3618 Neque
1352 3567 1475 3603 vero
1494 3553 1605 3604 Soli

534 3635 757 3686 tantum,
778 3627 872 3678 sed
906 3636 961 3679 et
999 3628 1285 3680 identidem
1324 3628 1437 3686 aliis
1469 3629 1606 3687 Diis,

531 3706 688 3756 immo
711 3711 782 3763 et,
815 3707 1045 3756 Deorum
1085 3705 1396 3762 imitatione.
1419 3705 1607 3769 priscis

535 3784 767 3848 regibus,
794 3783 919 3833 item
955 3790 1014 3833 et
1049 3782 1380 3848 principibus
1415 3783 1607 3834 Roma·

534 3862 637 3924 nis,
656 3861 843 3927 quibus
879 3860 1211 3911 tribuebatur
1234 3859 1504 3923 divinitas,
1528 3874 1609 3911 ra-

535 3936 736 3988 diorum
759 3952 970 3996 corona,
988 3952 1083 3989 ceu
1116 3937 1323 4003 fulgens
1347 3937 1608 4002 quoddam

438 4022 448 4029 ”
538 4014 729 4074 lumen,
778 4015 890 4065 dari
945 4015 1265 4080 appingique
1321 4014 1613 4065 consuevit.

538 4090 612 4143 Hi
657 4090 813 4148 enim,
844 4106 963 4141 cum
1008 4106 1114 4140 non
1151 4099 1367 4156 possent
1406 4092 1610 4142 coelesti

535 4166 654 4216 luce
677 4181 733 4215 se
758 4166 1026 4232 insignire,
1048 4167 1400 4231 insigniebam
1434 4178 1610 4218 tamen

538 4248 698 4306 caput
721 4257 867 4291 sutum
892 4243 1113 4307 quodam
1146 4245 1256 4309 ejus
1291 4244 1420 4296 lucis
1453 4244 1611 4294 simu·

534 4324 699 4376 lacto,
724 4325 778 4369 et
801 4315 973 4382 effigie
997 4320 1279 4386 radiorum,
1299 4327 1359 4372 ut
1380 4335 1437 4372 se
1468 4319 1608 4373 face·

1193 382 1430 454 ‘No-mn
1477 400 1892 452 vammum
1946 401 2031 471 m

1654 550 1775 597 rent
1829 544 2175 610 attgustiores.
2242 543 2396 597 Inter
2445 543 2729 612 Romanos,

1172 621 1225 671 iu
1250 621 1582 681 aedificando,
1644 623 1759 688 jam
1780 624 1926 683 Julio
1949 623 2168 689 Cesari,
2200 632 2399 687 proeter
2434 624 2540 674 alia
2573 626 2727 689 insig-

1657 701 1764 765 nia,
1793 702 1948 751 etiam
1985 701 2120 752 bunc
2149 702 2394 753 bonorem
2418 701 2611 752 tribuit
2638 716 2729 767 po·

1658 777 1829 842 polus,
1849 784 1986 828 teste
2009 777 2166 827 Floro
2194 791 2272 828 tv.
2302 782 2349 831 2.
2381 776 2572 827 ‘Circa
2597 785 2732 828 tem·

1659 855 1749 920 pla
1772 856 2045 920 imagines,
2064 856 2115 907 iu
2141 856 2346 907 theatro
2369 855 2623 906 distincta
2650 870 2731 920 ra·

1658 931 1760 982 diis
1782 945 1993 996 corona,
2016 940 2292 997 suggestus
2314 932 2367 982 in
2394 933 2560 989 curia,
2583 931 2735 983 fasti·

1658 1008 1800 1072 gium
1822 1010 1875 1059 in
1898 1008 2070 1074 domo,
2090 1010 2282 1059 mensis
2304 1009 2358 1060 iu
2379 1007 2553 1060 coelo?
2605 1010 2735 1060 Sne-

1657 1092 1771 1135 ton.
1797 1084 1934 1151 Aug.
1964 1100 2082 1152 cap.
2102 1091 2186 1137 0⁴.
2225 1085 2408 1144 refert,
2432 1086 2738 1148 Octavium,

1660 1171 1864 1228 patrem
1908 1163 2156 1230 Augusti,
2194 1165 2501 1229 somniasse,
2537 1162 2739 1214 ‘filium

1653 1240 1869 1290 ‘mortali
1903 1240 2082 1305 specie
2114 1242 2433 1306 ampliorem,
2473 1253 2598 1290 cum
2634 1238 2738 1288 ful·

1660 1318 1798 1369 mine
1815 1325 1872 1369 et
1889 1325 2114 1382 sceptro,
2132 1318 2433 1382 exuviisque
2446 1315 2607 1369 Jovis
2628 1323 2742 1379 opt.

1659 1409 1795 1445 max.
1819 1410 1881 1445 ac
1902 1395 2107 1447 radiata
2126 1410 2338 1461 corona,
2353 1409 2513 1460 super
2532 1395 2742 1444 laurea·

1661 1480 1768 1524 tum
1792 1487 2000 1524 currum
2039 1473 2116 1523 bis
2151 1475 2290 1524 senis
2323 1474 2469 1538 equis
2505 1470 2742 1522 candore
2805 1517 2808 1520 ,

1660 1548 1851 1598 eximio
1876 1549 2239 1600 trahentibus?
2308 1550 2581 1613 Angustus
2597 1561 2745 1610 vero,

1660 1627 1800 1692 quod
1822 1625 2039 1677 Tacitus
2071 1633 2317 1684 testatur,
2342 1625 2476 1676 Anu.
2503 1639 2547 1674 s.
2576 1630 2662 1674 lo.
2684 1638 2745 1673 se

1663 1702 1873 1769 templis
1905 1713 1962 1756 et
1993 1702 2164 1769 effigie
2199 1707 2464 1754 numinum
2508 1717 2615 1767 per
2650 1699 2744 1752 fla·

1663 1780 1829 1831 mines
1853 1789 1909 1830 et
1933 1781 2229 1831 sacerdotes
2250 1781 2387 1830 colui
2413 1780 2602 1831 voluit.
2635 1779 2747 1830 Sic·

1666 1857 1745 1906 uti
1781 1870 1904 1907 vero
1937 1871 2130 1907 corona
2163 1856 2367 1907 radiata
2398 1857 2451 1906 in
2496 1856 2745 1920 Augusto

1666 1931 1771 1984 fuit
1806 1934 2209 1984 consecrationis
2245 1948 2308 1983 ac
2340 1932 2642 1984 divinitatis
2668 1935 2746 1982 in·

1666 2009 1900 2073 dicium;
1964 2011 2034 2060 ita
2088 2010 2354 2073 deinceps,
2410 2010 2745 2075 procedente

1668 2094 1925 2150 tempore,
1972 2085 2025 2136 in
2071 2086 2278 2151 reliquis
2333 2085 2745 2148 imperatoribus

1668 2177 1943 2215 commune
1979 2163 2262 2226 imperialis
2295 2161 2489 2226 fastigii
2522 2163 2749 2228 regalis·

1668 2253 1772 2306 que
1814 2239 2084 2302 dignitatis
2134 2247 2498 2290 ornamentum
2559 2239 2754 2303 evasit,

1670 2317 1957 2383 eademqne
1996 2324 2209 2368 ornatus
2256 2316 2403 2367 Nero
2447 2316 2652 2380 primus
2695 2316 2750 2366 in

1670 2393 1876 2444 Latinis
1920 2393 2139 2443 nummis
2179 2393 2324 2443 vivus
2368 2392 2622 2449 occurrit,
2661 2393 2753 2444 ob·

1671 2479 1914 2521 servante
1951 2471 2039 2523 Jo.
2066 2470 2336 2534 vignolior
2365 2469 2416 2519 in
2457 2469 2752 2521 Dissertat-

1673 2548 1742 2598 de
1776 2549 2019 2599 columna
2057 2548 2307 2598 Antonini
2345 2547 2450 2609 Pii,
2488 2561 2618 2612 pag.
2643 2551 2753 2597 12⁷.

1675 2625 1806 2676 Cum
1830 2625 1939 2676 istis
1963 2639 2087 2676 vero
2108 2624 2328 2675 radiatis
2351 2624 2561 2676 coronis
2585 2625 2752 2676 etiam

1675 2704 1920 2752 convenit
1951 2704 1966 2730 ‘
1985 2699 2226 2759 nimbus‚'
2259 2701 2345 2766 qui
2380 2708 2463 2751 est
2494 2700 2753 2764 splendor

1676 2778 1820 2829 circa
1841 2777 2020 2828 divina
2056 2777 2234 2840 capita
2265 2786 2321 2827 et
2348 2791 2597 2842 corpora.
2663 2779 2751 2828 De

1675 2870 1781 2921 quo
1819 2856 2030 2906 Servius
2068 2855 2134 2904 ad
2157 2854 2343 2917 virgil.
2370 2853 2489 2906 AEn.
2523 2868 2597 2904 ιι.
2633 2859 2752 2906 olo.

1676 2931 1766 2982 ubi
1805 2931 1873 2982 de
1911 2931 2151 2994 Pallade,
2197 2930 2423 2981 ‘Nimbo
2472 2928 2757 2996 affulgens,

1676 3013 1736 3058 et
1770 3007 2019 3073 Gorgone
2040 3006 2230 3059 saevae’
2265 3006 2529 3071 ‘Nimbo‚’
2564 3008 2753 3072 iuquit,

1678 3085 1743 3137 ⁴5.
1766 3099 1818 3135 e.
1852 3085 1987 3136 nube
2021 3085 2219 3135 divina.
2284 3085 2382 3135 Est
2415 3085 2558 3135 enim
2595 3083 2753 3148 fulgi-

1678 3161 1801 3212 dum
1822 3162 2017 3220 lumen,
2036 3177 2140 3228 quo
2174 3163 2398 3212 Deorum
2431 3162 2617 3226 capita
2645 3162 2756 3212 ciu-

1678 3247 1900 3302 guutnr3
1936 3238 2014 3290 sic
2052 3240 2211 3290 etiam
2252 3238 2396 3303 pingi
2442 3238 2618 3288 solet.'
2683 3238 2756 3288 Et

1677 3316 1779 3366 boc
1797 3315 1956 3367 modo
1988 3314 2239 3381 imagines
2262 3329 2473 3381 quoqne
2505 3317 2757 3366 Servato-

1680 3394 1750 3445 ris
1784 3394 1950 3444 nostri
1989 3402 2045 3445 et
2081 3402 2395 3450 sanctorum,
2419 3408 2541 3443 cum
2577 3393 2754 3444 nimbo

1667 3477 1884 3534 'aut-ato,
1898 3471 1996 3522 boc
2012 3477 2112 3533 est,
2131 3485 2249 3521 cum
2272 3470 2485 3534 circulo,
2503 3478 2755 3536 tanquam

1679 3548 1972 3599 sanctitatis
2025 3547 2215 3606 indice,
2271 3548 2582 3613 pinguntur.
2667 3549 2754 3598 De

1682 3626 1869 3692 quibus
1893 3625 2153 3677 Honorius
2174 3623 2691 3690 Augustodunensis,
2714 3634 2754 3674 t.

1683 3707 1797 3754 18⁸.
1859 3703 1878 3733 ⁸
1913 3703 2153 3774 Rumina,
2206 3716 2325 3767 quae
2376 3700 2519 3750 circa
2573 3700 2754 3763 capita

1680 3791 1977 3834 unctorum
2015 3782 2067 3832 in
2106 3779 2314 3831 modum
2349 3779 2532 3831 circuli
2566 3779 2752 3843 depin-

1682 3869 1897 3924 guntur,
1913 3858 2206 3922 designant,
2222 3856 2357 3921 quod
2382 3856 2575 3906 lumine
2597 3863 2753 3906 aeter·

1683 3936 1735 3986 ni
1759 3934 2053 4001 splendoris
2074 3931 2307 3983 coronati
2328 3929 2607 3981 fruuntur-⁹
2665 3930 2752 3982 Sic

1683 4013 1842 4063 etiam
1886 4013 2256 4076 imperatorum
2297 4007 2622 4073 quorundam
2667 4023 2751 4059 ca·

1687 4089 1816 4154 pita,
1837 4087 2131 4152 hujusmodi
2167 4086 2358 4143 nimbo,
2393 4092 2641 4151 tanquam
2676 4084 2752 4135 di-

1686 4166 1920 4216 vinitatis
1960 4180 2021 4216 ac
2060 4163 2358 4214 sanctitatis
2402 4164 2613 4227 insigui3
2650 4163 2751 4214 eir·

1687 4243 1935 4295 cumdata
1989 4242 2185 4300 videas,
2228 4242 2277 4292 νζ
2323 4257 2374 4305 g.
2440 4241 2753 4298 Constantii,

1686 4318 2013 4384 Constantis,
2066 4314 2340 4369 Theodosii
2386 4316 2626 4381 junioris,
2692 4328 2752 4366 ac
