3017 4942
496 374 627 441 794

496 534 624 583 duas
642 534 960 598 potissimum
977 536 1201 588 hocloco
1219 538 1558 588 attendimus.

499 613 704 676 Nempe
726 613 1004 683 aliquando
1039 621 1053 645 ‘
1077 615 1220 678 carpi
1243 614 1257 635 '
1296 614 1559 676 dicuntur,

496 703 614 761 quo
644 690 833 741 sensim
866 699 1253 754 consumuntur,
1288 694 1561 742 attonitam

497 775 599 827 tur,
619 774 676 816 et
701 766 1007 829 perduntur.
1053 770 1245 834 virgil.
1268 769 1382 819 AEn.
1409 783 1486 820 tv.
1509 775 1562 821 2.

496 841 512 869 ‘
539 843 737 893 Vulnus
758 845 851 894 alit
882 845 1041 902 veuls,
1072 853 1126 896 et
1160 859 1303 896 caeco
1324 847 1562 910 carpitur

495 918 602 983 igni
625 919 658 981 ;’
693 921 728 970 i.
752 935 801 972 e.
837 923 1124 987 interprete
1143 923 1347 984 Servio,
1377 924 1395 951 6
1419 924 1563 987 panl-

493 997 639 1046 latitn
673 999 1030 1062 consumitur‚'
1056 1008 1131 1058 ut,
1168 1001 1185 1028 ‘
1206 1002 1392 1065 Carpit
1422 1002 1561 1051 enim

498 1074 633 1123 vires
686 1076 986 1140 paullatim,’
1020 1092 1051 1128 e
1090 1077 1288 1140 Georg.
1328 1082 1564 1128 itu-216.

498 1150 702 1203 Colum.
730 1166 834 1205 vn.
868 1158 949 1203 12.
983 1153 998 1181 6
1022 1154 1077 1205 Si
1118 1155 1309 1205 teneris
1346 1155 1561 1205 canibus

494 1229 801 1279 conceditur
841 1231 1042 1293 Venus,
1080 1230 1251 1295 carpit
1280 1237 1336 1281 et
1371 1244 1561 1294 corpus

495 1310 551 1352 et
589 1305 748 1368 vires,
780 1305 1080 1372 animosque
1116 1306 1438 1371 degenerat.’
1470 1308 1561 1356 Se·

495 1396 627 1432 neca
659 1383 710 1433 in
747 1383 909 1437 Herc.
934 1384 1056 1436 Fur.
1079 1399 1153 1434 vs.
1179 1389 1293 1436 874.
1323 1392 1339 1417 6
1366 1384 1562 1441 Prima,

495 1474 613 1524 qnoe
640 1461 793 1512 vitam
818 1461 982 1520 dedit,
1004 1463 1132 1512 hora
1155 1462 1365 1526 carpit.’
1400 1462 1562 1511 Dein·

495 1535 563 1585 de
599 1544 656 1588 et
697 1538 715 1568 6
745 1552 961 1604 carpere
984 1540 1000 1563 ’
1031 1540 1290 1597 dicuntur,
1326 1539 1413 1605 qul
1448 1546 1562 1589 tax·

496 1620 608 1678 ant,
664 1615 1076 1679 reprehendunt,
1130 1625 1186 1669 et
1244 1619 1563 1682 vituperant,

497 1690 618 1754 quia
647 1698 772 1742 tunc
798 1692 1081 1745 detrahunt
1116 1702 1169 1745 et
1197 1696 1339 1760 quasi
1366 1695 1561 1759 aliquid

494 1765 793 1831 decerpunt
835 1769 1053 1820 alterius
1098 1771 1470 1821 existimationi
1505 1777 1564 1821 et

493 1843 656 1894 laudi.
719 1846 811 1895 Sic
845 1847 1036 1911 saepius
1068 1848 1297 1913 loquitur
1320 1849 1431 1912 ipse
1454 1847 1564 1897 Pli-

496 1921 611 1973 nius
653 1929 872 1983 noster;
930 1937 981 1973 v.
1027 1939 1077 1987 g.
1130 1938 1305 1987 supra,
1351 1937 1469 1975 un.
1513 1928 1564 1973 4.

494 1996 511 2026 6
536 1996 900 2056 Permitteret,
939 2000 1118 2056 eredo,
1158 1999 1347 2051 famam
1382 2003 1564 2051 vitam·

494 2085 598 2137 que
633 2073 743 2137 ejus
776 2074 956 2145 carpi)
989 2076 1159 2139 Epist.
1189 2091 1226 2127 ι.
1263 2081 1315 2127 9.
1347 2080 1365 2107 6
1396 2079 1565 2128 Nemo

497 2148 635 2212 apud
661 2163 743 2198 me
771 2163 1077 2216 quemqnam
1115 2153 1339 2204 sinistris
1369 2169 1566 2206 sermo·

494 2225 646 2275 nibus
690 2227 890 2291 carpit;
926 2230 1183 2279 neminem
1229 2232 1342 2296 ipse
1384 2246 1565 2296 repre·

495 2300 702 2352 bondo.⁸
752 2303 921 2366 Epist.
957 2318 1058 2355 vn.
1099 2310 1181 2356 28.
1228 2315 1246 2339 ‘
1282 2309 1401 2359 Non
1443 2315 1566 2359 sunt

494 2392 675 2443 parum
699 2379 864 2442 multi,
887 2381 973 2446 qui
994 2394 1212 2448 carpere
1232 2385 1422 2436 amicos
1445 2400 1565 2435 suos

484 2455 742 2519 judicium
788 2459 1013 2508 vocant.’
1100 2462 1372 2514 Quaeritur
1416 2462 1565 2527 ergo',

494 2538 618 2584 utra
656 2533 968 2597 significatio
1009 2535 1092 2587 bic
1130 2539 1300 2588 locum
1336 2539 1564 2591 babeat?

496 2609 713 2667 Tollius,
747 2612 800 2660 in
823 2613 1027 2663 omissis
1055 2613 1120 2663 ad
1159 2615 1343 2680 Epigr.
1377 2628 1564 2668 xxxv.

495 2686 738 2753 Ausonii,
768 2690 927 2739 verbo
955 2693 971 2720 6
992 2692 1201 2756 carpit‚’
1233 2692 1286 2742 in
1318 2693 1419 2744 boe
1447 2695 1566 2744 loco

495 2763 759 2823 Pliniano,
783 2765 964 2817 tribuit
988 2769 1211 2832 priorem
1240 2771 1567 2834 significatio·

493 2855 636 2903 nem,
658 2852 712 2895 et
737 2844 960 2895 illustrat
983 2861 1050 2896 ex
1076 2848 1311 2899 Petronii
1335 2849 1568 2899 Pisauri·

493 2919 636 2967 ensis
681 2921 928 2979 versibus,
969 2922 1056 2973 ubi
1101 2923 1168 2973 de
1210 2927 1568 2990 pyramidibus

494 3007 666 3044 sermo
710 3003 830 3048 ests
869 2999 885 3028 6
922 2999 1222 3063 Concutiet‚
1263 3010 1568 3069 sternetque

497 3069 654 3121 dies:
689 3087 896 3141 quoquo
933 3076 1088 3127 altius
1125 3085 1275 3130 extat
1308 3080 1568 3147 Quodque

493 3160 648 3210 opus,
681 3146 778 3198 boc
812 3151 937 3200 illud
977 3163 1162 3217 carpet
1199 3156 1425 3222 edatque
1460 3174 1569 3208 ma·

500 3222 615 3286 gis.⁹
688 3225 759 3274 At
784 3225 985 3291 Lipsius
1006 3230 1023 3257 ‘
1046 3245 1265 3294 carpere
1281 3231 1295 3255 '
1318 3235 1403 3285 hic
1428 3236 1571 3285 vide-

501 3307 588 3348 tur
632 3314 729 3364 per
766 3303 783 3330 6
823 3303 1154 3368 vituperare’
1210 3307 1568 3375 interpretari,

494 3376 622 3441 qnia
644 3377 809 3435 addit,
836 3382 1195 3443 posteritatem
1220 3385 1324 3436 diei
1347 3400 1570 3452 carpere

495 3458 696 3503 statuas
720 3462 774 3505 et
798 3455 900 3506 alia
923 3459 1239 3511 monimenta
1259 3462 1570 3527 principum,

495 3528 545 3578 si
574 3529 626 3577 bi
662 3544 764 3580 non
799 3534 971 3585 meriti
1004 3533 1217 3588 fuerint.
1296 3540 1411 3604 Ego
1445 3542 1569 3605 Lip-

497 3605 658 3655 sianae
726 3607 1147 3673 interpretationi
1214 3616 1393 3668 lubens
1452 3617 1568 3668 sub-

495 3683 689 3733 scribo.
729 3685 880 3737 Idem.
1339 3690 1348 3701 “

490 3794 500 3805 .
566 3759 852 3827 Cat-piique]
888 3764 1066 3819 Sinon
1092 3767 1280 3821 meriti.
1318 3769 1453 3834 Lips-

493 3862 500 3869 ,
569 3835 846 3889 Contamtor
882 3840 1182 3908 ambitionis]
1213 3846 1319 3896 Per
1359 3847 1570 3911 elegan-

499 3916 607 3961 tem
629 3915 899 3979 enallagen
924 3918 1238 3972 substantivi
1271 3936 1366 3986 pro
1395 3924 1569 3988 adjec-

501 3986 633 4048 tivo,
656 3989 854 4040 animus
877 3991 1071 4043 dicitur
1105 3999 1427 4047 ‘contemtor
1464 4014 1573 4049 am·

495 4062 735 4128 bitionis,
758 4065 986 4119 domitor
1010 4069 1328 4136 etz—frenator
1352 4074 1571 4127 infinitas

495 4143 817 4205 potestatis!
848 4145 977 4209 Ejus
998 4149 1204 4213 generis
1230 4153 1381 4215 plura
1398 4166 1574 4205 exem·

492 4219 613 4280 pla,
637 4219 725 4269 ubi
750 4220 930 4284 optimi
956 4225 1147 4291 quique
1167 4230 1448 4295 scriptores
1471 4245 1572 4282 non

494 4295 659 4345 &aliter
693 4296 954 4351 interdum
985 4299 1051 4350 de
1090 4304 1278 4365 auimo,
1313 4319 1468 4372 quam
1505 4308 1572 4358 de

1201 393 1420 443 NOTAE
1467 393 1812 444 vARtoRtJ
1826 396 1876 444 Μ
1927 395 2010 445 IN

1638 552 1857 602 persona
1880 537 2127 604 quadam,
2151 539 2315 589 locuti
2335 540 2600 605 sunt,'jam
2625 542 2717 591 an*-

1637 625 1880 668 notarunt
1907 619 2004 668 viri
2023 620 2182 681 docti,
2207 620 2482 670 Bentleius
2507 622 2572 670 ad
2600 621 2715 671 Ho-

1638 701 1738 743 rat·
1761 693 1864 743 Od.
1891 707 1966 743 tv.
1991 698 2041 743 9.
2058 699 2140 744 39.
2165 703 2218 744 et
2239 696 2400 745 Corte
2417 694 2483 744 ad
2501 697 2719 746 Sallust.

1637 770 1764 835 Jug.
1791 783 1949 821 thv.
1980 777 2024 823 1.
2045 787 2075 821 e
2098 771 2284 835 quibus
2303 786 2401 820 non
2423 772 2519 821 nisi
2546 787 2717 836 pauca

1638 854 1881 911 repetere
1929 848 2058 897 libet
2083 863 2099 909 ;
2137 862 2186 899 v.
2233 864 2286 912 g.
2327 849 2541 899 Sallust.
2592 850 2719 905 loc.

1620 926 1653 969 ·‘
1685 927 1882 976 Tamen
1928 926 2098 976 inerat
2139 927 2387 992 {Mario}
2410 934 2717 977 contemtor

1637 1004 1856 1065 animus,
1881 1012 1936 1052 et
1962 1001 2246 1066 superbia!
2282 1003 2467 1066 virgil.
2492 1003 2607 1054 AEn.
2630 1016 2718 1055 tx.

1637 1083 1752 1128 20⁵.
1789 1088 1802 1110 ⁴
1829 1080 1926 1129 Eat
1959 1079 2064 1142 hic,
2091 1086 2171 1130 est
2202 1078 2400 1128 animus
2428 1076 2563 1128 luch
2588 1092 2716 1127 con·

1638 1156 1862 1205 temtor-⁹
1893 1155 2098 1206 Seneca
2124 1156 2292 1219 Epist.
2314 1156 2401 1205 24.
2434 1156 2451 1183 ‘
2469 1155 2605 1205 Cato
2625 1167 2717 1217 ge-

1637 1247 1882 1282 nerosum
1920 1233 2061 1283 illum
2094 1239 2576 1296 contemtoremqne
2606 1245 2719 1279 om-

1638 1310 1719 1360 nis
1767 1312 2019 1374 potentiae
2080 1310 2318 1374 spiritum
2373 1324 2474 1358 non
2523 1308 2717 1365 emisit,

1636 1387 1727 1436 sed
1767 1384 1958 1448 ejecit-⁹
2007 1385 2156 1435 Idem
2196 1386 2400 1436 Seneca
2445 1384 2604 1433 Cons-
2649 1383 2716 1433 ad

1642 1464 1901 1520 Helviam,
1939 1478 2059 1529 cap.
2096 1468 2177 1513 11.
2212 1463 2227 1491 6
2267 1460 2526 1513 animum’
2561 1468 2720 1511 vocat

1639 1542 1655 1573 6
1680 1542 1999 1592 miseriarum
2037 1541 2283 1591 victorem
2309 1538 2347 1602 ς’
2377 1548 2433 1589 et
2469 1538 2537 1588 ad
2569 1539 2716 1588 Mar·

1637 1619 1790 1680 ciam,
1838 1632 1957 1682 cap.
1998 1622 2082 1667 28.
2128 1625 2143 1648 ⁴
2184 1620 2437 1668 victorem
2483 1616 2717 1665 omnium

1638 1696 1965 1758 voluptatum
1990 1694 2020 1757 ;'
2057 1693 2226 1758 Epist.
2269 1697 2383 1743 114.
2430 1698 2445 1721 ⁸
2487 1705 2667 1755 regem
2687 1690 2724 1753 ς’

1638 1778 1712 1834 et,
1754 1771 1882 1822 Nat.
1919 1772 2120 1824 Qiiaest.
2159 1783 2263 1820 vn.
2290 1773 2375 1819 24.
2405 1770 2423 1797 6
2451 1773 2720 1818 rectorem

1639 1848 2008 1914 dominumque
2030 1845 2237 1897 nostri!
2273 1846 2520 1897 Schwart-

1704 1926 1909 1976 Necem
1923 1923 2019 1987 εει]
2044 1924 2189 1974 Alius
2212 1920 2586 1985 Panegyristes
2607 1918 2723 1969 imi·

1641 2009 1818 2053 taturz
1852 2009 1867 2031 ‘
1893 2001 2172 2052 Neminem
2205 1999 2371 2068 magis
2395 1997 2599 2047 laudari
2627 1997 2721 2046 im-

1639 2084 1935 2144 peratorem
1960 2077 2134 2138 decet,
2171 2090 2323 2139 quam
2355 2087 2511 2139 quem
2537 2074 2714 2122 minus

1642 2169 1858 2207 necesse
1880 2153 1999 2205 est)
2034 2153 2171 2216 Lips.

1707 2237 1910 2285 Necesse
1931 2232 2029 2295 εει]
2063 2232 2194 2282 Post
2232 2228 2344 2278 baec
2384 2229 2448 2279 C.
2476 2227 2550 2280 G.
2584 2227 2717 2279 ins'e·

1641 2319 1792 2372 runt,
1836 2311 2089 2359 Proeterea
2128 2314 2183 2356 ιιι
2221 2306 2416 2371 quinque
2439 2305 2615 2365 factas
2650 2311 2721 2356 εει

1637 2388 1875 2453 princeps,
1911 2387 2146 2449 extemplo
2169 2383 2317 2444 sama
2351 2381 2455 2442 <ius
2486 2383 2719 2432 incertam

1639 2465 1776 2525 bona,
1819 2479 1883 2514 an
1927 2463 2070 2522 mala,
2123 2465 2336 2510 ceterum
2377 2461 2566 2509 eterna
2614 2463 2682 2507 est
2705 2473 2724 2507 .·

1640 2550 1806 2593 recte.
1841 2540 2086 2590 Rittersls.

1708 2619 1970 2675 Protea-ea,
1997 2622 2053 2666 ιιι
2087 2614 2283 2679 quisque
2296 2612 2468 2673 sactus
2491 2617 2565 2662 est
2581 2611 2718 2676 prin-

1639 2710 1764 2760 ceps,
1787 2692 2165 2757 extemplosama
2182 2690 2300 2753 ejus,
2324 2690 2566 2740 iacerem
2582 2690 2719 2746 bena,

1640 2788 1704 2823 aa
1720 2772 1861 2828 malo,
1883 2775 2092 2820 ceterum
2106 2771 2288 2817 oeterm
2307 2766 2406 2829 est]
2431 2765 2584 2815 Hanc
2604 2779 2719 2814 sen·

1644 2848 1859 2898 tentiam
1906 2843 2170 2895 Livineius
2219 2843 2270 2892 in
2320 2849 2473 2891 textu
2518 2843 2723 2905 omisit,

1643 2924 1736 2976 sed
1763 2923 1963 2972 notavit
1985 2922 2037 2971 in
2060 2919 2293 2985 margine
2316 2933 2383 2967 ex
2408 2919 2470 2969 C.
2493 2918 2568 2971 G.

1715 3002 1977 3061 praterea,
1998 3003 2054 3048 ut
2071 2994 2293 3060 quisque]
2328 2994 2564 3045 Pulchra
2588 2994 2722 3053 liaec,

1642 3086 1700 3129 et
1725 3077 1896 3128 Plinio
1920 3076 2097 3139 digus,
2129 3082 2211 3123 est
2241 3073 2525 3128 sententia,
2562 3086 2720 3136 quam

1644 3162 1700 3205 et
1723 3148 2053 3218 sequentium
2084 3150 2357 3201 verborum
2397 3163 2571 3199 nexus
2615 3163 2717 3199 non

1643 3230 1878 3281 admittit
1899 3235 2121 3292 tantum,
2142 3227 2235 3277 sed
2258 3234 2315 3277 et
2337 3226 2521 3290 exigit.
2576 3226 2717 3278 Quo-

1646 3308 1800 3359 modo
1824 3308 1961 3358 euim
1987 3304 2242 3370 potuisset
2263 3303 2466 3352 Plinius
2491 3316 2591 3366 per
2614 3316 2719 3352 mo·

1647 3385 1768 3436 dnm
1824 3382 2133 3434 consectarii
2175 3380 2493 3443 subjungere
2536 3379 2720 3429 subse-

1646 3466 1896 3527 quentem
1915 3457 2251 3512 sententiam,
2274 3460 2289 3483 6
2314 3455 2359 3505 N
2367 3469 2433 3505 ou
2451 3468 2582 3518 ergo
2601 3468 2719 3518 per·

1645 3543 1808 3602 petua
1842 3535 2067 3600 principi
2097 3530 2272 3595 fama,‘
2294 3534 2392 3581 διο.
2429 3531 2525 3580 nisi
2561 3529 2717 3580 fame

1645 3620 1935 3678 perpetuae,
1972 3616 2063 3660 aut
2086 3615 2316 3664 aeternae,
2352 3606 2546 3656 mentio
2572 3613 2720 3658 ante·

1644 3691 1887 3741 cessisset
1910 3688 1929 3738 ?
1959 3686 2178 3737 Interim
2204 3685 2353 3735 abest
2379 3697 2440 3732 ea
2464 3698 2533 3731 ex
2555 3682 2717 3733 omni·

1645 3765 1761 3822 bus,
1803 3778 1931 3829 quos
1975 3761 2248 3812 consulere
2293 3758 2437 3808 nobis
2477 3758 2715 3822 contigit,

1645 3843 1913 3895 codicibus
1945 3841 2076 3889 Mas.
2113 3837 2212 3888 nisi
2236 3836 2378 3902 quod
2403 3835 2479 3885 Is.
2499 3836 2714 3885 Vossius

1646 3921 1702 3971 in
1743 3935 1835 3969 suo
1869 3918 2007 3968 libro
2043 3929 2146 3966 non
2186 3913 2469 3970 annotarit,
2510 3926 2568 3963 se
2603 3926 2714 3962 eam

1645 3996 1785 4046 baud
1810 3992 2094 4045 offendisse
2123 3992 2176 4040 in
2213 3989 2337 4047 suis,
2373 3988 2561 4053 quibus
2597 4002 2713 4037 usus

1646 4082 1745 4130 est,
1789 4071 2073 4122 codicibus.
2148 4067 2318 4117 Abest
2364 4080 2489 4114 vero
2532 4064 2714 4114 eadem

1649 4148 1909 4201 sententia
1965 4146 2122 4196 etiam
2169 4158 2236 4194 ex
2286 4141 2521 4205 pluribus
2569 4140 2712 4192 libris

1649 4225 1874 4279 excusis.
1923 4224 2129 4275 Primus
2149 4221 2284 4271 bona
2302 4219 2513 4268 fortuna
2538 4219 2590 4268 in
2611 4232 2709 4267 me·

1650 4305 1853 4368 liorem,
1888 4308 1944 4353 et
1973 4315 2040 4351 ex
2062 4301 2158 4350 bac
2193 4295 2705 4362 partevintegrioiem
