3017 4942
495 367 627 434 974

497 530 586 590 tis,
622 527 828 593 gaudio,
870 525 1230 591 gratulatione.
1276 525 1562 576 eelebrent.

494 607 582 657 Ita
618 607 662 655 is
699 605 881 655 scribit
923 603 1048 654 Aur.
1089 604 1352 665 Paullino,
1391 596 1561 666 Ep‘ist.

493 695 575 731 lx.
598 687 680 732 37.
707 688 722 711 ·
746 682 828 730 Ne
849 681 1020 740 aliter,
1043 694 1103 729 ac
1121 681 1293 741 velim,
1316 681 1562 742 accipias,

497 759 596 808 nisi
624 769 675 808 te
700 756 946 807 Calendis
977 757 1154 806 statim
1188 757 1450 805 consulem
1489 757 1562 804 vi·

497 836 624 885 dero
628 865 798 883 .....
821 832 999 888 Vides,
1024 847 1176 897 quarn
1201 846 1300 880 non
1334 830 1563 881 delicata

497 928 580 963 me
609 925 793 961 caussa
827 910 972 960 obire
1008 909 1229 972 primum
1262 908 1563 958 consulatus

497 990 575 1038 tui
599 989 735 1037 diem
760 1001 860 1036 non
886 987 1059 1046 sinat3
1092 1000 1245 1049 quem
1281 994 1453 1033 tamen
1479 985 1563 1033 hie

499 1077 726 1128 quoque,
767 1069 825 1111 ut
870 1074 1118 1124 praesens,
1157 1059 1310 1120 votis,
1353 1058 1562 1122 gaudio,

498 1141 863 1205 gratulatione,
919 1136 1237 1189 celebrabo.’
1316 1138 1561 1187 Ceterum

496 1217 770 1280 Trajamm,
810 1214 1094 1264 secundum
1143 1215 1327 1263 Fastos
1373 1213 1563 1262 Roma·

495 1306 609 1353 nos,
633 1298 870 1357 quartum
895 1292 1219 1341 consulatum
1244 1291 1406 1354 gessit
1427 1303 1562 1339 anno

496 1375 615 1432 post
642 1374 816 1417 natum
843 1367 1102 1417 Christum
1133 1368 1419 1415 centesimo
1457 1365 1563 1426 pri·

496 1460 599 1506 mo,
623 1460 725 1495 nna
740 1459 854 1493 cum
879 1445 1078 1506 collega
1095 1442 1254 1491 Sexto
1272 1441 1563 1492 Articuleio

497 1520 664 1569 Paeto.
698 1520 850 1568 Idem.

565 1595 632 1644 Te
646 1592 911 1656 consulem]
937 1594 1218 1654 Quartum,
1248 1599 1303 1642 et
1336 1591 1563 1643 fortasse

495 1672 540 1723 is
564 1688 806 1722 numerus
826 1672 1042 1721 excidit.
1075 1671 1212 1734 Lips.

563 1748 732 1812 Neque
753 1747 904 1809 enim]
937 1747 1103 1796 Tacit.
1129 1747 1308 1809 Agric.
1331 1761 1449 1810 cap.
1479 1751 1563 1797 39.

496 1822 618 1872 ‘Ne
677 1824 864 1886 privati
916 1823 1133 1871 hominis
1176 1836 1363 1872 nomen
1403 1837 1564 1886 supra

497 1901 752 1963 principis
775 1899 1080 1958 attollatur3
1117 1903 1172 1953 et
1196 1898 1444 1962 principis
1472 1899 1563 1948 ho·
1588 1895 1590 1897 ’

495 1990 592 2025 nor
611 1977 663 2024 in
686 1978 985 2040 cujusquam
1003 1974 1372 2024 contumeliam
1399 1981 1564 2024 verte·

496 2059 688 2112 retur3
738 2065 918 2101 omnes
968 2049 1230 2100 sufficiunt
1272 2047 1565 2116 obsequi0.’

498 2127 642 2177 Hist.
665 2141 743 2176 ιν.
769 2133 817 2177 8.
856 2128 1000 2176 Bem-
1546 2173 1550 2178 .

560 2202 782 2265 Annum,
807 2204 993 2263 Coesar,
1016 2202 1313 2266 optantibus]
1347 2202 1455 2252 Pro
1477 2217 1563 2252 an·

496 2292 634 2341 naas,
673 2278 783 2326 sive
824 2279 1023 2336 adunas,
1078 2278 1131 2327 in
1174 2277 1357 2327 codice
1401 2278 1564 2326 Pata·

498 2352 639 2411 vino,
694 2359 750 2402 et
807 2352 941 2402 libro
986 2353 1261 2417 Vossiano,
1317 2353 1564 2402 mendose

496 2427 751 2489 scriptum
789 2434 872 2479 est
906 2429 1128 2488 adimas,·
1160 2431 1252 2479 sed
1277 2427 1434 2479 facile
1471 2443 1563 2492 ap·

497 2510 673 2567 paret,
720 2503 978 2567 quomodo
1029 2505 1172 2554 rudis
1215 2504 1456 2554 librarius
1509 2505 1564 2554 in

499 2580 599 2646 hoc
633 2573 873 2630 mendum
896 2581 1156 2632 inciderit.
1198 2621 1203 2624 ,
1227 2582 1292 2632 In
1316 2580 1487 2630 medio
1509 2595 1564 2630 e·

501 2656 611 2706 nim
646 2657 825 2718 verbo,
862 2659 1064 2721 dunas,
1105 2658 1272 2707 literas
1319 2658 1564 2706 interme·

499 2733 622 2790 diae,
666 2748 750 2795 aa,
791 2733 1009 2782 totidem
1054 2733 1258 2784 lineolis
1291 2740 1565 2793 constant;

497 2815 625 2874 quot
656 2810 860 2859 lineolis
898 2810 948 2859 in
988 2810 1166 2871 verbo,
1198 2811 1401 2868 adimas,
1440 2824 1563 2860 con·

496 2893 642 2934 stant
683 2886 851 2935 literae
888 2885 1240 2943 intermediae‚
1262 2887 1370 2944 ,ἕως
1402 2884 1564 2948 inpri-

497 2961 610 3022 mis,
635 2962 724 3011 ubi
746 2963 900 3011 litera
922 2962 964 3026 i,
992 2976 1136 3011 more
1159 2961 1396 3025 antiquo,
1419 2960 1563 3010 nullo

499 3043 692 3098 puncto
717 3038 1077 3101 superscripto
1097 3045 1384 3087 notaretur.
1418 3037 1435 3064 ⁴
1454 3037 1563 3087 An·
1591 3071 1595 3077 ·

494 3126 658 3162 unere
683 3113 698 3135 ’
741 3115 954 3177 proprie
995 3121 1163 3179 notat,
1205 3121 1336 3164 natu
1375 3114 1564 3177 capitis

493 3186 692 3248 signum
718 3202 960 3236 assensus
985 3189 1062 3238 sui
1084 3188 1228 3237 dare.
1283 3188 1424 3239 Hinc
1448 3189 1562 3240 Cic.

495 3260 563 3310 de
587 3262 742 3312 Orat.
768 3277 832 3312 11.
861 3267 943 3313 70.
979 3269 995 3292 ⁶
1022 3262 1082 3312 ld
1108 3278 1315 3328 quoque
1341 3271 1454 3314 toto
1476 3279 1562 3312 ca·

495 3338 607 3402 pite
641 3342 820 3389 annuit
857 3338 1033 3395 Silus!
1100 3340 1200 3389 Cui
1238 3340 1560 3391 contrarium

497 3420 579 3464 est
601 3413 618 3442 ‘
643 3414 911 3472 abnuere,'
945 3423 1002 3465 et
1035 3419 1051 3444 ‘
1076 3415 1330 3474 renuere,’
1353 3418 1389 3467 i.
1411 3433 1459 3467 e.
1483 3432 1565 3466 re·

484 3488 633 3552 jecto
669 3491 840 3552 capite
874 3504 1086 3554 negare.
1155 3493 1448 3557 Utrumque
1483 3506 1563 3542 re·

492 3566 650 3628 spicit
686 3568 822 3619 Ptin.
857 3569 1029 3631 Epist.
1063 3583 1103 3619 1.
1137 3573 1186 3620 7.
1220 3570 1237 3598 ⁸
1259 3571 1373 3633 Ego
1407 3570 1563 3620 simili

495 3648 648 3703 nutu,
691 3657 750 3691 ac
795 3652 1005 3704 renutu,
1040 3645 1313 3709 (tanquam
1348 3645 1565 3710 Jupiter

496 3719 636 3782 apud
681 3719 1022 3784 Homernm‚)
1075 3722 1394 3784 respondere
1442 3727 1564 3772 voto

494 3793 587 3845 'tuo
620 3795 865 3858 possum.'
929 3797 1256 3847 Tribuebant
1274 3798 1409 3848 enim
1451 3813 1562 3863 my·

499 3874 691 3934 itmtugi
721 3873 878 3921 etiam
913 3872 1052 3929 Diis,
1086 3878 1142 3921 et
1175 3873 1398 3922 maxime
1419 3873 1563 3936 Jovi‚

495 3950 507 3970 ⁸
539 3958 737 4010 nutum,
762 3946 779 3971 ’
833 3955 1075 4012 tanquam
1129 3948 1559 4011 significationem

499 4022 776 4070 veluntatis
801 4031 857 4071 et
882 4025 1155 4086 potestatis
1174 4024 1362 4075 divinae
1383 4042 1400 4089 3
1423 4027 1561 4076 nude

495 4104 551 4146 et
603 4097 836 4146 Numinis
881 4099 1182 4162 appellatio.
1246 4102 1334 4151 Sic
1375 4103 1561 4153 Cicero

499 4186 591 4234 pra
615 4174 757 4220 Sext.
783 4173 966 4231 Roscio
991 4174 1167 4225 Aruer.
1189 4190 1305 4239 cap.
1321 4181 1404 4228 45.
1425 4179 1441 4206 ‘
1463 4178 1559 4230 Ju-

499 4250 635 4310 piter
655 4247 880 4310 optimus
904 4251 1170 4310 maximus,
1185 4255 1329 4316 cujus
1348 4264 1478 4307 nutu
1502 4264 1562 4308 et

1190 378 1411 430 NOTR
1459 377 1875 430 VAmoRtJM
1923 378 2009 428 IN

1637 525 1858 575 arbitrio
1892 524 2097 585 coelum,
2124 527 2283 579 terra,
2318 520 2583 585 mariaque
2622 531 2707 584 re-

1638 601 1864 665 guntur?
1930 601 2182 664 Virgilius
2211 600 2276 649 de
2308 599 2466 661 Jove,
2490 599 2605 648 ΕΒ.
2628 609 2711 646 ix.

1640 683 1753 726 106.
1785 679 1803 707 ⁴
1830 676 2049 733 Annuit,
2072 684 2127 725 et
2155 683 2320 727 totum
2350 683 2479 723 autu
2515 681 2711 722 treme·

1637 755 1768 804 fecit
1801 753 2129 818 Olympum!
2196 753 2398 821 Plinius
2432 751 2636 812 Paneg.
2658 764 2709 798 c.

1638 845 1820 883 Lxxn.
1854 837 1902 882 ⁸.
1932 833 1949 860 ⁴
1977 833 2041 881 In
2077 830 2182 880 fine
2213 835 2447 878 votorum
2484 825 2711 891 adjecis-

1637 925 1735 966 ses,
1760 917 1816 960 ut
1852 911 1929 958 ita
1960 909 2207 973 precibus
2242 907 2347 957 tuis
2382 905 2475 954 Dii
2513 916 2708 953 annue-

1640 988 1796 1051 rent,’
1828 991 1930 1037 ὅτε.
1996 986 2147 1036 Idem
2180 985 2349 1048 Epist.
2384 997 2421 1031 ι.
2456 986 2541 1030 22.
2574 986 2590 1009 ‘
2610 981 2712 1029 Su-

1640 1072 1836 1127 perest,
1876 1071 1933 1112 ut
1978 1063 2244 1126 promissis
2289 1061 2434 1110 Deus
2481 1054 2712 1107 annuat.’

1638 1140 1809 1203 Epist.
1844 1154 1947 1190 vn.
1984 1143 2114 1189 24!
2135 1139 2191 1187 Si
2223 1137 2370 1185 Deus
2408 1129 2712 1183 annuisset·’

1639 1215 1888 1265 Schwarz.

1703 1291 1847 1354 Apud
1872 1292 2000 1340 Deos
2013 1290 2201 1354 adesse]
2227 1288 2368 1337 Olim
2389 1286 2545 1348 vulgo
2567 1284 2708 1347 lege-

1638 1367 1811 1429 batur,
1847 1369 1973 1430 apud
2013 1369 2147 1417 Deos
2174 1381 2277 1416 esse
2307 1363 2579 1420 consumti,-
2613 1361 2709 1411 sed

1630 1443 1938 1507 jamdudum
1967 1443 2229 1492 Livineius
2244 1448 2302 1497 ,et
2325 1440 2535 1503 Lipsius
2565 1436 2710 1489 vide·

1639 1526 1782 1577 runt,
1809 1533 1901 1581 pro
1921 1519 2100 1568 luxata
2126 1532 2252 1567 voce
2275 1531 2389 1578 esse,
2412 1515 2517 1577 legi
2550 1513 2710 1563 debe-

1640 1609 1698 1644 re
1735 1595 1919 1644 adesse.
1986 1594 2085 1643 Cui
2131 1601 2304 1642 tamen
2348 1590 2711 1641 emendationi

1636 1670 1868 1721 nondum
1904 1671 2075 1720 locum
2109 1670 2304 1720 dedere
2340 1670 2393 1719 in
2441 1673 2714 1730 contextu,

1638 1745 1759 1808 nisi,
1821 1753 1942 1810 post
1984 1744 2401 1794 observationem
2465 1751 2713 1804 nostram,

1638 1821 1794 1884 primi
1834 1836 1948 1871 eam
2004 1822 2303 1884 receperint
2345 1820 2615 1878 Gesnerns
2651 1825 2712 1868 et

1639 1897 1976 1948 Arntzenius.
2042 1897 2274 1947 Verbum
2298 1896 2536 1944 verohoc
2572 1908 2712 1944 com-

1641 1975 1864 2039 positum
1888 1988 2027 2024 nunc
2046 1972 2377 2024 confirmatur
2394 1972 2713 2020 auctoritate

1640 2052 1875 2102 codicum
1913 2053 2042 2100 Mss.
2072 2049 2405 2104 Parisiensis,
2442 2049 2713 2111 utriusque

1638 2129 1854 2190 Veneti,
1882 2125 2308 2189 salisburgensis,
2344 2131 2399 2175 et
2432 2124 2570 2184 mei;
2603 2136 2715 2172 me·

1641 2205 1846 2268 titoque
1870 2211 1949 2253 est
1979 2202 2379 2252 restituendum.
2446 2197 2714 2252 Quemad-

1639 2283 1846 2332 modum
1882 2282 2015 2330 enim
2056 2281 2196 2330 Plin.
2232 2279 2405 2343 Epist.
2429 2291 2520 2326 111.
2545 2281 2598 2326 9.
2627 2279 2712 2325 33.

1639 2359 1791 2416 dixit,
1826 2359 2017 2409 ‘alicui
2054 2357 2190 2421 apud
2219 2357 2455 2420 judicem
2493 2353 2717 2414 adesse:

1638 2435 1677 2484 i.
1707 2450 1755 2484 e.
1793 2435 2010 2499 alicujus
2044 2448 2276 2483 caussam
2316 2446 2493 2481 coram
2526 2429 2710 2494 judice

1639 2525 1795 2573 agere
1815 2515 1975 2574 atque
1996 2510 2166 2569 tueri3
2202 2509 2278 2557 ita
2294 2509 2450 2557 etiam
2473 2508 2710 2556 hocloco

1641 2585 1798 2644 dixit,
1821 2585 1967 2634 amai
1984 2585 2201 2647 precanti
2221 2586 2383 2634 adesse
2412 2585 2541 2647 apud
2565 2583 2711 2637 Deos.

1640 2663 1675 2711 i.
1697 2677 1744 2711 e.
1768 2663 1881 2726 ejus
1898 2676 2082 2725 preces
2100 2666 2155 2710 et
2173 2668 2293 2710 vota
2316 2661 2419 2709 suis
2441 2659 2708 2723 adjurare,

1640 2737 1771 2788 ιιι-’Π
1778 2738 1839 2785 iis
1857 2736 2239 2787 commendare.
2269 2736 2358 2786 Sic
2373 2737 2536 2786 adesse
2550 2733 2709 2784 etiam

1642 2816 1933 2878 generatim
1972 2813 2179 2871 dicitur,
2214 2827 2311 2876 pro
2343 2810 2609 2870 arnamar-i,
2624 2809 2709 2873 ju·

1639 2903 1783 2946 vare,
1806 2888 2002 2938 favere.
2042 2888 2153 2938 Cic.
2180 2890 2324 2938 Fam.
2348 2902 2428 2937 vr.
2449 2891 2532 2936 14.
2553 2891 2571 2915 ⁴
2596 2886 2709 2948 Ego

1642 2967 1743 3015 tuis
1782 2966 1937 3016 rebus
1972 2967 2047 3016 sic
2073 2966 2250 3029 adero,
2278 2972 2337 3015 ut
2371 2962 2713 3022 difficillimis,

1640 3047 1697 3092 et
1742 3042 1938 3091 Caesari
1975 3056 2070 3105 pro
2106 3050 2180 3102 te,
2210 3041 2345 3090 sicut
2383 3040 2553 3089 adhuc
2585 3036 2712 3099 feci,

1640 3119 1983 3168 libentissime
2006 3116 2347 3182 supplicabo?
2383 3117 2523 3165 Plin.
2540 3116 2711 3179 Epist.

1639 3197 1797 3243 1.'12.
1831 3193 1847 3222 ‘
1875 3192 2041 3243 Affuit
2074 3193 2217 3242 Deus
2253 3200 2396 3254 voto,
2432 3191 2581 3255 cujus
2620 3190 2710 3240 ille

1641 3266 2012 3332 compos,’&c.
2063 3269 2170 3317 Pro
2191 3268 2444 3328 consuesti,
2468 3267 2519 3316 iu
2544 3267 2711 3318 Guel-

1638 3342 1826 3408 pherb.
1846 3344 1961 3393 cod.
1987 3345 2180 3408 legitur
2200 3344 2504 3395 consuevisti.
2540 3343 2711 3392 Idem.

1704 3419 1848 3482 Apud
1884 3420 2016 3470 Deos
2036 3422 2200 3470 adesse
2219 3418 2531 3482 consuevisti]
2564 3420 2712 3484 Apud

1641 3495 1775 3545 Deos
1808 3511 1907 3546 esse
1947 3499 2199 3546 consuesti.
2260 3498 2471 3546 Trunca
2510 3511 2616 3546 vox
2654 3503 2711 3546 et

1641 3573 1842 3634 luxata,
1864 3587 1979 3622 esse.
2049 3573 2332 3635 Diffingam
2355 3587 2454 3636 ego
2478 3578 2534 3621 et
2557 3572 2709 3622 resti·

1641 3655 1804 3708 tuam,
1846 3651 2027 3700 adesse.
2094 3649 2284 3711 Sapra,
2317 3649 2432 3711 ‘qui
2471 3647 2710 3697 utilitati·

1640 3724 1737 3774 bus
1761 3724 1874 3774 fisci
1894 3724 2271 3773 contumaciter
2293 3720 2585 3773 adessent!
2639 3723 2707 3772 E·

1640 3801 1765 3863 pist.
1795 3813 1861 3849 ιι.
1880 3804 1963 3849 11.
1997 3807 2011 3830 ⁸
2030 3801 2145 3863 Ego
2181 3807 2238 3849 et
2262 3799 2536 3849 Cornelius
2557 3799 2709 3850 Taci-

1640 3883 1727 3926 tus
1752 3877 1937 3926 adesse
1958 3876 2362 3938 provincialibus
2375 3875 2549 3940 jussi.’
2615 3876 2705 3926 Se·

1638 3966 1770 4002 neca
1793 3952 1860 4002 de
1897 3951 2180 4001 Beneficiis
2217 3965 2297 4000 iv.
2334 3956 2419 4000 15.
2454 3950 2608 4000 ‘Jam
2629 3950 2706 3999 illi

1637 4030 1796 4078 semel
1824 4029 2115 4093 iterumque
2141 4026 2303 4078 affui?
2356 4028 2560 4077 Iterum
2580 4041 2637 4077 v.
2656 4031 2703 4076 Β.

1636 4103 1653 4130 ⁶
1671 4119 1772 4168 quo
1792 4103 1945 4153 modo
1969 4118 2139 4167 nemo,
2156 4105 2389 4167 quamvis
2404 4117 2497 4167 pro
2515 4116 2574 4151 se
2592 4102 2704 4151 dix·

1636 4181 1759 4240 erit,
1781 4178 1988 4230 affuisse
2013 4181 2112 4229 sibi
2150 4179 2381 4244 dicitur,’
2402 4183 2499 4230 ὅτε.
2570 4179 2701 4228 Rur-

1636 4271 1767 4319 sum,
1783 4271 1862 4310 vr.
1876 4262 1963 4311 25.
1982 4265 1996 4287 ⁶
2016 4257 2218 4311 Omnes
2234 4258 2321 4308 isti
2344 4255 2595 4313 beneficia
2612 4271 2701 4307 saa
