<?xml version="1.0" encoding="UTF-8"?>
<!DOCTYPE html PUBLIC "-//W3C//DTD XHTML 1.0 Transitional//EN"
    "http://www.w3.org/TR/xhtml1/DTD/xhtml1-transitional.dtd">
<html xmlns="http://www.w3.org/1999/xhtml" xml:lang="en" lang="en">
 <head>
  <title>
</title>
<meta http-equiv="Content-Type" content="text/html;charset=utf-8" />
  <meta name='ocr-system' content='tesseract 3.04.00' />
  <meta name='ocr-capabilities' content='ocr_page ocr_carea ocr_par ocr_line ocrx_word'/>
</head>
<body>
  <div class='ocr_page' id='page_1' title='image "./panegyriciveter01unkngoog_0588.png"; bbox 0 0 3017 4942; ppageno 0'>
   <div class='ocr_carea' id='block_1_1' title="bbox 506 357 1571 1045">
    <p class='ocr_par' dir='ltr' id='par_1_1' title="bbox 506 357 1571 1045">
     <span class='ocr_line' id='line_1_1' title="bbox 506 357 641 424; baseline 0.007 -1"><span class='ocrx_word' id='word_1_1' title='bbox 506 357 641 424; x_wconf 69' lang='lat'>⁹78</span> 
     </span>
     <span class='ocr_line' id='line_1_2' title="bbox 513 513 1569 567; baseline -0.001 -1"><span class='ocrx_word' id='word_1_2' title='bbox 513 513 875 567; x_wconf 83' lang='lat' dir='ltr'>clamationem</span> <span class='ocrx_word' id='word_1_3' title='bbox 904 515 958 566; x_wconf 80' lang='lat' dir='ltr'>iu</span> <span class='ocrx_word' id='word_1_4' title='bbox 993 515 1185 567; x_wconf 80' lang='lat' dir='ltr'>Italica</span> <span class='ocrx_word' id='word_1_5' title='bbox 1213 516 1446 567; x_wconf 79' lang='lat' dir='ltr'>versione</span> <span class='ocrx_word' id='word_1_6' title='bbox 1476 529 1569 566; x_wconf 76' lang='lat' dir='ltr'>ex·</span> 
     </span>
     <span class='ocr_line' id='line_1_3' title="bbox 514 594 1571 660; baseline 0.001 -16"><span class='ocrx_word' id='word_1_7' title='bbox 514 596 740 660; x_wconf 80' lang='lat' dir='ltr'>pressit:</span> <span class='ocrx_word' id='word_1_8' title='bbox 789 596 836 643; x_wconf 90' lang='grc' dir='ltr'><strong>Ο</strong></span> <span class='ocrx_word' id='word_1_9' title='bbox 859 595 1008 655; x_wconf 76' lang='lat' dir='ltr'>selice</span> <span class='ocrx_word' id='word_1_10' title='bbox 1027 601 1076 644; x_wconf 80' lang='lat' dir='ltr'>et</span> <span class='ocrx_word' id='word_1_11' title='bbox 1103 594 1230 645; x_wconf 73' lang='lat' dir='ltr'>nobil</span> <span class='ocrx_word' id='word_1_12' title='bbox 1258 596 1414 645; x_wconf 71' lang='lat' dir='ltr'>duello</span> <span class='ocrx_word' id='word_1_13' title='bbox 1447 595 1571 645; x_wconf 72' lang='lat' dir='ltr'>delle</span> 
     </span>
     <span class='ocr_line' id='line_1_4' title="bbox 507 673 1569 736; baseline 0 -14"><span class='ocrx_word' id='word_1_14' title='bbox 507 673 644 736; x_wconf 69' lang='lat' dir='ltr'>pisto</span> <span class='ocrx_word' id='word_1_15' title='bbox 662 673 742 721; x_wconf 82' lang='lat' dir='ltr'>del</span> <span class='ocrx_word' id='word_1_16' title='bbox 760 677 940 729; x_wconf 70' lang='lat' dir='ltr'>uncto,</span> <span class='ocrx_word' id='word_1_17' title='bbox 955 674 1075 722; x_wconf 70' lang='lat' dir='ltr'>eolla</span> <span class='ocrx_word' id='word_1_18' title='bbox 1093 674 1322 722; x_wconf 75' lang='lat' dir='ltr'>modestia</span> <span class='ocrx_word' id='word_1_19' title='bbox 1342 674 1420 722; x_wconf 78' lang='lat' dir='ltr'>del</span> <span class='ocrx_word' id='word_1_20' title='bbox 1433 673 1569 736; x_wconf 74' lang='lat' dir='ltr'>prin·</span> 
     </span>
     <span class='ocr_line' id='line_1_5' title="bbox 512 748 1568 813; baseline 0 -14"><span class='ocrx_word' id='word_1_21' title='bbox 512 751 638 813; x_wconf 78' lang='lat' dir='ltr'>cipe,</span> <span class='ocrx_word' id='word_1_22' title='bbox 673 750 810 800; x_wconf 63' lang='lat' dir='ltr'>einen</span> <span class='ocrx_word' id='word_1_23' title='bbox 832 750 985 812; x_wconf 84' lang='lat' dir='ltr'>desso,</span> <span class='ocrx_word' id='word_1_24' title='bbox 1005 765 1034 798; x_wconf 80' lang='lat' dir='ltr'>e</span> <span class='ocrx_word' id='word_1_25' title='bbox 1051 750 1127 801; x_wconf 78' lang='lat' dir='ltr'>siu</span> <span class='ocrx_word' id='word_1_26' title='bbox 1146 748 1318 800; x_wconf 75' lang='lat' dir='ltr'>niatu!</span> <span class='ocrx_word' id='word_1_27' title='bbox 1372 751 1568 799; x_wconf 86' lang='lat' dir='ltr'>Verum</span> 
     </span>
     <span class='ocr_line' id='line_1_6' title="bbox 516 828 1570 891; baseline 0 -13"><span class='ocrx_word' id='word_1_28' title='bbox 516 842 616 891; x_wconf 80' lang='lat' dir='ltr'>ego</span> <span class='ocrx_word' id='word_1_29' title='bbox 642 828 847 891; x_wconf 81' lang='lat' dir='ltr'>opinor,</span> <span class='ocrx_word' id='word_1_30' title='bbox 869 828 1118 885; x_wconf 75' lang='lat' dir='ltr'>Plinium,</span> <span class='ocrx_word' id='word_1_31' title='bbox 1149 828 1197 877; x_wconf 84' lang='lat' dir='ltr'>si</span> <span class='ocrx_word' id='word_1_32' title='bbox 1229 828 1475 878; x_wconf 78' lang='lat' dir='ltr'>voluisset</span> <span class='ocrx_word' id='word_1_33' title='bbox 1509 834 1570 878; x_wconf 89' lang='lat' dir='ltr'>ut</span> 
     </span>
     <span class='ocr_line' id='line_1_7' title="bbox 512 902 1569 967; baseline 0 -13"><span class='ocrx_word' id='word_1_34' title='bbox 512 904 616 954; x_wconf 86' lang='lat' dir='ltr'>ista</span> <span class='ocrx_word' id='word_1_35' title='bbox 638 904 897 954; x_wconf 88' lang='lat' dir='ltr'>sententia</span> <span class='ocrx_word' id='word_1_36' title='bbox 918 918 1012 967; x_wconf 88' lang='lat' dir='ltr'>per</span> <span class='ocrx_word' id='word_1_37' title='bbox 1031 903 1457 954; x_wconf 72' lang='lat' dir='ltr'>exclamationem</span> <span class='ocrx_word' id='word_1_38' title='bbox 1488 902 1569 954; x_wconf 79' lang='lat' dir='ltr'>ef·</span> 
     </span>
     <span class='ocr_line' id='line_1_8' title="bbox 512 980 1568 1045; baseline 0 -15"><span class='ocrx_word' id='word_1_39' title='bbox 512 980 764 1045; x_wconf 83' lang='lat' dir='ltr'>ferretur,</span> <span class='ocrx_word' id='word_1_40' title='bbox 786 980 946 1031; x_wconf 80' lang='lat' dir='ltr'>verba</span> <span class='ocrx_word' id='word_1_41' title='bbox 968 981 1285 1044; x_wconf 83' lang='lat' dir='ltr'>aliquantum</span> <span class='ocrx_word' id='word_1_42' title='bbox 1295 981 1448 1031; x_wconf 80' lang='lat' dir='ltr'>aliter</span> <span class='ocrx_word' id='word_1_43' title='bbox 1462 981 1568 1031; x_wconf 79' lang='lat' dir='ltr'>col·</span> 
     </span>
    </p>
   </div>
   <div class='ocr_carea' id='block_1_2' title="bbox 513 1056 1567 1202">
    <p class='ocr_par' dir='ltr' id='par_1_2' title="bbox 513 1056 1567 1202">
     <span class='ocr_line' id='line_1_9' title="bbox 513 1056 1180 1109; baseline 0.001 -3"><span class='ocrx_word' id='word_1_44' title='bbox 513 1058 799 1108; x_wconf 85' lang='lat' dir='ltr'>locaturum</span> <span class='ocrx_word' id='word_1_45' title='bbox 821 1056 998 1109; x_wconf 85' lang='lat' dir='ltr'>fuisse.</span> <span class='ocrx_word' id='word_1_46' title='bbox 1029 1058 1180 1108; x_wconf 70' lang='lat' dir='ltr'>Idem.</span> 
     </span>
     <span class='ocr_line' id='line_1_10' title="bbox 580 1134 1567 1202; baseline -0.002 -16"><span class='ocrx_word' id='word_1_47' title='bbox 580 1136 793 1202; x_wconf 68' lang='lat' dir='ltr'>Pietati]</span> <span class='ocrx_word' id='word_1_48' title='bbox 838 1136 1066 1186; x_wconf 88' lang='lat' dir='ltr'>Omnino</span> <span class='ocrx_word' id='word_1_49' title='bbox 1110 1134 1404 1186; x_wconf 76' lang='lat' dir='ltr'>revocanda</span> <span class='ocrx_word' id='word_1_50' title='bbox 1444 1148 1567 1198; x_wconf 79' lang='lat' dir='ltr'>vox,</span> 
     </span>
    </p>
   </div>
   <div class='ocr_carea' id='block_1_3' title="bbox 412 1212 1565 1276">
    <p class='ocr_par' dir='ltr' id='par_1_3' title="bbox 412 1212 1565 1276">
     <span class='ocr_line' id='line_1_11' title="bbox 412 1212 1565 1276; baseline 0.001 -14"><span class='ocrx_word' id='word_1_51' title='bbox 412 1240 421 1249; x_wconf 92' lang='lat'><strong>·</strong></span> <span class='ocrx_word' id='word_1_52' title='bbox 513 1226 545 1262; x_wconf 86' lang='lat' dir='ltr'>e</span> <span class='ocrx_word' id='word_1_53' title='bbox 567 1212 671 1263; x_wconf 80' lang='lat' dir='ltr'>fine</span> <span class='ocrx_word' id='word_1_54' title='bbox 694 1213 898 1276; x_wconf 84' lang='lat' dir='ltr'>prioris,</span> <span class='ocrx_word' id='word_1_55' title='bbox 915 1213 1010 1263; x_wconf 80' lang='lat' dir='ltr'>erit</span> <span class='ocrx_word' id='word_1_56' title='bbox 1029 1212 1234 1275; x_wconf 70' lang='lat' dir='ltr'>pietati,-</span> <span class='ocrx_word' id='word_1_57' title='bbox 1266 1220 1322 1262; x_wconf 91' lang='lat' dir='ltr'>et</span> <span class='ocrx_word' id='word_1_58' title='bbox 1343 1212 1565 1263; x_wconf 88' lang='lat' dir='ltr'>interro·</span> 
     </span>
    </p>
   </div>
   <div class='ocr_carea' id='block_1_4' title="bbox 484 1288 1572 3040">
    <p class='ocr_par' dir='ltr' id='par_1_4' title="bbox 513 1288 1423 1354">
     <span class='ocr_line' id='line_1_12' title="bbox 513 1288 1423 1354; baseline 0 -15"><span class='ocrx_word' id='word_1_59' title='bbox 513 1291 720 1354; x_wconf 75' lang='lat' dir='ltr'>gatione</span> <span class='ocrx_word' id='word_1_60' title='bbox 743 1288 1005 1340; x_wconf 80' lang='lat' dir='ltr'>efferenda</span> <span class='ocrx_word' id='word_1_61' title='bbox 1026 1290 1268 1340; x_wconf 85' lang='lat' dir='ltr'>clausula.</span> <span class='ocrx_word' id='word_1_62' title='bbox 1288 1290 1423 1353; x_wconf 75' lang='lat' dir='ltr'>Lips.</span> 
     </span>
    </p>

    <p class='ocr_par' dir='ltr' id='par_1_5' title="bbox 505 1366 1569 1893">
     <span class='ocr_line' id='line_1_13' title="bbox 577 1366 1566 1432; baseline 0.001 -16"><span class='ocrx_word' id='word_1_63' title='bbox 577 1367 723 1417; x_wconf 75' lang='lat' dir='ltr'>Felix</span> <span class='ocrx_word' id='word_1_64' title='bbox 735 1366 1076 1430; x_wconf 68' lang='lat' dir='ltr'>speciosmnque</span> <span class='ocrx_word' id='word_1_65' title='bbox 1089 1367 1349 1430; x_wconf 74' lang='lat' dir='ltr'>certamen]</span> <span class='ocrx_word' id='word_1_66' title='bbox 1367 1366 1431 1416; x_wconf 89' lang='lat' dir='ltr'>P.</span> <span class='ocrx_word' id='word_1_67' title='bbox 1450 1368 1566 1432; x_wconf 79' lang='lat' dir='ltr'>Syr.</span> 
     </span>
     <span class='ocr_line' id='line_1_14' title="bbox 511 1442 1566 1504; baseline 0.001 -11"><span class='ocrx_word' id='word_1_68' title='bbox 511 1443 902 1493; x_wconf 67' lang='lat' dir='ltr'>‘Humanitatis</span> <span class='ocrx_word' id='word_1_69' title='bbox 943 1443 1139 1504; x_wconf 88' lang='lat' dir='ltr'>optima</span> <span class='ocrx_word' id='word_1_70' title='bbox 1181 1449 1265 1493; x_wconf 89' lang='lat' dir='ltr'>est</span> <span class='ocrx_word' id='word_1_71' title='bbox 1309 1442 1566 1494; x_wconf 66' lang='lat' dir='ltr'>certatio!</span> 
     </span>
     <span class='ocr_line' id='line_1_15' title="bbox 511 1518 1567 1586; baseline 0.002 -17"><span class='ocrx_word' id='word_1_72' title='bbox 511 1519 714 1586; x_wconf 80' lang='lat' dir='ltr'>Victor,</span> <span class='ocrx_word' id='word_1_73' title='bbox 736 1534 783 1571; x_wconf 91' lang='lat' dir='ltr'>c.</span> <span class='ocrx_word' id='word_1_74' title='bbox 825 1523 909 1570; x_wconf 70' lang='lat'>8⁶.</span> <span class='ocrx_word' id='word_1_75' title='bbox 939 1518 1232 1585; x_wconf 84' lang='lat' dir='ltr'>‘Utrinque</span> <span class='ocrx_word' id='word_1_76' title='bbox 1275 1519 1468 1583; x_wconf 88' lang='lat' dir='ltr'>pudore</span> <span class='ocrx_word' id='word_1_77' title='bbox 1503 1534 1567 1571; x_wconf 87' lang='lat' dir='ltr'>ac</span> 
     </span>
     <span class='ocr_line' id='line_1_16' title="bbox 510 1595 1567 1654; baseline 0 -7"><span class='ocrx_word' id='word_1_78' title='bbox 510 1597 766 1647; x_wconf 87' lang='lat' dir='ltr'>modestia</span> <span class='ocrx_word' id='word_1_79' title='bbox 785 1595 1172 1654; x_wconf 65' lang='lat' dir='ltr'>decertabatur,</span> <span class='ocrx_word' id='word_1_80' title='bbox 1194 1609 1311 1646; x_wconf 85' lang='lat' dir='ltr'>rara</span> <span class='ocrx_word' id='word_1_81' title='bbox 1331 1597 1384 1645; x_wconf 87' lang='lat' dir='ltr'>iu</span> <span class='ocrx_word' id='word_1_82' title='bbox 1405 1597 1567 1647; x_wconf 87' lang='lat' dir='ltr'>bomi-</span> 
     </span>
     <span class='ocr_line' id='line_1_17' title="bbox 511 1674 1569 1739; baseline -0.001 -13"><span class='ocrx_word' id='word_1_83' title='bbox 511 1676 666 1726; x_wconf 87' lang='lat' dir='ltr'>nibus</span> <span class='ocrx_word' id='word_1_84' title='bbox 700 1674 933 1726; x_wconf 80' lang='lat' dir='ltr'>virtute.&#39;</span> <span class='ocrx_word' id='word_1_85' title='bbox 997 1675 1168 1725; x_wconf 81' lang='lat' dir='ltr'>Plinio</span> <span class='ocrx_word' id='word_1_86' title='bbox 1192 1675 1361 1739; x_wconf 86' lang='lat' dir='ltr'>Epist.</span> <span class='ocrx_word' id='word_1_87' title='bbox 1382 1688 1486 1725; x_wconf 81' lang='lat' dir='ltr'>vn.</span> <span class='ocrx_word' id='word_1_88' title='bbox 1517 1679 1569 1725; x_wconf 80' lang='grc'>’1.</span> 
     </span>
     <span class='ocr_line' id='line_1_18' title="bbox 513 1750 1568 1803; baseline 0.001 -2"><span class='ocrx_word' id='word_1_89' title='bbox 513 1754 530 1783; x_wconf 76' lang='lat'><em>⁴</em></span> <span class='ocrx_word' id='word_1_90' title='bbox 549 1753 966 1803; x_wconf 86' lang='lat' dir='ltr'>honestissimum</span> <span class='ocrx_word' id='word_1_91' title='bbox 1021 1750 1329 1802; x_wconf 86' lang='lat' dir='ltr'>certamen.’</span> <span class='ocrx_word' id='word_1_92' title='bbox 1417 1751 1568 1802; x_wconf 85' lang='lat' dir='ltr'>Adde</span> 
     </span>
     <span class='ocr_line' id='line_1_19' title="bbox 505 1828 1533 1893; baseline 0 -15"><span class='ocrx_word' id='word_1_93' title='bbox 505 1828 804 1893; x_wconf 79' lang='lat' dir='ltr'>Symmacb.</span> <span class='ocrx_word' id='word_1_94' title='bbox 824 1829 992 1893; x_wconf 83' lang='lat' dir='ltr'>Epist.</span> <span class='ocrx_word' id='word_1_95' title='bbox 1013 1842 1054 1878; x_wconf 80' lang='grc' dir='ltr'>ι.</span> <span class='ocrx_word' id='word_1_96' title='bbox 1074 1830 1156 1880; x_wconf 74' lang='grc'>86.</span> <span class='ocrx_word' id='word_1_97' title='bbox 1180 1842 1256 1879; x_wconf 83' lang='lat' dir='ltr'>tv.</span> <span class='ocrx_word' id='word_1_98' title='bbox 1276 1833 1357 1880; x_wconf 78' lang='grc'>49.</span> <span class='ocrx_word' id='word_1_99' title='bbox 1381 1829 1533 1879; x_wconf 75' lang='lat' dir='ltr'>Rern.</span> 
     </span>
    </p>

    <p class='ocr_par' dir='ltr' id='par_1_6' title="bbox 512 1900 1568 2109">
     <span class='ocr_line' id='line_1_20' title="bbox 578 1900 1568 1969; baseline -0.001 -15"><span class='ocrx_word' id='word_1_100' title='bbox 578 1900 938 1969; x_wconf 56' lang='lat' dir='ltr'>&amp;pectorumque</span> <span class='ocrx_word' id='word_1_101' title='bbox 978 1905 1236 1969; x_wconf 75' lang='lat' dir='ltr'>certamen]</span> <span class='ocrx_word' id='word_1_102' title='bbox 1282 1905 1328 1957; x_wconf 90' lang='lat'>1.</span> <span class='ocrx_word' id='word_1_103' title='bbox 1370 1919 1420 1955; x_wconf 89' lang='lat' dir='ltr'>e.</span> <span class='ocrx_word' id='word_1_104' title='bbox 1456 1905 1568 1968; x_wconf 86' lang='lat' dir='ltr'>pul-</span> 
     </span>
     <span class='ocr_line' id='line_1_21' title="bbox 512 1981 1568 2042; baseline 0.004 -13"><span class='ocrx_word' id='word_1_105' title='bbox 512 1981 709 2042; x_wconf 87' lang='lat' dir='ltr'>chrum,</span> <span class='ocrx_word' id='word_1_106' title='bbox 745 1982 1005 2038; x_wconf 79' lang='lat' dir='ltr'>eximium,</span> <span class='ocrx_word' id='word_1_107' title='bbox 1049 1982 1266 2032; x_wconf 84' lang='lat' dir='ltr'>illustre.</span> <span class='ocrx_word' id='word_1_108' title='bbox 1332 1981 1467 2033; x_wconf 86' lang='lat' dir='ltr'>Vide</span> <span class='ocrx_word' id='word_1_109' title='bbox 1500 1982 1568 2033; x_wconf 78' lang='lat' dir='ltr'>ad</span> 
     </span>
     <span class='ocr_line' id='line_1_22' title="bbox 514 2058 1018 2109; baseline 0.002 -2"><span class='ocrx_word' id='word_1_110' title='bbox 514 2069 686 2107; x_wconf 81' lang='lat' dir='ltr'>xvnr.</span> <span class='ocrx_word' id='word_1_111' title='bbox 701 2062 749 2107; x_wconf 87' lang='lat'>1.</span> <span class='ocrx_word' id='word_1_112' title='bbox 773 2058 1018 2109; x_wconf 69' lang='lat' dir='ltr'>Schmun.</span> 
     </span>
    </p>

    <p class='ocr_par' dir='ltr' id='par_1_7' title="bbox 484 2134 1572 3040">
     <span class='ocr_line' id='line_1_23' title="bbox 576 2134 1568 2202; baseline 0.004 -18"><span class='ocrx_word' id='word_1_113' title='bbox 576 2134 674 2185; x_wconf 70' lang='lat' dir='ltr'>Seu</span> <span class='ocrx_word' id='word_1_114' title='bbox 685 2134 841 2196; x_wconf 73' lang='lat' dir='ltr'>fuerit</span> <span class='ocrx_word' id='word_1_115' title='bbox 862 2135 1008 2199; x_wconf 74' lang='lat' dir='ltr'>nicta,</span> <span class='ocrx_word' id='word_1_116' title='bbox 1030 2151 1112 2186; x_wconf 71' lang='lat' dir='ltr'>seu</span> <span class='ocrx_word' id='word_1_117' title='bbox 1132 2136 1328 2202; x_wconf 65' lang='lat' dir='ltr'>vicerit]</span> <span class='ocrx_word' id='word_1_118' title='bbox 1350 2135 1568 2188; x_wconf 78' lang='lat' dir='ltr'>Scilicet</span> 
     </span>
     <span class='ocr_line' id='line_1_24' title="bbox 508 2209 1569 2273; baseline 0.004 -13"><span class='ocrx_word' id='word_1_119' title='bbox 508 2209 641 2260; x_wconf 80' lang='lat' dir='ltr'>felix</span> <span class='ocrx_word' id='word_1_120' title='bbox 663 2217 719 2260; x_wconf 90' lang='lat' dir='ltr'>et</span> <span class='ocrx_word' id='word_1_121' title='bbox 740 2211 1023 2273; x_wconf 84' lang='lat' dir='ltr'>speciosum</span> <span class='ocrx_word' id='word_1_122' title='bbox 1057 2220 1174 2264; x_wconf 85' lang='lat' dir='ltr'>erat</span> <span class='ocrx_word' id='word_1_123' title='bbox 1207 2221 1490 2271; x_wconf 86' lang='lat' dir='ltr'>certamen,</span> <span class='ocrx_word' id='word_1_124' title='bbox 1525 2214 1569 2264; x_wconf 85' lang='lat' dir='ltr'>si</span> 
     </span>
     <span class='ocr_line' id='line_1_25' title="bbox 510 2287 1567 2352; baseline 0.003 -15"><span class='ocrx_word' id='word_1_125' title='bbox 510 2287 601 2337; x_wconf 79' lang='lat' dir='ltr'>illa</span> <span class='ocrx_word' id='word_1_126' title='bbox 622 2287 787 2352; x_wconf 86' lang='lat' dir='ltr'>pietas</span> <span class='ocrx_word' id='word_1_127' title='bbox 810 2295 1018 2337; x_wconf 80' lang='lat' dir='ltr'>senatus</span> <span class='ocrx_word' id='word_1_128' title='bbox 1049 2289 1284 2340; x_wconf 80' lang='lat' dir='ltr'>vinceret</span> <span class='ocrx_word' id='word_1_129' title='bbox 1319 2289 1567 2340; x_wconf 86' lang='lat' dir='ltr'>modesti·</span> 
     </span>
     <span class='ocr_line' id='line_1_26' title="bbox 513 2363 1568 2429; baseline 0.003 -17"><span class='ocrx_word' id='word_1_130' title='bbox 513 2377 594 2412; x_wconf 85' lang='lat' dir='ltr'>am</span> <span class='ocrx_word' id='word_1_131' title='bbox 619 2363 895 2427; x_wconf 75' lang='lat' dir='ltr'>principis3</span> <span class='ocrx_word' id='word_1_132' title='bbox 931 2378 1042 2414; x_wconf 87' lang='lat' dir='ltr'>eum</span> <span class='ocrx_word' id='word_1_133' title='bbox 1069 2379 1256 2429; x_wconf 80' lang='lat' dir='ltr'>nempe</span> <span class='ocrx_word' id='word_1_134' title='bbox 1270 2373 1414 2414; x_wconf 88' lang='lat' dir='ltr'>tauta</span> <span class='ocrx_word' id='word_1_135' title='bbox 1429 2371 1568 2415; x_wconf 89' lang='lat' dir='ltr'>esset</span> 
     </span>
     <span class='ocr_line' id='line_1_27' title="bbox 508 2438 1569 2502; baseline 0.002 -15"><span class='ocrx_word' id='word_1_136' title='bbox 508 2438 716 2502; x_wconf 71' lang='lat' dir='ltr'>Trajani</span> <span class='ocrx_word' id='word_1_137' title='bbox 740 2439 959 2501; x_wconf 83' lang='lat' dir='ltr'>bouitas,</span> <span class='ocrx_word' id='word_1_138' title='bbox 981 2447 1039 2490; x_wconf 92' lang='lat' dir='ltr'>ut</span> <span class='ocrx_word' id='word_1_139' title='bbox 1062 2441 1199 2490; x_wconf 87' lang='lat' dir='ltr'>ultro</span> <span class='ocrx_word' id='word_1_140' title='bbox 1231 2440 1473 2502; x_wconf 85' lang='lat' dir='ltr'>cesserit,</span> <span class='ocrx_word' id='word_1_141' title='bbox 1505 2454 1569 2490; x_wconf 84' lang='lat' dir='ltr'>ac</span> 
     </span>
     <span class='ocr_line' id='line_1_28' title="bbox 509 2514 1571 2579; baseline 0.005 -16"><span class='ocrx_word' id='word_1_142' title='bbox 509 2514 624 2578; x_wconf 76' lang='lat' dir='ltr'>ipse</span> <span class='ocrx_word' id='word_1_143' title='bbox 649 2516 793 2579; x_wconf 81' lang='lat' dir='ltr'>quasi</span> <span class='ocrx_word' id='word_1_144' title='bbox 822 2516 1102 2566; x_wconf 73' lang='lat' dir='ltr'>obsecutus</span> <span class='ocrx_word' id='word_1_145' title='bbox 1134 2517 1201 2566; x_wconf 83' lang='lat' dir='ltr'>alt</span> <span class='ocrx_word' id='word_1_146' title='bbox 1220 2517 1481 2567; x_wconf 81' lang='lat' dir='ltr'>voluntati</span> <span class='ocrx_word' id='word_1_147' title='bbox 1512 2523 1571 2568; x_wconf 83' lang='lat' dir='ltr'>et</span> 
     </span>
     <span class='ocr_line' id='line_1_29' title="bbox 508 2589 1569 2657; baseline 0.003 -17"><span class='ocrx_word' id='word_1_148' title='bbox 508 2589 780 2642; x_wconf 81' lang='lat' dir='ltr'>affectibus</span> <span class='ocrx_word' id='word_1_149' title='bbox 801 2599 1030 2656; x_wconf 84' lang='lat' dir='ltr'>senatus,</span> <span class='ocrx_word' id='word_1_150' title='bbox 1058 2608 1159 2657; x_wconf 86' lang='lat' dir='ltr'>quo</span> <span class='ocrx_word' id='word_1_151' title='bbox 1195 2593 1280 2643; x_wconf 88' lang='lat' dir='ltr'>bic</span> <span class='ocrx_word' id='word_1_152' title='bbox 1318 2593 1569 2657; x_wconf 83' lang='lat' dir='ltr'>pietatem</span> 
     </span>
     <span class='ocr_line' id='line_1_30' title="bbox 509 2668 1571 2734; baseline 0.004 -17"><span class='ocrx_word' id='word_1_153' title='bbox 509 2681 652 2717; x_wconf 85' lang='lat' dir='ltr'>susm</span> <span class='ocrx_word' id='word_1_154' title='bbox 675 2668 883 2732; x_wconf 86' lang='lat' dir='ltr'>publice</span> <span class='ocrx_word' id='word_1_155' title='bbox 921 2669 1128 2730; x_wconf 84' lang='lat' dir='ltr'>testari,</span> <span class='ocrx_word' id='word_1_156' title='bbox 1164 2670 1379 2734; x_wconf 85' lang='lat' dir='ltr'>ejusque</span> <span class='ocrx_word' id='word_1_157' title='bbox 1409 2671 1571 2721; x_wconf 88' lang='lat' dir='ltr'>moni·</span> 
     </span>
     <span class='ocr_line' id='line_1_31' title="bbox 510 2745 1567 2811; baseline 0.005 -19"><span class='ocrx_word' id='word_1_158' title='bbox 510 2749 689 2793; x_wconf 85' lang='lat' dir='ltr'>menta</span> <span class='ocrx_word' id='word_1_159' title='bbox 723 2745 947 2795; x_wconf 83' lang='lat' dir='ltr'>illustria</span> <span class='ocrx_word' id='word_1_160' title='bbox 980 2747 1043 2796; x_wconf 86' lang='lat' dir='ltr'>ad</span> <span class='ocrx_word' id='word_1_161' title='bbox 1067 2761 1271 2797; x_wconf 87' lang='lat' dir='ltr'>omnem</span> <span class='ocrx_word' id='word_1_162' title='bbox 1293 2748 1567 2811; x_wconf 84' lang='lat' dir='ltr'>posterita-</span> 
     </span>
     <span class='ocr_line' id='line_1_32' title="bbox 512 2822 1571 2886; baseline 0.003 -15"><span class='ocrx_word' id='word_1_163' title='bbox 512 2826 616 2871; x_wconf 89' lang='lat' dir='ltr'>tem</span> <span class='ocrx_word' id='word_1_164' title='bbox 637 2822 981 2873; x_wconf 73' lang='lat' dir='ltr'>transmittere</span> <span class='ocrx_word' id='word_1_165' title='bbox 1002 2831 1194 2886; x_wconf 81' lang='lat' dir='ltr'>posset.</span> <span class='ocrx_word' id='word_1_166' title='bbox 1260 2824 1384 2874; x_wconf 85' lang='lat' dir='ltr'>Non</span> <span class='ocrx_word' id='word_1_167' title='bbox 1401 2824 1571 2875; x_wconf 87' lang='lat' dir='ltr'>minus</span> 
     </span>
     <span class='ocr_line' id='line_1_33' title="bbox 484 2897 1571 2973; baseline 0.002 -26"><span class='ocrx_word' id='word_1_168' title='bbox 484 2906 685 2973; x_wconf 17' lang='lat' dir='ltr'>*autem</span> <span class='ocrx_word' id='word_1_169' title='bbox 716 2897 844 2949; x_wconf 83' lang='lat' dir='ltr'>felix</span> <span class='ocrx_word' id='word_1_170' title='bbox 889 2900 1257 2963; x_wconf 82' lang='lat' dir='ltr'>pulchrumque</span> <span class='ocrx_word' id='word_1_171' title='bbox 1302 2907 1571 2949; x_wconf 89' lang='lat' dir='ltr'>certamen</span> 
     </span>
     <span class='ocr_line' id='line_1_34' title="bbox 510 2975 1572 3040; baseline 0.001 -14"><span class='ocrx_word' id='word_1_172' title='bbox 510 2983 646 3034; x_wconf 84' lang='lat' dir='ltr'>erat,</span> <span class='ocrx_word' id='word_1_173' title='bbox 691 2976 734 3025; x_wconf 89' lang='lat' dir='ltr'>si</span> <span class='ocrx_word' id='word_1_174' title='bbox 757 2977 948 3040; x_wconf 66' lang='lat' dir='ltr'>vpietas</span> <span class='ocrx_word' id='word_1_175' title='bbox 992 2983 1206 3026; x_wconf 88' lang='lat' dir='ltr'>senatus</span> <span class='ocrx_word' id='word_1_176' title='bbox 1250 2990 1283 3025; x_wconf 86' lang='lat' dir='ltr'>a</span> <span class='ocrx_word' id='word_1_177' title='bbox 1316 2975 1572 3027; x_wconf 83' lang='lat' dir='ltr'>modestia</span> 
     </span>
    </p>
   </div>
   <div class='ocr_carea' id='block_1_5' title="bbox 401 3052 1571 3117">
    <p class='ocr_par' dir='ltr' id='par_1_8' title="bbox 401 3052 1571 3117">
     <span class='ocr_line' id='line_1_35' title="bbox 401 3052 1571 3117; baseline 0.003 -16"><span class='ocrx_word' id='word_1_178' title='bbox 401 3078 405 3085; x_wconf 90' lang='lat'><strong>·</strong></span> <span class='ocrx_word' id='word_1_179' title='bbox 511 3052 761 3117; x_wconf 88' lang='lat' dir='ltr'>principis</span> <span class='ocrx_word' id='word_1_180' title='bbox 795 3054 1108 3110; x_wconf 77' lang='lat' dir='ltr'>vinceretur,</span> <span class='ocrx_word' id='word_1_181' title='bbox 1146 3067 1210 3104; x_wconf 85' lang='lat' dir='ltr'>ac</span> <span class='ocrx_word' id='word_1_182' title='bbox 1245 3053 1389 3117; x_wconf 85' lang='lat' dir='ltr'>quasi</span> <span class='ocrx_word' id='word_1_183' title='bbox 1430 3053 1571 3104; x_wconf 83' lang='lat' dir='ltr'>cohi·</span> 
     </span>
    </p>
   </div>
   <div class='ocr_carea' id='block_1_6' title="bbox 507 3130 1573 4343">
    <p class='ocr_par' dir='ltr' id='par_1_9' title="bbox 507 3130 1573 4343">
     <span class='ocr_line' id='line_1_36' title="bbox 510 3130 1570 3192; baseline 0.001 -12"><span class='ocrx_word' id='word_1_184' title='bbox 510 3130 742 3191; x_wconf 83' lang='lat' dir='ltr'>beretur,</span> <span class='ocrx_word' id='word_1_185' title='bbox 784 3143 848 3179; x_wconf 90' lang='lat' dir='ltr'>ne</span> <span class='ocrx_word' id='word_1_186' title='bbox 893 3137 1190 3192; x_wconf 87' lang='lat' dir='ltr'>erumperet</span> <span class='ocrx_word' id='word_1_187' title='bbox 1230 3130 1283 3179; x_wconf 90' lang='lat' dir='ltr'>in</span> <span class='ocrx_word' id='word_1_188' title='bbox 1328 3137 1409 3181; x_wconf 88' lang='lat' dir='ltr'>tot</span> <span class='ocrx_word' id='word_1_189' title='bbox 1459 3132 1570 3182; x_wconf 81' lang='lat' dir='ltr'>lau·</span> 
     </span>
     <span class='ocr_line' id='line_1_37' title="bbox 510 3205 1569 3273; baseline 0.004 -20"><span class='ocrx_word' id='word_1_190' title='bbox 510 3205 603 3254; x_wconf 86' lang='lat' dir='ltr'>des</span> <span class='ocrx_word' id='word_1_191' title='bbox 646 3212 703 3256; x_wconf 88' lang='lat' dir='ltr'>et</span> <span class='ocrx_word' id='word_1_192' title='bbox 762 3207 1174 3264; x_wconf 84' lang='lat' dir='ltr'>acclamationes,</span> <span class='ocrx_word' id='word_1_193' title='bbox 1219 3207 1423 3273; x_wconf 85' lang='lat' dir='ltr'>aliaque</span> <span class='ocrx_word' id='word_1_194' title='bbox 1476 3207 1569 3257; x_wconf 85' lang='lat' dir='ltr'>bo·</span> 
     </span>
     <span class='ocr_line' id='line_1_38' title="bbox 512 3280 1570 3348; baseline 0.004 -18"><span class='ocrx_word' id='word_1_195' title='bbox 512 3280 654 3331; x_wconf 86' lang='lat' dir='ltr'>noris</span> <span class='ocrx_word' id='word_1_196' title='bbox 694 3283 877 3346; x_wconf 75' lang='lat' dir='ltr'>sigua5</span> <span class='ocrx_word' id='word_1_197' title='bbox 915 3284 1156 3348; x_wconf 83' lang='lat' dir='ltr'>quoniam</span> <span class='ocrx_word' id='word_1_198' title='bbox 1193 3284 1321 3334; x_wconf 86' lang='lat' dir='ltr'>nibil</span> <span class='ocrx_word' id='word_1_199' title='bbox 1358 3282 1570 3334; x_wconf 81' lang='lat' dir='ltr'>felicius</span> 
     </span>
     <span class='ocr_line' id='line_1_39' title="bbox 509 3357 1570 3426; baseline 0.007 -20"><span class='ocrx_word' id='word_1_200' title='bbox 509 3357 865 3424; x_wconf 82' lang='lat' dir='ltr'>illustriusque</span> <span class='ocrx_word' id='word_1_201' title='bbox 887 3361 1191 3424; x_wconf 65' lang='lat' dir='ltr'>reipublice</span> <span class='ocrx_word' id='word_1_202' title='bbox 1214 3361 1455 3411; x_wconf 86' lang='lat' dir='ltr'>accidere</span> <span class='ocrx_word' id='word_1_203' title='bbox 1477 3376 1570 3426; x_wconf 87' lang='lat' dir='ltr'>po·</span> 
     </span>
     <span class='ocr_line' id='line_1_40' title="bbox 511 3435 1568 3501; baseline 0.003 -17"><span class='ocrx_word' id='word_1_204' title='bbox 511 3440 634 3497; x_wconf 87' lang='lat' dir='ltr'>test,</span> <span class='ocrx_word' id='word_1_205' title='bbox 669 3449 823 3500; x_wconf 85' lang='lat' dir='ltr'>quam</span> <span class='ocrx_word' id='word_1_206' title='bbox 850 3443 963 3487; x_wconf 51' lang='lat' dir='ltr'>*tam</span> <span class='ocrx_word' id='word_1_207' title='bbox 1013 3435 1247 3487; x_wconf 86' lang='lat' dir='ltr'>modesto</span> <span class='ocrx_word' id='word_1_208' title='bbox 1290 3438 1366 3487; x_wconf 88' lang='lat' dir='ltr'>uti</span> <span class='ocrx_word' id='word_1_209' title='bbox 1425 3438 1568 3501; x_wconf 89' lang='lat' dir='ltr'>prin-</span> 
     </span>
     <span class='ocr_line' id='line_1_41' title="bbox 510 3510 1570 3580; baseline 0.003 -19"><span class='ocrx_word' id='word_1_210' title='bbox 510 3510 649 3574; x_wconf 84' lang='lat' dir='ltr'>cipe,</span> <span class='ocrx_word' id='word_1_211' title='bbox 663 3511 751 3576; x_wconf 86' lang='lat' dir='ltr'>qui</span> <span class='ocrx_word' id='word_1_212' title='bbox 776 3526 842 3561; x_wconf 90' lang='lat' dir='ltr'>ne</span> <span class='ocrx_word' id='word_1_213' title='bbox 858 3513 1165 3576; x_wconf 87' lang='lat' dir='ltr'>promeritos</span> <span class='ocrx_word' id='word_1_214' title='bbox 1187 3511 1391 3580; x_wconf 82' lang='lat' dir='ltr'>quidem</span> <span class='ocrx_word' id='word_1_215' title='bbox 1409 3513 1570 3564; x_wconf 89' lang='lat' dir='ltr'>bono·</span> 
     </span>
     <span class='ocr_line' id='line_1_42' title="bbox 511 3587 1571 3652; baseline 0.005 -18"><span class='ocrx_word' id='word_1_216' title='bbox 511 3600 594 3635; x_wconf 86' lang='lat' dir='ltr'>res</span> <span class='ocrx_word' id='word_1_217' title='bbox 616 3587 900 3652; x_wconf 80' lang='lat' dir='ltr'>laudesque</span> <span class='ocrx_word' id='word_1_218' title='bbox 920 3588 1222 3651; x_wconf 79' lang='lat' dir='ltr'>admiserit3</span> <span class='ocrx_word' id='word_1_219' title='bbox 1257 3597 1457 3639; x_wconf 86' lang='lat' dir='ltr'>tantum</span> <span class='ocrx_word' id='word_1_220' title='bbox 1482 3588 1571 3639; x_wconf 84' lang='lat' dir='ltr'>ab·</span> 
     </span>
     <span class='ocr_line' id='line_1_43' title="bbox 510 3663 1573 3729; baseline 0.006 -20"><span class='ocrx_word' id='word_1_221' title='bbox 510 3667 612 3722; x_wconf 85' lang='lat' dir='ltr'>est,</span> <span class='ocrx_word' id='word_1_222' title='bbox 655 3669 713 3712; x_wconf 89' lang='lat' dir='ltr'>ut</span> <span class='ocrx_word' id='word_1_223' title='bbox 756 3663 977 3728; x_wconf 82' lang='lat' dir='ltr'>majores</span> <span class='ocrx_word' id='word_1_224' title='bbox 1015 3665 1290 3729; x_wconf 84' lang='lat' dir='ltr'>pluresque</span> <span class='ocrx_word' id='word_1_225' title='bbox 1331 3665 1573 3724; x_wconf 79' lang='lat' dir='ltr'>honores,</span> 
     </span>
     <span class='ocr_line' id='line_1_44' title="bbox 510 3740 1571 3804; baseline 0.007 -19"><span class='ocrx_word' id='word_1_226' title='bbox 510 3744 704 3799; x_wconf 79' lang='lat' dir='ltr'>praeter</span> <span class='ocrx_word' id='word_1_227' title='bbox 725 3740 986 3802; x_wconf 87' lang='lat' dir='ltr'>meritum,</span> <span class='ocrx_word' id='word_1_228' title='bbox 1005 3740 1141 3790; x_wconf 87' lang='lat' dir='ltr'>ultro</span> <span class='ocrx_word' id='word_1_229' title='bbox 1163 3740 1261 3790; x_wconf 91' lang='lat' dir='ltr'>sibi</span> <span class='ocrx_word' id='word_1_230' title='bbox 1296 3742 1571 3804; x_wconf 74' lang='lat' dir='ltr'>arrogat-it.</span> 
     </span>
     <span class='ocr_line' id='line_1_45' title="bbox 509 3811 1573 3881; baseline 0.007 -20"><span class='ocrx_word' id='word_1_231' title='bbox 509 3811 754 3864; x_wconf 86' lang='lat' dir='ltr'>Pertinet</span> <span class='ocrx_word' id='word_1_232' title='bbox 785 3815 904 3878; x_wconf 85' lang='lat' dir='ltr'>hnc,</span> <span class='ocrx_word' id='word_1_233' title='bbox 945 3816 1080 3881; x_wconf 91' lang='lat' dir='ltr'>quod</span> <span class='ocrx_word' id='word_1_234' title='bbox 1118 3814 1430 3879; x_wconf 82' lang='lat' dir='ltr'>Athalricus,</span> <span class='ocrx_word' id='word_1_235' title='bbox 1476 3830 1573 3868; x_wconf 84' lang='lat' dir='ltr'>rex</span> 
     </span>
     <span class='ocr_line' id='line_1_46' title="bbox 510 3888 1573 3957; baseline 0.006 -20"><span class='ocrx_word' id='word_1_236' title='bbox 510 3888 820 3953; x_wconf 84' lang='lat' dir='ltr'>Gothorum,</span> <span class='ocrx_word' id='word_1_237' title='bbox 860 3890 997 3954; x_wconf 85' lang='lat' dir='ltr'>apud</span> <span class='ocrx_word' id='word_1_238' title='bbox 1053 3891 1347 3943; x_wconf 79' lang='lat' dir='ltr'>cassiodor.</span> <span class='ocrx_word' id='word_1_239' title='bbox 1405 3890 1573 3957; x_wconf 80' lang='lat' dir='ltr'>Epist.</span> 
     </span>
     <span class='ocr_line' id='line_1_47' title="bbox 510 3966 1570 4019; baseline 0.006 -6"><span class='ocrx_word' id='word_1_240' title='bbox 510 3978 636 4015; x_wconf 80' lang='lat' dir='ltr'>vm.</span> <span class='ocrx_word' id='word_1_241' title='bbox 681 3971 764 4017; x_wconf 84' lang='lat'>15.</span> <span class='ocrx_word' id='word_1_242' title='bbox 813 3966 878 4016; x_wconf 86' lang='lat' dir='ltr'>ad</span> <span class='ocrx_word' id='word_1_243' title='bbox 921 3975 1157 4017; x_wconf 86' lang='lat' dir='ltr'>senatum</span> <span class='ocrx_word' id='word_1_244' title='bbox 1204 3968 1347 4017; x_wconf 87' lang='lat' dir='ltr'>urbis</span> <span class='ocrx_word' id='word_1_245' title='bbox 1391 3968 1570 4019; x_wconf 77' lang='lat' dir='ltr'>Romae</span> 
     </span>
     <span class='ocr_line' id='line_1_48' title="bbox 507 4041 1570 4109; baseline 0.008 -21"><span class='ocrx_word' id='word_1_246' title='bbox 507 4041 750 4105; x_wconf 81' lang='lat' dir='ltr'>scripsit:</span> <span class='ocrx_word' id='word_1_247' title='bbox 783 4045 800 4073; x_wconf 87' lang='lat'>‘</span> <span class='ocrx_word' id='word_1_248' title='bbox 821 4043 1083 4094; x_wconf 85' lang='lat' dir='ltr'>Pudorem</span> <span class='ocrx_word' id='word_1_249' title='bbox 1108 4059 1209 4094; x_wconf 88' lang='lat' dir='ltr'>uon</span> <span class='ocrx_word' id='word_1_250' title='bbox 1231 4046 1389 4095; x_wconf 83' lang='lat' dir='ltr'>babet</span> <span class='ocrx_word' id='word_1_251' title='bbox 1424 4046 1570 4109; x_wconf 80' lang='lat' dir='ltr'>victi,</span> 
     </span>
     <span class='ocr_line' id='line_1_49' title="bbox 510 4120 1568 4190; baseline 0.009 -23"><span class='ocrx_word' id='word_1_252' title='bbox 510 4120 659 4182; x_wconf 86' lang='lat' dir='ltr'>cujus</span> <span class='ocrx_word' id='word_1_253' title='bbox 682 4129 860 4172; x_wconf 76' lang='lat' dir='ltr'>votum</span> <span class='ocrx_word' id='word_1_254' title='bbox 881 4125 1137 4188; x_wconf 80' lang='lat' dir='ltr'>contingit</span> <span class='ocrx_word' id='word_1_255' title='bbox 1160 4140 1192 4175; x_wconf 87' lang='lat' dir='ltr'>a</span> <span class='ocrx_word' id='word_1_256' title='bbox 1212 4126 1451 4190; x_wconf 89' lang='lat' dir='ltr'>principe</span> <span class='ocrx_word' id='word_1_257' title='bbox 1479 4140 1568 4176; x_wconf 87' lang='lat' dir='ltr'>au·</span> 
     </span>
     <span class='ocr_line' id='line_1_50' title="bbox 513 4194 1568 4256; baseline 0.012 -16"><span class='ocrx_word' id='word_1_258' title='bbox 513 4194 747 4256; x_wconf 87' lang='lat' dir='ltr'>perari.’-</span> <span class='ocrx_word' id='word_1_259' title='bbox 790 4197 948 4248; x_wconf 86' lang='lat' dir='ltr'>Certo</span> <span class='ocrx_word' id='word_1_260' title='bbox 973 4200 1126 4250; x_wconf 89' lang='lat' dir='ltr'>modo</span> <span class='ocrx_word' id='word_1_261' title='bbox 1164 4200 1265 4251; x_wconf 88' lang='lat' dir='ltr'>buc</span> <span class='ocrx_word' id='word_1_262' title='bbox 1302 4202 1456 4252; x_wconf 88' lang='lat' dir='ltr'>etiam</span> <span class='ocrx_word' id='word_1_263' title='bbox 1482 4216 1568 4253; x_wconf 86' lang='lat' dir='ltr'>ac-</span> 
     </span>
     <span class='ocr_line' id='line_1_51' title="bbox 509 4270 1571 4343; baseline 0.012 -26"><span class='ocrx_word' id='word_1_264' title='bbox 509 4270 823 4337; x_wconf 78' lang='lat' dir='ltr'>commodari</span> <span class='ocrx_word' id='word_1_265' title='bbox 838 4281 1029 4340; x_wconf 80' lang='lat' dir='ltr'>potest,</span> <span class='ocrx_word' id='word_1_266' title='bbox 1046 4275 1183 4342; x_wconf 86' lang='lat' dir='ltr'>quod</span> <span class='ocrx_word' id='word_1_267' title='bbox 1200 4277 1339 4343; x_wconf 86' lang='lat' dir='ltr'>apud</span> <span class='ocrx_word' id='word_1_268' title='bbox 1353 4279 1490 4333; x_wconf 81' lang='lat' dir='ltr'>vell.</span> <span class='ocrx_word' id='word_1_269' title='bbox 1505 4291 1571 4333; x_wconf 84' lang='lat' dir='ltr'>n.</span> 
     </span>
    </p>
   </div>
   <div class='ocr_carea' id='block_1_7' title="bbox 1194 371 2005 424">
    <p class='ocr_par' dir='ltr' id='par_1_10' title="bbox 1194 371 2005 424">
     <span class='ocr_line' id='line_1_52' title="bbox 1194 371 2005 424; baseline 0.001 -2"><span class='ocrx_word' id='word_1_270' title='bbox 1194 373 1416 423; x_wconf 65' lang='lat' dir='ltr'>No&#39;rffi</span> <span class='ocrx_word' id='word_1_271' title='bbox 1464 371 1873 424; x_wconf 74' lang='lat' dir='ltr'>vammum</span> <span class='ocrx_word' id='word_1_272' title='bbox 1924 374 2005 423; x_wconf 72' lang='lat' dir='ltr'>IN</span> 
     </span>
    </p>
   </div>
   <div class='ocr_carea' id='block_1_8' title="bbox 1635 515 2736 4345">
    <p class='ocr_par' dir='ltr' id='par_1_11' title="bbox 1640 515 2718 955">
     <span class='ocr_line' id='line_1_53' title="bbox 1643 515 2718 582; baseline 0.001 -16"><span class='ocrx_word' id='word_1_273' title='bbox 1643 519 1728 567; x_wconf 66' lang='lat' dir='ltr'>st.</span> <span class='ocrx_word' id='word_1_274' title='bbox 1775 517 2033 582; x_wconf 76' lang='lat' dir='ltr'>Tigranis,</span> <span class='ocrx_word' id='word_1_275' title='bbox 2066 515 2202 580; x_wconf 68' lang='lat' dir='ltr'>regis</span> <span class='ocrx_word' id='word_1_276' title='bbox 2242 515 2500 568; x_wconf 62' lang='lat' dir='ltr'>Armenia</span> <span class='ocrx_word' id='word_1_277' title='bbox 2539 515 2718 575; x_wconf 73' lang='lat' dir='ltr'>filius,</span> 
     </span>
     <span class='ocr_line' id='line_1_54' title="bbox 1643 591 2715 658; baseline 0.001 -16"><span class='ocrx_word' id='word_1_278' title='bbox 1643 591 1779 643; x_wconf 75' lang='lat' dir='ltr'>dixit</span> <span class='ocrx_word' id='word_1_279' title='bbox 1801 595 1898 644; x_wconf 85' lang='lat' dir='ltr'>Cn.</span> <span class='ocrx_word' id='word_1_280' title='bbox 1931 592 2217 658; x_wconf 86' lang='lat' dir='ltr'>Pompeio:</span> <span class='ocrx_word' id='word_1_281' title='bbox 2267 593 2284 622; x_wconf 88' lang='lat'>‘</span> <span class='ocrx_word' id='word_1_282' title='bbox 2303 594 2419 644; x_wconf 84' lang='lat' dir='ltr'>Non</span> <span class='ocrx_word' id='word_1_283' title='bbox 2440 608 2559 645; x_wconf 81' lang='lat' dir='ltr'>esse</span> <span class='ocrx_word' id='word_1_284' title='bbox 2585 603 2715 644; x_wconf 80' lang='lat' dir='ltr'>mr·</span> 
     </span>
     <span class='ocr_line' id='line_1_55' title="bbox 1644 670 2716 736; baseline 0.002 -16"><span class='ocrx_word' id='word_1_285' title='bbox 1644 683 1732 735; x_wconf 89' lang='lat' dir='ltr'>pe,</span> <span class='ocrx_word' id='word_1_286' title='bbox 1754 670 1822 721; x_wconf 89' lang='lat' dir='ltr'>ab</span> <span class='ocrx_word' id='word_1_287' title='bbox 1854 686 1917 721; x_wconf 88' lang='lat' dir='ltr'>eo</span> <span class='ocrx_word' id='word_1_288' title='bbox 1941 672 2095 728; x_wconf 78' lang='lat' dir='ltr'>vinci,</span> <span class='ocrx_word' id='word_1_289' title='bbox 2124 686 2275 736; x_wconf 90' lang='lat' dir='ltr'>quem</span> <span class='ocrx_word' id='word_1_290' title='bbox 2313 671 2521 722; x_wconf 80' lang='lat' dir='ltr'>vincere</span> <span class='ocrx_word' id='word_1_291' title='bbox 2554 680 2716 722; x_wconf 79' lang='lat' dir='ltr'>esset</span> 
     </span>
     <span class='ocr_line' id='line_1_56' title="bbox 1642 747 2716 814; baseline 0.001 -17"><span class='ocrx_word' id='word_1_292' title='bbox 1642 747 1823 810; x_wconf 79' lang='lat' dir='ltr'>nefas3</span> <span class='ocrx_word' id='word_1_293' title='bbox 1876 763 2045 814; x_wconf 82' lang='lat' dir='ltr'>neque</span> <span class='ocrx_word' id='word_1_294' title='bbox 2082 748 2132 799; x_wconf 93' lang='lat' dir='ltr'>ei</span> <span class='ocrx_word' id='word_1_295' title='bbox 2168 748 2425 797; x_wconf 85' lang='lat' dir='ltr'>inhoneste</span> <span class='ocrx_word' id='word_1_296' title='bbox 2464 748 2716 813; x_wconf 78' lang='lat' dir='ltr'>aliquem</span> 
     </span>
     <span class='ocr_line' id='line_1_57' title="bbox 1640 823 2718 890; baseline 0.003 -18"><span class='ocrx_word' id='word_1_297' title='bbox 1640 824 1899 886; x_wconf 85' lang='lat' dir='ltr'>submitti,</span> <span class='ocrx_word' id='word_1_298' title='bbox 1920 839 2076 890; x_wconf 84' lang='lat' dir='ltr'>quem</span> <span class='ocrx_word' id='word_1_299' title='bbox 2102 823 2316 875; x_wconf 77' lang='lat' dir='ltr'>fortuna</span> <span class='ocrx_word' id='word_1_300' title='bbox 2343 837 2494 889; x_wconf 86' lang='lat' dir='ltr'>super</span> <span class='ocrx_word' id='word_1_301' title='bbox 2515 838 2718 875; x_wconf 70' lang='lat' dir='ltr'>omnes</span> 
     </span>
     <span class='ocr_line' id='line_1_58' title="bbox 1641 902 2113 955; baseline 0.004 -3"><span class='ocrx_word' id='word_1_302' title='bbox 1641 902 1943 955; x_wconf 82' lang='lat' dir='ltr'>extulisset.’</span> <span class='ocrx_word' id='word_1_303' title='bbox 1964 903 2113 954; x_wconf 71' lang='lat' dir='ltr'>Idem.</span> 
     </span>
    </p>

    <p class='ocr_par' dir='ltr' id='par_1_12' title="bbox 1638 977 2736 2802">
     <span class='ocr_line' id='line_1_59' title="bbox 1704 977 2718 1045; baseline -0.002 -15"><span class='ocrx_word' id='word_1_304' title='bbox 1704 980 2005 1043; x_wconf 65' lang='lat' dir='ltr'>Incognita·</span> <span class='ocrx_word' id='word_1_305' title='bbox 2018 980 2276 1045; x_wconf 70' lang='lat' dir='ltr'>quondm}</span> <span class='ocrx_word' id='word_1_306' title='bbox 2291 978 2335 1028; x_wconf 91' lang='lat'>1.</span> <span class='ocrx_word' id='word_1_307' title='bbox 2349 993 2394 1029; x_wconf 87' lang='lat' dir='ltr'>e.</span> <span class='ocrx_word' id='word_1_308' title='bbox 2409 977 2718 1043; x_wconf 69' lang='lat' dir='ltr'>praevideo,</span> 
     </span>
     <span class='ocr_line' id='line_1_60' title="bbox 1640 1055 2717 1121; baseline 0 -15"><span class='ocrx_word' id='word_1_309' title='bbox 1640 1062 1698 1106; x_wconf 85' lang='lat' dir='ltr'>et</span> <span class='ocrx_word' id='word_1_310' title='bbox 1736 1057 1882 1121; x_wconf 87' lang='lat' dir='ltr'>quasi</span> <span class='ocrx_word' id='word_1_311' title='bbox 1914 1056 2143 1120; x_wconf 87' lang='lat' dir='ltr'>anticipo</span> <span class='ocrx_word' id='word_1_312' title='bbox 2174 1057 2406 1105; x_wconf 75' lang='lat' dir='ltr'>loetitiam</span> <span class='ocrx_word' id='word_1_313' title='bbox 2434 1055 2717 1119; x_wconf 72' lang='lat' dir='ltr'>quandam</span> 
     </span>
     <span class='ocr_line' id='line_1_61' title="bbox 1639 1131 2720 1197; baseline -0.001 -14"><span class='ocrx_word' id='word_1_314' title='bbox 1639 1133 1973 1197; x_wconf 74' lang='lat' dir='ltr'>incognitam,</span> <span class='ocrx_word' id='word_1_315' title='bbox 2013 1132 2124 1183; x_wconf 83' lang='lat' dir='ltr'>sive</span> <span class='ocrx_word' id='word_1_316' title='bbox 2170 1146 2353 1181; x_wconf 81' lang='lat' dir='ltr'>novam</span> <span class='ocrx_word' id='word_1_317' title='bbox 2383 1138 2437 1181; x_wconf 87' lang='lat' dir='ltr'>et</span> <span class='ocrx_word' id='word_1_318' title='bbox 2475 1131 2720 1182; x_wconf 73' lang='lat' dir='ltr'>inusita-</span> 
     </span>
     <span class='ocr_line' id='line_1_62' title="bbox 1639 1208 2723 1276; baseline 0 -15"><span class='ocrx_word' id='word_1_319' title='bbox 1639 1218 1765 1269; x_wconf 86' lang='lat' dir='ltr'>tam,</span> <span class='ocrx_word' id='word_1_320' title='bbox 1788 1210 2191 1276; x_wconf 86' lang='lat' dir='ltr'>inauditamquc.</span> <span class='ocrx_word' id='word_1_321' title='bbox 2256 1209 2273 1236; x_wconf 87' lang='lat'>‘</span> <span class='ocrx_word' id='word_1_322' title='bbox 2289 1208 2592 1272; x_wconf 70' lang='lat' dir='ltr'>Proesamo,’</span> <span class='ocrx_word' id='word_1_323' title='bbox 2615 1216 2723 1261; x_wconf 80' lang='lat' dir='ltr'>est</span> 
     </span>
     <span class='ocr_line' id='line_1_63' title="bbox 1638 1287 2721 1352; baseline 0 -14"><span class='ocrx_word' id='word_1_324' title='bbox 1638 1289 1806 1338; x_wconf 76' lang='lat' dir='ltr'>auimo</span> <span class='ocrx_word' id='word_1_325' title='bbox 1828 1296 1884 1337; x_wconf 92' lang='lat' dir='ltr'>et</span> <span class='ocrx_word' id='word_1_326' title='bbox 1906 1301 1998 1352; x_wconf 89' lang='lat' dir='ltr'>spe</span> <span class='ocrx_word' id='word_1_327' title='bbox 2020 1287 2270 1351; x_wconf 82' lang='lat' dir='ltr'>anticipo,</span> <span class='ocrx_word' id='word_1_328' title='bbox 2295 1301 2357 1336; x_wconf 89' lang='lat' dir='ltr'>ae</span> <span class='ocrx_word' id='word_1_329' title='bbox 2377 1287 2721 1351; x_wconf 70' lang='lat' dir='ltr'>cogitatione</span> 
     </span>
     <span class='ocr_line' id='line_1_64' title="bbox 1640 1363 2722 1428; baseline -0.001 -15"><span class='ocrx_word' id='word_1_330' title='bbox 1640 1372 1974 1427; x_wconf 69' lang='lat' dir='ltr'>reprmsento.</span> <span class='ocrx_word' id='word_1_331' title='bbox 2005 1363 2145 1414; x_wconf 87' lang='lat' dir='ltr'>Plin.</span> <span class='ocrx_word' id='word_1_332' title='bbox 2168 1364 2339 1428; x_wconf 83' lang='lat' dir='ltr'>Epist.</span> <span class='ocrx_word' id='word_1_333' title='bbox 2366 1377 2430 1412; x_wconf 84' lang='lat' dir='ltr'>n.</span> <span class='ocrx_word' id='word_1_334' title='bbox 2466 1367 2547 1412; x_wconf 70' lang='lat' dir='ltr'>lo·</span> <span class='ocrx_word' id='word_1_335' title='bbox 2579 1369 2596 1392; x_wconf 83' lang='lat'>‘</span> <span class='ocrx_word' id='word_1_336' title='bbox 2623 1363 2722 1412; x_wconf 79' lang='lat' dir='ltr'>ut</span> 
     </span>
     <span class='ocr_line' id='line_1_65' title="bbox 1642 1440 2720 1506; baseline 0.001 -16"><span class='ocrx_word' id='word_1_337' title='bbox 1642 1440 1849 1492; x_wconf 84' lang='lat' dir='ltr'>tandem</span> <span class='ocrx_word' id='word_1_338' title='bbox 1907 1441 2165 1506; x_wconf 85' lang='lat' dir='ltr'>percipias</span> <span class='ocrx_word' id='word_1_339' title='bbox 2232 1440 2488 1503; x_wconf 69' lang='lat' dir='ltr'>gandium,</span> <span class='ocrx_word' id='word_1_340' title='bbox 2549 1441 2720 1505; x_wconf 82' lang='lat' dir='ltr'>quod</span> 
     </span>
     <span class='ocr_line' id='line_1_66' title="bbox 1641 1518 2724 1582; baseline 0.001 -16"><span class='ocrx_word' id='word_1_341' title='bbox 1641 1531 1739 1581; x_wconf 86' lang='lat' dir='ltr'>ego</span> <span class='ocrx_word' id='word_1_342' title='bbox 1761 1518 1879 1567; x_wconf 87' lang='lat' dir='ltr'>olim</span> <span class='ocrx_word' id='word_1_343' title='bbox 1914 1531 2009 1582; x_wconf 84' lang='lat' dir='ltr'>pro</span> <span class='ocrx_word' id='word_1_344' title='bbox 2041 1525 2098 1567; x_wconf 90' lang='lat' dir='ltr'>te</span> <span class='ocrx_word' id='word_1_345' title='bbox 2135 1532 2236 1566; x_wconf 90' lang='lat' dir='ltr'>nou</span> <span class='ocrx_word' id='word_1_346' title='bbox 2271 1525 2462 1566; x_wconf 88' lang='lat' dir='ltr'>temere</span> <span class='ocrx_word' id='word_1_347' title='bbox 2498 1531 2724 1580; x_wconf 64' lang='lat' dir='ltr'>presu-</span> 
     </span>
     <span class='ocr_line' id='line_1_67' title="bbox 1641 1593 2729 1659; baseline 0.001 -15"><span class='ocrx_word' id='word_1_348' title='bbox 1641 1593 1763 1645; x_wconf 65' lang='lat' dir='ltr'>mo!</span> <span class='ocrx_word' id='word_1_349' title='bbox 1826 1593 1974 1645; x_wconf 83' lang='lat' dir='ltr'>Idem</span> <span class='ocrx_word' id='word_1_350' title='bbox 2001 1595 2170 1659; x_wconf 80' lang='lat' dir='ltr'>Epist.</span> <span class='ocrx_word' id='word_1_351' title='bbox 2185 1609 2266 1644; x_wconf 82' lang='lat' dir='ltr'>rx.</span> <span class='ocrx_word' id='word_1_352' title='bbox 2284 1596 2361 1644; x_wconf 74' lang='lat'>8.‘</span> <span class='ocrx_word' id='word_1_353' title='bbox 2378 1595 2484 1658; x_wconf 74' lang='lat' dir='ltr'>Ego</span> <span class='ocrx_word' id='word_1_354' title='bbox 2503 1594 2729 1645; x_wconf 80' lang='lat' dir='ltr'>beatis·</span> 
     </span>
     <span class='ocr_line' id='line_1_68' title="bbox 1642 1671 2723 1737; baseline 0.003 -17"><span class='ocrx_word' id='word_1_355' title='bbox 1642 1671 1822 1722; x_wconf 86' lang='lat' dir='ltr'>simum</span> <span class='ocrx_word' id='word_1_356' title='bbox 1845 1672 2103 1728; x_wconf 77' lang='lat' dir='ltr'>existimo,</span> <span class='ocrx_word' id='word_1_357' title='bbox 2126 1673 2210 1737; x_wconf 88' lang='lat' dir='ltr'>qui</span> <span class='ocrx_word' id='word_1_358' title='bbox 2238 1673 2383 1722; x_wconf 70' lang='lat' dir='ltr'>bono</span> <span class='ocrx_word' id='word_1_359' title='bbox 2415 1686 2723 1723; x_wconf 58' lang='lat' dir='ltr'>mansurn-</span> 
     </span>
     <span class='ocr_line' id='line_1_69' title="bbox 1642 1745 2724 1812; baseline 0.002 -17"><span class='ocrx_word' id='word_1_360' title='bbox 1642 1762 1743 1811; x_wconf 88' lang='lat' dir='ltr'>que</span> <span class='ocrx_word' id='word_1_361' title='bbox 1785 1746 1936 1797; x_wconf 75' lang='lat' dir='ltr'>famoe</span> <span class='ocrx_word' id='word_1_362' title='bbox 1972 1749 2334 1812; x_wconf 76' lang='lat' dir='ltr'>praesumtioue</span> <span class='ocrx_word' id='word_1_363' title='bbox 2373 1745 2724 1811; x_wconf 63' lang='lat' dir='ltr'>perfruitus-l</span> 
     </span>
     <span class='ocr_line' id='line_1_70' title="bbox 1640 1825 2729 1890; baseline 0.001 -15"><span class='ocrx_word' id='word_1_364' title='bbox 1640 1825 1727 1875; x_wconf 83' lang='lat' dir='ltr'>Ad</span> <span class='ocrx_word' id='word_1_365' title='bbox 1764 1841 1916 1890; x_wconf 89' lang='lat' dir='ltr'>quem</span> <span class='ocrx_word' id='word_1_366' title='bbox 1952 1826 2120 1876; x_wconf 88' lang='lat' dir='ltr'>locum</span> <span class='ocrx_word' id='word_1_367' title='bbox 2156 1827 2353 1876; x_wconf 83' lang='lat' dir='ltr'>notavit</span> <span class='ocrx_word' id='word_1_368' title='bbox 2373 1825 2729 1883; x_wconf 76' lang='lat' dir='ltr'>Bucbuerus,</span> 
     </span>
     <span class='ocr_line' id='line_1_71' title="bbox 1641 1901 2729 1968; baseline 0.003 -17"><span class='ocrx_word' id='word_1_369' title='bbox 1641 1901 1833 1967; x_wconf 89' lang='lat' dir='ltr'>Plinio,</span> <span class='ocrx_word' id='word_1_370' title='bbox 1854 1910 1909 1953; x_wconf 92' lang='lat' dir='ltr'>et</span> <span class='ocrx_word' id='word_1_371' title='bbox 1931 1903 2043 1952; x_wconf 87' lang='lat' dir='ltr'>aliis</span> <span class='ocrx_word' id='word_1_372' title='bbox 2062 1903 2317 1968; x_wconf 80' lang='lat' dir='ltr'>sequioris</span> <span class='ocrx_word' id='word_1_373' title='bbox 2349 1903 2441 1952; x_wconf 64' lang='lat' dir='ltr'>mvi</span> <span class='ocrx_word' id='word_1_374' title='bbox 2471 1902 2729 1966; x_wconf 82' lang='lat' dir='ltr'>scripto·</span> 
     </span>
     <span class='ocr_line' id='line_1_72' title="bbox 1642 1978 2730 2044; baseline 0.001 -16"><span class='ocrx_word' id='word_1_375' title='bbox 1642 1978 1803 2036; x_wconf 83' lang='lat' dir='ltr'>ribus,</span> <span class='ocrx_word' id='word_1_376' title='bbox 1823 1981 1840 2009; x_wconf 85' lang='lat'>‘</span> <span class='ocrx_word' id='word_1_377' title='bbox 1857 1979 2275 2044; x_wconf 62' lang='lat' dir='ltr'>presumtionem</span> <span class='ocrx_word' id='word_1_378' title='bbox 2289 1978 2305 2001; x_wconf 86' lang='lat'><em>&#39;</em></span> <span class='ocrx_word' id='word_1_379' title='bbox 2325 1994 2431 2027; x_wconf 79' lang='lat' dir='ltr'>esse</span> <span class='ocrx_word' id='word_1_380' title='bbox 2449 1978 2730 2029; x_wconf 75' lang='lat' dir='ltr'>fiduciam</span> 
     </span>
     <span class='ocr_line' id='line_1_73' title="bbox 1642 2056 2728 2121; baseline 0.005 -16"><span class='ocrx_word' id='word_1_381' title='bbox 1642 2064 1840 2106; x_wconf 85' lang='lat' dir='ltr'>certam</span> <span class='ocrx_word' id='word_1_382' title='bbox 1862 2056 2036 2119; x_wconf 76' lang='lat' dir='ltr'>animi,</span> <span class='ocrx_word' id='word_1_383' title='bbox 2068 2071 2170 2121; x_wconf 85' lang='lat' dir='ltr'>qua</span> <span class='ocrx_word' id='word_1_384' title='bbox 2206 2057 2259 2106; x_wconf 88' lang='lat' dir='ltr'>in</span> <span class='ocrx_word' id='word_1_385' title='bbox 2293 2056 2517 2106; x_wconf 82' lang='lat' dir='ltr'>futurum</span> <span class='ocrx_word' id='word_1_386' title='bbox 2548 2058 2728 2110; x_wconf 81' lang='lat' dir='ltr'>nobis</span> 
     </span>
     <span class='ocr_line' id='line_1_74' title="bbox 1643 2132 2731 2197; baseline 0.003 -16"><span class='ocrx_word' id='word_1_387' title='bbox 1643 2139 1747 2181; x_wconf 85' lang='lat' dir='ltr'>tam</span> <span class='ocrx_word' id='word_1_388' title='bbox 1770 2132 1989 2183; x_wconf 80' lang='lat' dir='ltr'>firmiter</span> <span class='ocrx_word' id='word_1_389' title='bbox 2023 2142 2077 2183; x_wconf 93' lang='lat' dir='ltr'>et</span> <span class='ocrx_word' id='word_1_390' title='bbox 2113 2133 2402 2183; x_wconf 82' lang='lat' dir='ltr'>indubitate</span> <span class='ocrx_word' id='word_1_391' title='bbox 2435 2135 2731 2197; x_wconf 83' lang='lat' dir='ltr'>promitti-</span> 
     </span>
     <span class='ocr_line' id='line_1_75' title="bbox 1640 2209 2736 2276; baseline 0.004 -18"><span class='ocrx_word' id='word_1_392' title='bbox 1640 2224 1757 2260; x_wconf 87' lang='lat' dir='ltr'>mus</span> <span class='ocrx_word' id='word_1_393' title='bbox 1797 2209 2011 2276; x_wconf 84' lang='lat' dir='ltr'>aliquid,</span> <span class='ocrx_word' id='word_1_394' title='bbox 2050 2218 2108 2261; x_wconf 91' lang='lat' dir='ltr'>ut</span> <span class='ocrx_word' id='word_1_395' title='bbox 2140 2211 2253 2275; x_wconf 81' lang='lat' dir='ltr'>jam</span> <span class='ocrx_word' id='word_1_396' title='bbox 2292 2212 2308 2239; x_wconf 77' lang='lat'><em>⁶</em></span> <span class='ocrx_word' id='word_1_397' title='bbox 2331 2225 2686 2276; x_wconf 61' lang='lat' dir='ltr'>praesumere,</span> <span class='ocrx_word' id='word_1_398' title='bbox 2711 2212 2736 2237; x_wconf 78' lang='lat'>²</span> 
     </span>
     <span class='ocr_line' id='line_1_76' title="bbox 1640 2289 2728 2353; baseline 0.004 -16"><span class='ocrx_word' id='word_1_399' title='bbox 1640 2302 1733 2337; x_wconf 89' lang='lat' dir='ltr'>seu</span> <span class='ocrx_word' id='word_1_400' title='bbox 1759 2296 1881 2339; x_wconf 86' lang='lat' dir='ltr'>aute</span> <span class='ocrx_word' id='word_1_401' title='bbox 1918 2303 2127 2353; x_wconf 85' lang='lat' dir='ltr'>capere,</span> <span class='ocrx_word' id='word_1_402' title='bbox 2150 2303 2231 2352; x_wconf 86' lang='lat' dir='ltr'>ac,</span> <span class='ocrx_word' id='word_1_403' title='bbox 2249 2289 2371 2339; x_wconf 85' lang='lat' dir='ltr'>licet</span> <span class='ocrx_word' id='word_1_404' title='bbox 2405 2302 2498 2352; x_wconf 87' lang='lat' dir='ltr'>spe</span> <span class='ocrx_word' id='word_1_405' title='bbox 2523 2295 2580 2337; x_wconf 87' lang='lat' dir='ltr'>et</span> <span class='ocrx_word' id='word_1_406' title='bbox 2615 2304 2728 2341; x_wconf 74' lang='lat' dir='ltr'>eo·</span> 
     </span>
     <span class='ocr_line' id='line_1_77' title="bbox 1639 2364 2733 2430; baseline 0.002 -15"><span class='ocrx_word' id='word_1_407' title='bbox 1639 2365 1892 2430; x_wconf 74' lang='lat' dir='ltr'>gitatlone</span> <span class='ocrx_word' id='word_1_408' title='bbox 1904 2372 2127 2428; x_wconf 80' lang='lat' dir='ltr'>tantum,</span> <span class='ocrx_word' id='word_1_409' title='bbox 2140 2364 2242 2415; x_wconf 82' lang='lat' dir='ltr'>frui</span> <span class='ocrx_word' id='word_1_410' title='bbox 2261 2366 2534 2416; x_wconf 83' lang='lat' dir='ltr'>videamur.</span> <span class='ocrx_word' id='word_1_411' title='bbox 2547 2365 2733 2419; x_wconf 72' lang='lat' dir='ltr'>Men-</span> 
     </span>
     <span class='ocr_line' id='line_1_78' title="bbox 1642 2441 2726 2506; baseline 0.003 -15"><span class='ocrx_word' id='word_1_412' title='bbox 1642 2441 1764 2492; x_wconf 86' lang='lat' dir='ltr'>dum</span> <span class='ocrx_word' id='word_1_413' title='bbox 1807 2450 1889 2493; x_wconf 77' lang='lat' dir='ltr'>est</span> <span class='ocrx_word' id='word_1_414' title='bbox 1921 2442 1973 2491; x_wconf 90' lang='lat' dir='ltr'>iu</span> <span class='ocrx_word' id='word_1_415' title='bbox 2012 2457 2127 2492; x_wconf 88' lang='lat' dir='ltr'>meo</span> <span class='ocrx_word' id='word_1_416' title='bbox 2154 2441 2353 2506; x_wconf 84' lang='lat' dir='ltr'>codice,</span> <span class='ocrx_word' id='word_1_417' title='bbox 2374 2450 2430 2492; x_wconf 84' lang='lat' dir='ltr'>et</span> <span class='ocrx_word' id='word_1_418' title='bbox 2463 2441 2517 2490; x_wconf 88' lang='lat' dir='ltr'>iu</span> <span class='ocrx_word' id='word_1_419' title='bbox 2557 2441 2726 2495; x_wconf 77' lang='lat' dir='ltr'>Rob.</span> 
     </span>
     <span class='ocr_line' id='line_1_79' title="bbox 1640 2519 2728 2584; baseline 0 -14"><span class='ocrx_word' id='word_1_420' title='bbox 1640 2519 1891 2584; x_wconf 80' lang='lat' dir='ltr'>Stephani</span> <span class='ocrx_word' id='word_1_421' title='bbox 1905 2520 2152 2578; x_wconf 80' lang='lat' dir='ltr'>editione,</span> <span class='ocrx_word' id='word_1_422' title='bbox 2166 2520 2256 2569; x_wconf 89' lang='lat' dir='ltr'>ubi</span> <span class='ocrx_word' id='word_1_423' title='bbox 2280 2534 2373 2584; x_wconf 89' lang='lat' dir='ltr'>pro</span> <span class='ocrx_word' id='word_1_424' title='bbox 2390 2520 2728 2583; x_wconf 67' lang='lat' dir='ltr'>proximaque</span> 
     </span>
     <span class='ocr_line' id='line_1_80' title="bbox 1642 2593 2722 2661; baseline 0.001 -15"><span class='ocrx_word' id='word_1_425' title='bbox 1642 2601 1725 2646; x_wconf 87' lang='lat' dir='ltr'>est</span> <span class='ocrx_word' id='word_1_426' title='bbox 1742 2597 2110 2661; x_wconf 69' lang='lat' dir='ltr'>proximamque.</span> <span class='ocrx_word' id='word_1_427' title='bbox 2174 2597 2325 2649; x_wconf 83' lang='lat' dir='ltr'>Quod</span> <span class='ocrx_word' id='word_1_428' title='bbox 2343 2593 2582 2645; x_wconf 87' lang='lat' dir='ltr'>mendum</span> <span class='ocrx_word' id='word_1_429' title='bbox 2597 2597 2722 2647; x_wconf 80' lang='lat' dir='ltr'>eti·</span> 
     </span>
     <span class='ocr_line' id='line_1_81' title="bbox 1643 2673 2720 2741; baseline 0.001 -18"><span class='ocrx_word' id='word_1_430' title='bbox 1643 2689 1725 2725; x_wconf 90' lang='lat' dir='ltr'>am</span> <span class='ocrx_word' id='word_1_431' title='bbox 1758 2673 1860 2725; x_wconf 85' lang='lat' dir='ltr'>fuit</span> <span class='ocrx_word' id='word_1_432' title='bbox 1880 2676 1932 2724; x_wconf 89' lang='lat' dir='ltr'>in</span> <span class='ocrx_word' id='word_1_433' title='bbox 1955 2676 2334 2741; x_wconf 79' lang='lat' dir='ltr'>Salisburgensi</span> <span class='ocrx_word' id='word_1_434' title='bbox 2356 2675 2570 2735; x_wconf 80' lang='lat' dir='ltr'>codice3</span> <span class='ocrx_word' id='word_1_435' title='bbox 2604 2674 2720 2726; x_wconf 77' lang='lat' dir='ltr'>sed</span> 
     </span>
     <span class='ocr_line' id='line_1_82' title="bbox 1645 2750 2589 2802; baseline 0 -2"><span class='ocrx_word' id='word_1_436' title='bbox 1645 2750 1712 2801; x_wconf 88' lang='lat' dir='ltr'>ab</span> <span class='ocrx_word' id='word_1_437' title='bbox 1733 2752 1835 2801; x_wconf 87' lang='lat' dir='ltr'>alia</span> <span class='ocrx_word' id='word_1_438' title='bbox 1857 2766 2009 2801; x_wconf 86' lang='lat' dir='ltr'>mauu</span> <span class='ocrx_word' id='word_1_439' title='bbox 2032 2758 2116 2802; x_wconf 86' lang='lat' dir='ltr'>est</span> <span class='ocrx_word' id='word_1_440' title='bbox 2136 2753 2413 2802; x_wconf 82' lang='lat' dir='ltr'>sublatum.</span> <span class='ocrx_word' id='word_1_441' title='bbox 2434 2751 2589 2800; x_wconf 67' lang='lat' dir='ltr'>Idem.</span> 
     </span>
    </p>

    <p class='ocr_par' dir='ltr' id='par_1_13' title="bbox 1635 2827 2721 4345">
     <span class='ocr_line' id='line_1_83' title="bbox 1710 2827 2716 2893; baseline 0.001 -16"><span class='ocrx_word' id='word_1_442' title='bbox 1710 2828 1830 2878; x_wconf 77' lang='lat' dir='ltr'>Tum</span> <span class='ocrx_word' id='word_1_443' title='bbox 1842 2829 2062 2879; x_wconf 75' lang='lat' dir='ltr'>imbecilli</span> <span class='ocrx_word' id='word_1_444' title='bbox 2084 2828 2297 2893; x_wconf 69' lang='lat' dir='ltr'>ingenis]</span> <span class='ocrx_word' id='word_1_445' title='bbox 2320 2827 2519 2879; x_wconf 86' lang='lat' dir='ltr'>Nescio</span> <span class='ocrx_word' id='word_1_446' title='bbox 2541 2841 2716 2892; x_wconf 73' lang='lat' dir='ltr'>quum</span> 
     </span>
     <span class='ocr_line' id='line_1_84' title="bbox 1643 2903 2721 2968; baseline 0.005 -18"><span class='ocrx_word' id='word_1_447' title='bbox 1643 2903 1951 2954; x_wconf 78' lang='lat' dir='ltr'>varietatem</span> <span class='ocrx_word' id='word_1_448' title='bbox 1987 2906 2037 2954; x_wconf 88' lang='lat' dir='ltr'>in</span> <span class='ocrx_word' id='word_1_449' title='bbox 2076 2904 2154 2954; x_wconf 90' lang='lat' dir='ltr'>bis</span> <span class='ocrx_word' id='word_1_450' title='bbox 2188 2904 2360 2954; x_wconf 80' lang='lat' dir='ltr'>verbis</span> <span class='ocrx_word' id='word_1_451' title='bbox 2394 2903 2721 2968; x_wconf 61' lang='lat' dir='ltr'>quesierint</span> 
     </span>
     <span class='ocr_line' id='line_1_85' title="bbox 1643 2977 2715 3043; baseline 0.006 -17"><span class='ocrx_word' id='word_1_452' title='bbox 1643 2977 1858 3029; x_wconf 84' lang='lat' dir='ltr'>librarii.</span> <span class='ocrx_word' id='word_1_453' title='bbox 1901 2981 1964 3031; x_wconf 85' lang='lat' dir='ltr'>In</span> <span class='ocrx_word' id='word_1_454' title='bbox 1986 2981 2168 3032; x_wconf 88' lang='lat' dir='ltr'>codice</span> <span class='ocrx_word' id='word_1_455' title='bbox 2189 2979 2465 3043; x_wconf 83' lang='lat' dir='ltr'>Patavino,</span> <span class='ocrx_word' id='word_1_456' title='bbox 2483 2986 2543 3032; x_wconf 89' lang='lat' dir='ltr'>et</span> <span class='ocrx_word' id='word_1_457' title='bbox 2563 2980 2715 3032; x_wconf 82' lang='lat' dir='ltr'>libro</span> 
     </span>
     <span class='ocr_line' id='line_1_86' title="bbox 1643 3053 2716 3120; baseline 0.006 -18"><span class='ocrx_word' id='word_1_458' title='bbox 1643 3053 1916 3120; x_wconf 79' lang='lat' dir='ltr'>vossiano,</span> <span class='ocrx_word' id='word_1_459' title='bbox 1940 3071 2033 3120; x_wconf 89' lang='lat' dir='ltr'>pro</span> <span class='ocrx_word' id='word_1_460' title='bbox 2067 3056 2307 3112; x_wconf 76' lang='lat' dir='ltr'>imbecilli,</span> <span class='ocrx_word' id='word_1_461' title='bbox 2329 3056 2583 3119; x_wconf 86' lang='lat' dir='ltr'>scriptum</span> <span class='ocrx_word' id='word_1_462' title='bbox 2617 3063 2716 3108; x_wconf 78' lang='lat' dir='ltr'>est</span> 
     </span>
     <span class='ocr_line' id='line_1_87' title="bbox 1639 3130 2715 3184; baseline 0.002 -2"><span class='ocrx_word' id='word_1_463' title='bbox 1639 3130 1854 3183; x_wconf 73' lang='lat' dir='ltr'>indocili.</span> <span class='ocrx_word' id='word_1_464' title='bbox 1919 3133 1983 3183; x_wconf 88' lang='lat' dir='ltr'>Iu</span> <span class='ocrx_word' id='word_1_465' title='bbox 2008 3134 2260 3183; x_wconf 82' lang='lat' dir='ltr'>Vaticano</span> <span class='ocrx_word' id='word_1_466' title='bbox 2290 3135 2439 3182; x_wconf 75' lang='lat'>3461.</span> <span class='ocrx_word' id='word_1_467' title='bbox 2460 3138 2518 3182; x_wconf 89' lang='lat' dir='ltr'>et</span> <span class='ocrx_word' id='word_1_468' title='bbox 2539 3132 2715 3184; x_wconf 81' lang='lat' dir='ltr'>Guel-</span> 
     </span>
     <span class='ocr_line' id='line_1_88' title="bbox 1644 3208 2711 3275; baseline 0.002 -18"><span class='ocrx_word' id='word_1_469' title='bbox 1644 3208 1985 3274; x_wconf 81' lang='lat' dir='ltr'>pberbytauo,</span> <span class='ocrx_word' id='word_1_470' title='bbox 2007 3209 2263 3259; x_wconf 65' lang='lat' dir='ltr'>modic-ello.</span> <span class='ocrx_word' id='word_1_471' title='bbox 2307 3208 2372 3258; x_wconf 86' lang='lat' dir='ltr'>In</span> <span class='ocrx_word' id='word_1_472' title='bbox 2395 3208 2711 3275; x_wconf 83' lang='lat' dir='ltr'>Parisiensi,</span> 
     </span>
     <span class='ocr_line' id='line_1_89' title="bbox 1640 3282 2713 3348; baseline 0.003 -15"><span class='ocrx_word' id='word_1_473' title='bbox 1640 3282 2041 3348; x_wconf 80' lang='lat' dir='ltr'>Salisburgeusi,</span> <span class='ocrx_word' id='word_1_474' title='bbox 2071 3285 2312 3348; x_wconf 86' lang='lat' dir='ltr'>Venetis,</span> <span class='ocrx_word' id='word_1_475' title='bbox 2346 3293 2401 3334; x_wconf 91' lang='lat' dir='ltr'>et</span> <span class='ocrx_word' id='word_1_476' title='bbox 2438 3298 2578 3342; x_wconf 82' lang='lat' dir='ltr'>meo,</span> <span class='ocrx_word' id='word_1_477' title='bbox 2602 3290 2713 3336; x_wconf 70' lang='lat' dir='ltr'>tan</span> 
     </span>
     <span class='ocr_line' id='line_1_90' title="bbox 1638 3360 2714 3424; baseline 0.002 -16"><span class='ocrx_word' id='word_1_478' title='bbox 1638 3360 1876 3411; x_wconf 66' lang='lat' dir='ltr'>modic-eui</span> <span class='ocrx_word' id='word_1_479' title='bbox 1905 3361 2107 3423; x_wconf 75' lang='lat' dir='ltr'>ingenii,</span> <span class='ocrx_word' id='word_1_480' title='bbox 2133 3361 2211 3410; x_wconf 80' lang='lat' dir='ltr'>vel</span> <span class='ocrx_word' id='word_1_481' title='bbox 2232 3360 2467 3410; x_wconf 74' lang='lat' dir='ltr'>modicillo</span> <span class='ocrx_word' id='word_1_482' title='bbox 2491 3361 2714 3424; x_wconf 67' lang='lat' dir='ltr'>ingenio.</span> 
     </span>
     <span class='ocr_line' id='line_1_91' title="bbox 1639 3435 2713 3502; baseline 0.004 -17"><span class='ocrx_word' id='word_1_483' title='bbox 1639 3436 1898 3500; x_wconf 87' lang='lat' dir='ltr'>Equidem</span> <span class='ocrx_word' id='word_1_484' title='bbox 1920 3437 2182 3486; x_wconf 85' lang='lat' dir='ltr'>‘indocilis</span> <span class='ocrx_word' id='word_1_485' title='bbox 2203 3435 2220 3460; x_wconf 86' lang='lat'>’</span> <span class='ocrx_word' id='word_1_486' title='bbox 2241 3444 2318 3486; x_wconf 88' lang='lat' dir='ltr'>est</span> <span class='ocrx_word' id='word_1_487' title='bbox 2358 3450 2460 3485; x_wconf 81' lang='lat' dir='ltr'>vox</span> <span class='ocrx_word' id='word_1_488' title='bbox 2493 3438 2713 3502; x_wconf 81' lang='lat' dir='ltr'>usitata,</span> 
     </span>
     <span class='ocr_line' id='line_1_92' title="bbox 1640 3512 2708 3576; baseline 0.002 -15"><span class='ocrx_word' id='word_1_489' title='bbox 1640 3526 1811 3576; x_wconf 85' lang='lat' dir='ltr'>neque</span> <span class='ocrx_word' id='word_1_490' title='bbox 1834 3512 1953 3563; x_wconf 77' lang='lat' dir='ltr'>huic</span> <span class='ocrx_word' id='word_1_491' title='bbox 1977 3514 2091 3563; x_wconf 90' lang='lat' dir='ltr'>loco</span> <span class='ocrx_word' id='word_1_492' title='bbox 2112 3512 2488 3575; x_wconf 78' lang='lat' dir='ltr'>incongrueus;</span> <span class='ocrx_word' id='word_1_493' title='bbox 2522 3520 2579 3563; x_wconf 88' lang='lat' dir='ltr'>at</span> <span class='ocrx_word' id='word_1_494' title='bbox 2599 3528 2708 3563; x_wconf 79' lang='lat' dir='ltr'>vox</span> 
     </span>
     <span class='ocr_line' id='line_1_93' title="bbox 1639 3588 2701 3654; baseline 0.002 -16"><span class='ocrx_word' id='word_1_495' title='bbox 1639 3588 1992 3639; x_wconf 85' lang='lat' dir='ltr'>‘modicillus’</span> <span class='ocrx_word' id='word_1_496' title='bbox 2032 3589 2215 3654; x_wconf 84' lang='lat' dir='ltr'>utique</span> <span class='ocrx_word' id='word_1_497' title='bbox 2258 3589 2424 3638; x_wconf 84' lang='lat' dir='ltr'>rarior</span> <span class='ocrx_word' id='word_1_498' title='bbox 2477 3596 2584 3647; x_wconf 88' lang='lat' dir='ltr'>est,</span> <span class='ocrx_word' id='word_1_499' title='bbox 2628 3596 2701 3652; x_wconf 88' lang='lat' dir='ltr'>et,</span> 
     </span>
     <span class='ocr_line' id='line_1_94' title="bbox 1640 3667 2702 3731; baseline 0.004 -18"><span class='ocrx_word' id='word_1_500' title='bbox 1640 3675 1887 3730; x_wconf 80' lang='lat' dir='ltr'>quantum</span> <span class='ocrx_word' id='word_1_501' title='bbox 1924 3674 2148 3728; x_wconf 84' lang='lat' dir='ltr'>constat,</span> <span class='ocrx_word' id='word_1_502' title='bbox 2169 3667 2429 3731; x_wconf 82' lang='lat' dir='ltr'>bucusque</span> <span class='ocrx_word' id='word_1_503' title='bbox 2456 3680 2526 3715; x_wconf 87' lang='lat' dir='ltr'>ex</span> <span class='ocrx_word' id='word_1_504' title='bbox 2548 3668 2702 3717; x_wconf 87' lang='lat' dir='ltr'>unico</span> 
     </span>
     <span class='ocr_line' id='line_1_95' title="bbox 1637 3740 2702 3806; baseline 0.002 -15"><span class='ocrx_word' id='word_1_505' title='bbox 1637 3740 1878 3792; x_wconf 84' lang='lat' dir='ltr'>Suetonii</span> <span class='ocrx_word' id='word_1_506' title='bbox 1894 3744 2009 3793; x_wconf 91' lang='lat' dir='ltr'>loco</span> <span class='ocrx_word' id='word_1_507' title='bbox 2020 3743 2225 3806; x_wconf 77' lang='lat' dir='ltr'>cognita</span> <span class='ocrx_word' id='word_1_508' title='bbox 2239 3759 2258 3804; x_wconf 70' lang='grc' dir='ltr'><strong><em>ς</em></strong></span> <span class='ocrx_word' id='word_1_509' title='bbox 2274 3742 2364 3791; x_wconf 86' lang='lat' dir='ltr'>ubi</span> <span class='ocrx_word' id='word_1_510' title='bbox 2381 3743 2433 3790; x_wconf 84' lang='lat' dir='ltr'>in</span> <span class='ocrx_word' id='word_1_511' title='bbox 2446 3742 2579 3793; x_wconf 80' lang='lat' dir='ltr'>Vita</span> <span class='ocrx_word' id='word_1_512' title='bbox 2594 3741 2702 3793; x_wconf 85' lang='lat' dir='ltr'>Ne·</span> 
     </span>
     <span class='ocr_line' id='line_1_96' title="bbox 1642 3818 2700 3887; baseline 0.002 -20"><span class='ocrx_word' id='word_1_513' title='bbox 1642 3818 1861 3879; x_wconf 87' lang='lat' dir='ltr'>ronis,c.</span> <span class='ocrx_word' id='word_1_514' title='bbox 1882 3823 1966 3869; x_wconf 78' lang='grc'>48.</span> <span class='ocrx_word' id='word_1_515' title='bbox 1987 3819 2197 3883; x_wconf 81' lang='lat' dir='ltr'>legitur,</span> <span class='ocrx_word' id='word_1_516' title='bbox 2216 3826 2231 3848; x_wconf 82' lang='lat'><strong><em>¹</em></strong></span> <span class='ocrx_word' id='word_1_517' title='bbox 2253 3819 2520 3887; x_wconf 79' lang='lat' dir='ltr'>Decubuit</span> <span class='ocrx_word' id='word_1_518' title='bbox 2542 3833 2700 3884; x_wconf 85' lang='lat' dir='ltr'>snper</span> 
     </span>
     <span class='ocr_line' id='line_1_97' title="bbox 1640 3895 2698 3960; baseline 0.003 -16"><span class='ocrx_word' id='word_1_519' title='bbox 1640 3895 1835 3945; x_wconf 85' lang='lat' dir='ltr'>lectum</span> <span class='ocrx_word' id='word_1_520' title='bbox 1875 3896 2152 3947; x_wconf 85' lang='lat' dir='ltr'>modicella</span> <span class='ocrx_word' id='word_1_521' title='bbox 2193 3895 2483 3958; x_wconf 77' lang='lat' dir='ltr'>culcitra3&#39;</span> <span class='ocrx_word' id='word_1_522' title='bbox 2540 3911 2698 3960; x_wconf 85' lang='lat' dir='ltr'>quan·</span> 
     </span>
     <span class='ocr_line' id='line_1_98' title="bbox 1639 3970 2699 4036; baseline 0.002 -15"><span class='ocrx_word' id='word_1_523' title='bbox 1639 3985 1792 4035; x_wconf 83' lang='lat' dir='ltr'>quam</span> <span class='ocrx_word' id='word_1_524' title='bbox 1837 3978 1898 4023; x_wconf 90' lang='lat' dir='ltr'>et</span> <span class='ocrx_word' id='word_1_525' title='bbox 1930 3971 2016 4022; x_wconf 91' lang='lat' dir='ltr'>bic</span> <span class='ocrx_word' id='word_1_526' title='bbox 2057 3973 2203 4022; x_wconf 83' lang='lat' dir='ltr'>locus</span> <span class='ocrx_word' id='word_1_527' title='bbox 2241 3970 2424 4020; x_wconf 86' lang='lat' dir='ltr'>dubius</span> <span class='ocrx_word' id='word_1_528' title='bbox 2472 3972 2699 4036; x_wconf 74' lang='lat' dir='ltr'>videtur,</span> 
     </span>
     <span class='ocr_line' id='line_1_99' title="bbox 1640 4048 2698 4112; baseline 0.001 -16"><span class='ocrx_word' id='word_1_529' title='bbox 1640 4061 1775 4105; x_wconf 84' lang='lat' dir='ltr'>cum,</span> <span class='ocrx_word' id='word_1_530' title='bbox 1807 4054 1943 4098; x_wconf 85' lang='lat' dir='ltr'>teste</span> <span class='ocrx_word' id='word_1_531' title='bbox 1971 4049 2266 4110; x_wconf 84' lang='lat' dir='ltr'>Torrentio,</span> <span class='ocrx_word' id='word_1_532' title='bbox 2303 4048 2536 4112; x_wconf 84' lang='lat' dir='ltr'>itemque</span> <span class='ocrx_word' id='word_1_533' title='bbox 2565 4049 2698 4099; x_wconf 88' lang='lat' dir='ltr'>Bur-</span> 
     </span>
     <span class='ocr_line' id='line_1_100' title="bbox 1638 4122 2695 4190; baseline -0.002 -12"><span class='ocrx_word' id='word_1_534' title='bbox 1638 4139 1846 4188; x_wconf 78' lang='lat' dir='ltr'>manno,</span> <span class='ocrx_word' id='word_1_535' title='bbox 1880 4138 1984 4174; x_wconf 87' lang='lat' dir='ltr'>uon</span> <span class='ocrx_word' id='word_1_536' title='bbox 2020 4125 2173 4190; x_wconf 85' lang='lat' dir='ltr'>pauci</span> <span class='ocrx_word' id='word_1_537' title='bbox 2213 4122 2332 4173; x_wconf 86' lang='lat' dir='ltr'>libri</span> <span class='ocrx_word' id='word_1_538' title='bbox 2365 4123 2441 4174; x_wconf 86' lang='lat' dir='ltr'>ibi</span> <span class='ocrx_word' id='word_1_539' title='bbox 2473 4124 2695 4176; x_wconf 83' lang='lat' dir='ltr'>babeant</span> 
     </span>
     <span class='ocr_line' id='line_1_101' title="bbox 1635 4202 2694 4266; baseline 0.001 -14"><span class='ocrx_word' id='word_1_540' title='bbox 1635 4203 1835 4253; x_wconf 78' lang='lat' dir='ltr'>modica.</span> <span class='ocrx_word' id='word_1_541' title='bbox 1864 4202 2139 4266; x_wconf 86' lang='lat' dir='ltr'>Utcunque</span> <span class='ocrx_word' id='word_1_542' title='bbox 2162 4208 2261 4265; x_wconf 86' lang='lat' dir='ltr'>est,</span> <span class='ocrx_word' id='word_1_543' title='bbox 2281 4211 2382 4250; x_wconf 89' lang='lat' dir='ltr'>non</span> <span class='ocrx_word' id='word_1_544' title='bbox 2400 4203 2530 4253; x_wconf 87' lang='lat' dir='ltr'>satis</span> <span class='ocrx_word' id='word_1_545' title='bbox 2554 4217 2694 4253; x_wconf 86' lang='lat' dir='ltr'>caus·</span> 
     </span>
     <span class='ocr_line' id='line_1_102' title="bbox 1635 4278 2696 4345; baseline 0 -14"><span class='ocrx_word' id='word_1_546' title='bbox 1635 4292 1709 4330; x_wconf 65' lang='grc' dir='ltr'>ιω</span> <span class='ocrx_word' id='word_1_547' title='bbox 1743 4278 1917 4340; x_wconf 81' lang='lat' dir='ltr'>video,</span> <span class='ocrx_word' id='word_1_548' title='bbox 1950 4291 2043 4331; x_wconf 89' lang='lat' dir='ltr'>cur</span> <span class='ocrx_word' id='word_1_549' title='bbox 2094 4278 2371 4330; x_wconf 80' lang='lat' dir='ltr'>lectionem</span> <span class='ocrx_word' id='word_1_550' title='bbox 2424 4279 2696 4345; x_wconf 69' lang='lat' dir='ltr'>vulgatam,</span> 
     </span>
    </p>
   </div>
   <div class='ocr_carea' id='block_1_9' title="bbox 2987 587 2989 1188">
    <p class='ocr_par' dir='ltr' id='par_1_14' title="bbox 2987 587 2989 1188">
     <span class='ocr_line' id='line_1_103' title="bbox 2987 587 2989 1188; baseline 0 0"><span class='ocrx_word' id='word_1_551' title='bbox 2987 587 2989 1188; x_wconf 95' lang='lat' dir='ltr'> </span> 
     </span>
    </p>
   </div>
   <div class='ocr_carea' id='block_1_10' title="bbox 2987 1445 2989 1976">
    <p class='ocr_par' dir='ltr' id='par_1_15' title="bbox 2987 1445 2989 1976">
     <span class='ocr_line' id='line_1_104' title="bbox 2987 1445 2989 1976; baseline 0 0"><span class='ocrx_word' id='word_1_552' title='bbox 2987 1445 2989 1976; x_wconf 95' lang='lat' dir='ltr'> </span> 
     </span>
    </p>
   </div>
   <div class='ocr_carea' id='block_1_11' title="bbox 2987 3433 2989 4789">
    <p class='ocr_par' dir='ltr' id='par_1_16' title="bbox 2987 3433 2989 4789">
     <span class='ocr_line' id='line_1_105' title="bbox 2987 3433 2989 4789; baseline 0 0"><span class='ocrx_word' id='word_1_553' title='bbox 2987 3433 2989 4789; x_wconf 95' lang='lat' dir='ltr'> </span> 
     </span>
    </p>
   </div>
  </div>
 </body>
</html>
