3017 4942
444 360 577 428 684

445 522 675 585 miscuit,
708 520 1054 587 principatum
1094 535 1156 573 ac
1191 521 1508 586 libertatem,

445 610 707 666 augetque
738 598 972 664 quotidie
1004 596 1311 649 felicitatem
1345 600 1507 664 impe·

446 679 513 728 rii
547 679 728 728 Nerva
754 675 1023 740 Traianus,
1043 689 1142 726 nec
1175 689 1319 738 spem
1354 676 1508 726 modo

447 769 511 805 ac
545 759 720 804 votum
756 753 1009 803 securitas
1044 751 1272 817 publica,
1303 752 1395 803 sed
1431 753 1506 816 ip·

446 834 554 884 sius
589 833 698 883 voti
727 830 970 882 fiduciam
1004 846 1067 882 ac
1104 831 1277 887 robur,
1311 845 1506 883 assum·

443 910 550 963 sit.’
596 911 667 961 Et
689 910 800 973 ipse
822 909 1072 973 Trajanus
1094 908 1161 959 ad
1182 908 1322 962 Plin.
1336 910 1508 975 Epist.

444 998 503 1039 x.
550 992 634 1039 86.
675 987 692 1014 ‘
717 988 1047 1052 Propositum
1099 1001 1268 1038 meum
1309 989 1507 1052 optime

441 1066 598 1123 nosti,
631 1078 735 1114 non
767 1078 831 1115 ex
869 1070 1011 1114 metu
1050 1078 1146 1114 nec
1185 1070 1382 1115 terrore
1416 1065 1506 1115 ho·

440 1143 654 1199 minum.
697 1149 788 1192 aut
841 1141 1144 1192 criminibus
1199 1143 1506 1207 majestatis,

439 1219 788 1271 reverentiam
840 1218 1032 1269 nomini
1088 1232 1202 1269 meo
1254 1217 1507 1283 acquiri.’

439 1293 610 1347 Recte
633 1285 805 1346 tamen
829 1294 1190 1358 Gundlingius‚
1209 1296 1263 1345 in
1292 1295 1507 1347 laudata

441 1372 811 1423 dissertatione
833 1385 872 1421 ι.
894 1376 976 1423 82.
1003 1372 1177 1423 ‘Cav'e
1211 1373 1400 1438 putes,'
1430 1374 1506 1423 in·

441 1452 574 1516 quit,
594 1451 609 1479 ‘
627 1450 906 1515 Trajannm
931 1455 1092 1500 totam
1117 1451 1286 1515 legem
1308 1450 1504 1504 Juliam

441 1528 730 1595 majestatis
767 1528 1066 1592 sustulisse;
1099 1529 1287 1593 rejecit
1320 1530 1410 1580 ille
1434 1531 1505 1581 le·

441 1607 612 1657 viores
647 1620 855 1657 caussas
894 1613 952 1657 et
988 1607 1212 1671 species,
1250 1623 1370 1674 quse
1408 1607 1507 1659 sub

441 1682 663 1735 obtentu
708 1683 1013 1748 principalis
1047 1685 1401 1735 venerationis
1420 1684 1507 1736 ·ad

438 1762 609 1827 legem
628 1761 823 1812 Juliam
846 1760 1223 1811 trahebantur!
1259 1761 1413 1812 Iden.

506 1838 817 1900 majestatem
835 1835 1166 1899 vindicabat]
1191 1838 1378 1888 Potest
1392 1838 1504 1904 qui.

441 1913 563 1963 dem
603 1913 818 1979 quisque
869 1912 1132 1977 imperans
1182 1913 1507 1977 majestatem

440 1987 543 2039 sibi
576 1989 701 2052 jure
737 1987 1028 2053 meritoque
1065 1987 1371 2049 vindicare;
1418 2003 1506 2041 ves

440 2070 556 2119 rum
589 2082 654 2118 ex
684 2067 842 2132 justis
875 2065 1267 2134 manifestisque
1289 2070 1507 2129 caussis,

441 2152 499 2195 et
533 2158 601 2195 ex
646 2145 878 2195 utilitate
918 2145 1253 2212 reipublicoeg
1295 2163 1397 2199 non
1437 2163 1507 2199 ex

440 2220 658 2272 libidine
691 2230 746 2273 et
779 2223 1003 2287 sevitia,
1023 2238 1196 2290 neque
1219 2239 1284 2274 ex
1307 2226 1506 2277 levissi-

438 2300 538 2350 mis
561 2300 863 2364 rationibus,
886 2316 1055 2368 neque
1078 2317 1144 2354 ex
1164 2302 1312 2354 falsis
1333 2304 1508 2377 crimi-

439 2376 755 2437 nationibus,
775 2391 900 2443 quas
924 2379 1273 2444 sequebantur
1296 2380 1504 2445 tyranni

439 2458 499 2502 et
538 2454 657 2503 mali
693 2454 977 2520 principes.
1042 2454 1108 2505 Iu
1143 2456 1324 2506 codice
1355 2458 1500 2507 Pari·

436 2528 595 2579 siensi
637 2535 693 2580 et
728 2531 1212 2597 Guelpberbytauo,
1249 2534 1504 2599 scriptum

438 2613 524 2655 cst
552 2606 900 2665 vendicabunt&
931 2607 1021 2657 sed
1058 2621 1153 2671 pro
1186 2621 1331 2659 more
1366 2610 1503 2659 codi-

434 2695 557 2731 cum
611 2684 1000 2735 mendosorum.
1066 2684 1219 2734 Vide:
1247 2686 1504 2736 Priscian.

439 2751 611 2811 xv'm.
643 2777 696 2823 p.
736 2765 883 2812 1208.
919 2769 979 2813 et
1009 2763 1217 2829 Dausq.
1252 2764 1504 2829 Orthogr.

441 2837 543 2888 vol.
565 2850 632 2887 u.
656 2853 707 2903 p.
730 2842 845 2889 882.
876 2840 1031 2890 Idem.

504 2913 715 2978 Amicis]
749 2916 856 2968 Qui
879 2931 1014 2968 nunc
1038 2918 1260 2970 amicum
1283 2932 1386 2969 non
1409 2918 1501 2969 de·
1528 2960 1534 2966 .

437 2988 632 3041 ferunt.
663 2992 798 3056 Lips.

499 3067 685 3119 Amicis
697 3069 856 3135 fides]
888 3071 1005 3122 Cic.
1037 3071 1091 3120 in
1120 3073 1301 3135 Laelio,
1334 3087 1382 3125 c.
1419 3077 1500 3124 18.

436 3144 454 3174 ⁸
476 3145 882 3198 Firmamentum
920 3149 1222 3200 stabilitatis
1259 3157 1501 3201 constan·

436 3221 628 3289 tioeque
650 3223 789 3288 ejus,
806 3239 961 3290 quam
982 3225 1034 3275 in
1063 3227 1291 3277 amicitia
1314 3229 1501 3292 quoeri·

436 3311 569 3355 snus‚
605 3296 738 3351 tides
775 3308 876 3352 est.
945 3300 1091 3352 Nihil
1133 3303 1271 3353 enim
1308 3297 1502 3355 stabile

432 3380 537 3432 est.
557 3375 698 3441 quod
723 3375 936 3428 infidum
959 3377 1079 3430 est.'
1142 3379 1237 3429 Uti
1272 3388 1447 3431 autem
1468 3396 1500 3433 a

434 3452 583 3501 malis
607 3451 927 3518 principibus
958 3454 1327 3508 excitabantur
1356 3458 1501 3510 iden-

434 3526 598 3579 tidem
621 3529 796 3592 amici,
818 3536 878 3587 nt
899 3543 956 3580 se
986 3531 1207 3583 invicem
1239 3548 1359 3584 reos
1379 3550 1502 3600 age·

432 3610 586 3667 rent;
631 3605 706 3655 ita
750 3613 808 3656 et
850 3605 1001 3658 liberi
1043 3608 1096 3658 in
1139 3617 1405 3675 parentes,
1439 3625 1502 3663 ac

432 3681 573 3730 servi
610 3681 663 3732 iu
697 3680 947 3746 dominos,
981 3684 1332 3736 armabantur.
1396 3689 1501 3738 Mt·

435 3755 682 3807 seriarum
705 3767 759 3807 et
776 3758 992 3810 sevitiae
1018 3762 1321 3826 exemplum
1334 3771 1504 3828 atrox,

436 3845 627 3898 nempe
663 3835 679 3863 ‘
707 3848 848 3885 reum
885 3843 1108 3901 patrem,
1141 3847 1501 3893 accusatorem

371 3905 374 3909 ’
435 3907 638 3975 filium‚’
659 3926 690 3962 e
711 3912 912 3964 Tiberii
937 3917 1129 3967 saecnlo
1155 3915 1317 3968 refert
1333 3919 1500 3971 Tacit.

435 3983 626 4036 Annal.
648 4000 726 4039 tv.
745 3994 828 4040 28.
855 4005 951 4041 nec
986 3993 1154 4043 minus
1186 3994 1385 4060 insigne
1409 4011 1499 4046 ex·

431 4066 660 4130 emplum
679 4066 919 4130 perfidia&
935 4069 1236 4133 amicorum,
1252 4080 1305 4130 et
1326 4073 1498 4122 occul·

437 4152 607 4196 tarum
632 4145 1024 4210 calumniarum,
1047 4149 1183 4199 idem
1209 4157 1359 4200 notat
1380 4151 1498 4214 cap'.

432 4225 518 4271 68.
547 4220 777 4286 ejusdem
819 4222 954 4275 libri.
1019 4225 1284 4276 Tradente
1320 4227 1500 4290 Suida,

436 4298 534 4351 sub
581 4311 703 4349 voce
747 4296 902 4357 Γάϊός,
945 4300 1182 4365 Caligula
1231 4317 1497 4354 servorum

1149 377 1369 428 1⁸01·AE
1416 377 1827 430 vammum
1878 379 1956 430 tt(

1584 523 1902 575 dominatum
1938 522 2189 590 instituit,
2214 523 2328 589 lege
2361 525 2486 583 lata,
2507 530 2572 577 ut
2593 525 2657 577 iia

1583 598 1819 651 dominos
1842 616 2089 653 accusare
2111 602 2313 659 liceret,
2334 602 2377 652 si
2401 603 2538 668 quod
2565 619 2656 654 eo·

1584 692 1697 728 rum
1739 686 2011 743 peccatum
2058 678 2333 743 vidissent,
2373 688 2429 730 et
2473 694 2541 729 ex
2584 695 2655 732 eo

1582 768 1770 818 magna
1792 756 2057 806 ealamitas
2090 756 2265 807 orbem
2302 763 2554 808 terrarum
2574 758 2658 808 in·

1584 831 1735 892 nsit,
1778 846 1895 882 cum
1940 832 2077 884 servi
2128 833 2327 897 magnis
2380 832 2655 898 suppliciis

1582 906 1818 958 dominos
1844 908 2183 972 subjicerent.
2247 909 2447 960 Contra
2467 918 2656 960 auctor

1583 990 1665 1034 est
1689 984 1789 1033 Dio
1813 984 1902 1035 lib.
1923 998 2127 1037 nxvnr.
2153 990 2343 1049 patio.
2365 987 2478 1050 jam
2514 988 2656 1038 Ner·

1582 1076 1699 1111 vam
1726 1062 1946 1123 cavisse,
1966 1077 2032 1113 ne
2064 1063 2228 1114 servis
2264 1063 2459 1115 crimen
2493 1064 2653 1115 ullius

1583 1136 1826 1189 facinoris
1862 1140 2046 1191 liceret
2066 1140 2286 1191 dominis
2320 1139 2533 1192 inferre.
2600 1142 2655 1191 A

1583 1215 1636 1264 N
1640 1228 1768 1264 erra
1786 1215 2065 1281 adoptatus
2082 1217 2328 1283 Trajanus
2350 1217 2525 1268 omnia
2548 1217 2655 1268 ista

1582 1291 1636 1342 in
1682 1294 1948 1345 meliorem
1991 1295 2226 1346 ordinem
2267 1294 2493 1358 redegit.
2556 1295 2652 1346 Sic

1583 1376 1641 1419 et
1661 1370 1915 1433 Vopiscus
1949 1372 2001 1422 in
2034 1372 2240 1428 Tacito,
2264 1386 2311 1422 c.
2332 1376 2381 1421 9.
2403 1377 2654 1430 testatur,

1582 1446 1821 1497 Tacitum
1846 1461 2054 1513 quoque
2075 1450 2295 1505 cavisse,
2312 1448 2328 1476 ‘
2346 1462 2408 1497 ne
2433 1448 2572 1499 servi
2595 1449 2652 1499 in

1584 1523 1907 1575 dominorum
1948 1526 2129 1591 eapita
2181 1527 2655 1590 interrogarentur,

1583 1615 1651 1651 ne
1704 1602 1759 1653 in
1814 1617 1998 1654 caussa
2051 1603 2347 1669 majestatis
2394 1603 2655 1670 quidem.’

1580 1677 1823 1730 Solem.

1646 1756 1865 1824 Liberis]
1897 1758 2002 1810 Qui
2025 1758 2207 1826 stipsi
2236 1758 2572 1811 armabantur
2593 1757 2651 1808 in

1581 1842 1842 1900 parentes.
1876 1835 2014 1899 Πρω.

1659 1911 1949 1976 Obsequium
1988 1911 2163 1978 seruis]
2229 1911 2333 1966 Qui
2379 1918 2538 1964 antea
2580 1925 2653 1961 ex

1579 2002 1672 2054 spe
1697 1990 1895 2054 praemii
1917 1990 2146 2040 dominos
2164 1989 2649 2051 calumniabantur3

1580 2065 1721 2131 quod
1758 2081 1919 2131 genus
1956 2066 2239 2125 hominum,
2274 2066 2449 2118 Dione
2488 2072 2651 2129 teste,

1582 2144 1760 2195 Nerva
1792 2144 1859 2195 ad
1887 2160 2048 2195 unum
2072 2145 2236 2209 jussit
2258 2144 2451 2196 occidi.
2495 2145 2653 2197 Puta·

1580 2222 1673 2271 rol.

1644 2296 1835 2363 Servis]
1867 2300 2075 2350 Passim
2116 2300 2167 2350 in
2209 2300 2445 2351 dominos
2479 2300 2652 2351 insur-

1581 2374 1797 2439 gebant,
1814 2384 1868 2426 et
1892 2377 2203 2428 territabant
2225 2377 2518 2429 accusaturi
2541 2390 2653 2427 tna·

1571 2450 1810 2515 jestatis.
1842 2451 1976 2517 Lips.

1644 2528 1878 2578 Dominus
1915 2528 2113 2594 hubent]
2167 2528 2229 2578 In
2275 2527 2440 2593 primo
2481 2527 2651 2580 Gudii

1578 2603 1713 2656 libro
1737 2605 1941 2669 aliquis,
1962 2620 1992 2655 e
2016 2606 2342 2670 conjectura,
2357 2613 2415 2655 nt
2438 2605 2646 2670 opinor,

1578 2682 1869 2744 annotavit,
1905 2696 2001 2747 pro
2035 2683 2197 2732 verbo
2232 2682 2425 2739 liabent.
2470 2683 2648 2748 legen·

1579 2757 1703 2808 dum
1725 2772 1836 2808 esse
1857 2764 2038 2809 amant.
2104 2759 2205 2809 Sed
2241 2759 2502 2811 correctio
2530 2759 2649 2809 hate

1577 2833 1713 2886 foret
1735 2850 2143 2900 supervacanea.
2195 2837 2346 2888 Servi
2369 2838 2505 2887 enim
2530 2852 2648 2888 rec·

1577 2918 1634 2961 ta
1671 2911 1919 2963 dicuntur
1961 2916 1976 2943 ⁶
2001 2912 2191 2962 habere
2233 2910 2520 2976 dominos,’
2555 2913 2649 2977 qui

1576 3002 1668 3039 eos
1709 2988 1908 3039 habent
1943 2988 2115 3048 heros,
2150 2988 2339 3054 quibus
2381 3004 2484 3040 non
2528 2990 2649 3040 illn-

1575 3065 1725 3131 dant,
1743 3080 1843 3117 nec
1864 3080 1993 3132 quos
2012 3063 2160 3117 falsis
2189 3066 2327 3129 apud
2353 3066 2647 3131 principem

1576 3144 1995 3194 accusationibus
2030 3149 2297 3205 terreant3
2340 3141 2432 3193 sed
2466 3156 2506 3191 a
2531 3142 2649 3207 qui·

1575 3218 1672 3268 bus
1694 3219 1795 3283 ipsi
1817 3217 2181 3279 coerceantur,
2200 3217 2467 3281 poenisque
2487 3216 2647 3267 meri-

1575 3295 1645 3346 tis
1674 3293 1986 3346 afficiantur.
2053 3294 2293 3344 Excessit
2326 3308 2450 3344 vero
2483 3294 2647 3345 Tibe-

1575 3372 1684 3423 rius
1707 3372 1989 3436 imperator
2021 3385 2226 3422 omnem
2247 3370 2516 3422 civilitatis
2549 3371 2648 3421 lia-

1575 3451 1941 3517 nsanitatisque
1974 3449 2204 3514 modum,
2234 3449 2344 3515 qui,
2377 3447 2647 3499 referente

1576 3527 1792 3578 Sueton.
1830 3541 1880 3577 c.
1916 3529 2000 3576 2⁹.
2038 3526 2176 3576 inter
2212 3524 2314 3575 alia
2350 3525 2427 3574 liis
2469 3524 2647 3576 verbis

1577 3605 1834 3655 allocutus
1886 3611 1971 3653 est
2025 3611 2263 3653 senatum
2313 3603 2603 3653 Romanum
2628 3618 2647 3654 t

1573 3683 1591 3713 ‘
1616 3683 1685 3732 Et
1727 3681 1907 3737 bonos,
1950 3686 2008 3730 et
2050 3693 2248 3745 equos,
2292 3686 2349 3730 et
2403 3678 2647 3730 faventes

1574 3775 1670 3810 vos
1701 3758 1859 3808 habui
1883 3757 2136 3817 dominos,
2158 3764 2213 3806 et
2246 3756 2414 3807 adhuc
2440 3756 2646 3810 habeo?

1577 3838 1820 3889 Schmun.

1641 3914 1786 3965 Serui
1818 3910 1998 3976 nostri]
2035 3910 2275 3963 Antehac
2318 3910 2370 3961 in
2409 3911 2644 3964 omnibus

1572 3992 1724 4043 libris
1766 3990 1991 4046 excusis,
2024 3998 2220 4055 praeter
2260 3988 2644 4040 Gesneriauum

1573 4079 1631 4121 et
1666 4067 2089 4124 Arum-nanum,
2120 4066 2208 4132 qni
2241 4066 2429 4117 nostris
2462 4066 2645 4117 obser·

1577 4145 1869 4197 rationibus
1893 4141 2149 4193 Plinianis
2174 4143 2252 4192 nsi
2284 4150 2425 4206 sunt,
2445 4143 2526 4192 hae
2552 4158 2642 4193 vo-

1576 4235 1665 4273 ces
1700 4221 1880 4270 ordine
1915 4220 2105 4269 leviter
2143 4220 2350 4269 inverso
2394 4220 2642 4284 legeban-

1576 4307 1681 4364 tur,
1704 4297 1815 4348 Non
1832 4295 2076 4358 enimjcm
2096 4296 2223 4347 servi
2241 4296 2472 4362 princip&
2490 4298 2649 4348 nostri
