3017 4942
712 376 1071 463 cssrnmu
1122 413 1453 475 saeuum
1509 414 1786 463 pauno.
1861 414 1910 462 1.
1936 398 2055 462 74.

270 552 384 621 ista
414 552 590 619 verba,
615 559 701 604 aut
732 555 791 605 de
822 570 888 613 se,
921 555 1025 605 sint
1058 555 1348 615 retinenda,

271 630 455 679 nescio
493 645 557 678 an
593 630 667 679 sic
701 627 925 680 fortasse
957 632 1206 697 explicari
1230 644 1349 694 pos-

270 705 419 755 sint:
459 708 584 763 Quis
623 707 886 771 princeps,
918 709 1256 758 mediocriter
1295 722 1349 756 a·

272 790 552 848 mans‚aat
582 787 642 836 de
669 800 741 847 se,
763 787 859 834 boc
897 786 1119 850 diceret,
1149 787 1236 836 Sic
1266 803 1348 836 me

270 870 457 911 ament
490 862 600 923 Dii,
630 862 1059 927 quemadmodum
1095 878 1192 927 ego
1227 879 1347 925 νοις

269 945 360 995 aut
385 941 494 1005 qais
516 941 643 990 alins
668 941 848 991 dic-eret
876 942 1084 1004 principi
1104 942 1346 993 acediam·-

270 1023 354 1071 ter
384 1019 585 1078 amanti,
618 1018 704 1067 Sic
729 1023 779 1069 te
802 1025 965 1069 ament
986 1020 1097 1080 Dii,
1129 1021 1349 1082 quemad·

272 1097 470 1147 madum
503 1101 557 1144 ta
589 1102 710 1146 aas?
775 1096 839 1147 In
876 1095 1056 1146 codice
1096 1097 1349 1145 Pataviuo

271 1172 439 1222 verba
456 1173 584 1234 baec,
597 1175 678 1223 sed
693 1175 804 1231 Dii,
819 1176 1202 1237 quemadmodum
1214 1174 1350 1237 prin·

270 1259 403 1311 ceps,
431 1262 637 1311 prorsus
656 1256 776 1298 sunt
796 1250 1000 1311 omissa,
1021 1250 1143 1313 quia
1164 1262 1349 1299 nomen

267 1324 496 1391 princeps
519 1324 596 1373 bis
617 1328 868 1377 occurrit.
906 1326 1154 1377 Sclmarz.

342 1403 473 1451 Hoec
500 1403 608 1463 suit
650 1418 833 1453 samam
871 1405 1110 1468 votorum]
1160 1404 1352 1467 Supra,

269 1476 289 1506 ⁸
318 1479 400 1528 Ut
436 1481 525 1545 qui
562 1480 713 1537 scias,
751 1482 887 1531 hanc
922 1494 1053 1536 esse,
1076 1479 1352 1530 beneficio-

275 1568 394 1605 rum
424 1556 784 1621 principalium
810 1572 1077 1621 summam,
1100 1557 1143 1606 si
1167 1557 1270 1607 illis
1294 1563 1352 1607 et

271 1646 381 1698 non
413 1634 488 1683 uti
510 1634 666 1684 licet.'
701 1636 870 1686 Livia·

280 1766 287 1771 ,
342 1711 500 1759 Estne
522 1709 709 1773 ceram]
746 1711 1017 1775 Opineris,
1039 1709 1353 1773 particulam

271 1800 335 1835 ne
366 1786 451 1833 vel
485 1802 694 1850 prorsus
726 1787 809 1837 hic
843 1787 1127 1849 abundare,
1157 1788 1353 1837 omitti-

274 1875 384 1924 que
422 1873 593 1924 posse,
617 1862 698 1910 vel
730 1877 824 1925 pro
859 1867 874 1890 ⁸
899 1877 1069 1912 nonne
1088 1861 1101 1883 '
1131 1862 1350 1924 positam

276 1950 418 1983 esse.
484 1933 559 1984 At
583 1937 825 1986 existimo
859 1936 984 1986 illud
1008 1953 1068 1987 ne
1103 1939 1199 1986 boc
1237 1939 1354 1988 loco

272 2013 489 2062 omnino
519 2012 830 2062 dubitationi
867 2014 1141 2062 inservire.
1203 2013 1355 2063 Sicut

275 2087 422 2137 euim
461 2088 662 2138 Plinius
696 2103 874 2154 supra,
909 2103 1119 2141 Lxxnl.
1152 2095 1205 2139 2.
1238 2090 1352 2140 dix·

273 2172 421 2226 erat,
476 2165 492 2192 ‘
527 2166 657 2217 Quis
699 2169 971 2217 exsiluisse
1013 2169 1237 2219 sensit?'
1296 2177 1355 2220 ut

276 2239 627 2304 significaret,
652 2256 761 2306 prae
795 2244 952 2294 nimio
979 2244 1167 2306 gaudio
1191 2246 1355 2294 nemi-

274 2330 403 2367 nem
438 2314 549 2365 fere
590 2318 1037 2385 animadvertisse,
1074 2320 1197 2386 quid
1241 2322 1355 2386 ipse

275 2391 495 2458 fecerit,
528 2395 652 2460 quid
684 2394 909 2446 feceriut
942 2397 1068 2459 alii;
1109 2399 1185 2448 ita
1216 2413 1354 2449 nunc

279 2471 444 2521 etiam
485 2472 633 2537 quasi
684 2471 926 2523 dubitans
970 2474 1062 2538 ait,
1106 2489 1354 2525 verumne

277 2554 387 2610 est,
407 2562 472 2595 an
505 2549 556 2596 in
589 2548 692 2598 ista
722 2549 931 2613 publica
960 2551 1165 2611 laetitia,
1188 2560 1243 2601 et
1279 2552 1355 2601 in·

277 2614 366 2679 'ter
396 2626 797 2676 acclamationes
829 2628 1088 2692 solennes,
1109 2629 1363 2695 dixerint„

275 2702 295 2730 ‘
324 2703 379 2754 Ο
403 2718 498 2753 nos
520 2701 701 2753 felices
717 2702 749 2754 ξ’
788 2705 1036 2757 Schmun.

284 2824 291 2833 ‚
349 2779 492 2829 Inter
521 2779 642 2843 ista]
687 2782 935 2832 Quaedam
969 2783 1105 2831 enim
1138 2798 1354 2834 consue-

279 2865 469 2908 verant
502 2860 783 2922 peculiaria
818 2861 973 2909 verba
1004 2861 1244 2922 precibus
1278 2862 1357 2910 iu-

279 2941 583 2999 ter-ponere,
604 2935 722 2984 dum
757 2938 1108 2986 acclamarent
1136 2939 1354 3001 impera·

279 3012 506 3070 toribus,
540 3013 713 3078 qualia
746 3014 847 3070 hic,
873 3017 888 3043 ‘
911 3016 959 3066 Ο
996 3031 1087 3064 nos
1121 3015 1302 3068 felices
1322 3017 1356 3067 l’

279 3098 340 3147 et
366 3090 454 3138 illa
477 3090 614 3153 apud
649 3090 1000 3159 Lampridium
1026 3093 1077 3141 in
1102 3095 1356 3143 acclama·

281 3165 517 3228 tionibus
539 3164 847 3225 Alexandri,
869 3170 884 3195 ‘
906 3170 993 3218 Dii
1020 3177 1073 3218 te
1097 3169 1355 3221 serventl'

281 3251 340 3292 et
380 3257 497 3307 quae
537 3245 736 3307 majora
769 3253 890 3293 suut
930 3245 1069 3308 apud
1111 3262 1355 3309 maguum

280 3318 609 3384 panegyrist.
628 3320 680 3367 in
697 3320 1152 3370 acclamationibus
1173 3323 1356 3386 Magni

283 3393 471 3457 Regis,
493 3394 510 3422 ‘
530 3395 670 3444 Deus
697 3402 749 3444 te
773 3397 1097 3447 conservetl'
1131 3399 1289 3450 Bern-

290 3514 299 3520 ,
353 3470 611 3536 Nonjam]
645 3472 706 3521 In
731 3474 912 3522 codice
936 3475 1216 3525 Parisiensi
1238 3491 1357 3540 par-

284 3545 447 3597 ticula
488 3562 583 3597 mm
631 3551 958 3614 negligenter
1004 3555 1357 3613 praetermissa

284 3630 387 3675 est.
454 3623 568 3673 Nec
602 3627 773 3674 minus
796 3642 1069 3690 perperam
1097 3630 1148 3677 in
1171 3629 1356 3679 codice

286 3699 756 3765 Guelpberbytano
805 3703 1044 3753 librarius
1094 3705 1357 3754 transiluit

284 3776 561 3839 sequentia
594 3778 772 3840 verba,
795 3778 894 3828 Sed
930 3779 1040 3838 Dii,
1062 3783 1354 3845 quemadmo-

284 3852 400 3917 dum
417 3855 653 3914 princeps.
684 3854 944 3903 Schwarz.

296 3974 305 3979 .
352 3931 448 3981 Pie
477 3932 672 3996 merita]
709 3933 905 3982 Omnes
934 3934 1142 3985 codices
1173 3934 1356 3997 nostri,

288 4013 483 4071 praeter
517 4008 1039 4074 Guelplierbytanum
1076 4021 1131 4059 et
1166 4011 1353 4059 librum

284 4083 616 4147 ‚Vossiannm
649 4085 844 4135 habent
878 4087 959 4149 pie
990 4087 1181 4136 merita.
1250 4086 1356 4134 Ne-

288 4160 713 4222 quevdissentiuut
726 4170 931 4211 veteres
944 4162 1203 4212 editiones
1217 4177 1356 4225 quoe·

289 4251 407 4298 que.
475 4236 685 4285 Primus
716 4239 1008 4301 suspicatus
1032 4247 1111 4287 eat
1132 4238 1359 4301 Lipsius,

292 4326 354 4368 an
370 4327 471 4363 non
488 4313 666 4378 pietate
681 4312 843 4383 fuerit
860 4314 1203 4380 depravatum
1218 4330 1353 4365 com·

2271 404 2276 409 ’
2357 400 2489 464 947

1424 556 1618 620 pendio
1636 556 1932 621 scripturn.
1979 554 2133 607 Unde
2151 553 2497 619 Boxbornius,

1424 634 1832 692 Kirchmaierus,
1866 634 2142 690 cellarius,
2173 633 2404 696 Hearne,
2437 640 2496 682 et

1423 712 1710 770 Gesnemr,
1728 713 2018 776 Lipsianam
2039 712 2497 776 conjecturam‘re-

1423 804 1650 852 cepere3
1680 791 1762 838 cui
1795 789 2113 854 conjecturae
2145 786 2323 838 favere
2353 789 2495 839 vide·

1425 872 1513 915 tur
1547 867 1713 916 codex
1752 865 2270 930 Guelpberbytanus‚
2305 867 2357 916 iu
2393 879 2496 929 quo

1423 943 1675 1005 scriptum
1717 958 1820 1008 pra
1857 943 2048 993 merita.
2129 942 2297 992 Putes
2338 942 2497 1006 enirn,
2525 970 2538 979 =

1425 1019 1735 1082 particulam
1767 1034 1892 1083 pra,
1931 1033 1998 1068 ex
2037 1019 2348 1083 compendio
2378 1026 2496 1083 ptoe,

1423 1096 1779 1158 superscripta
1805 1097 2014 1156 lineola,
2033 1105 2204 1145 natam
2229 1110 2362 1154 esse,
2379 1109 2497 1145 cum

1426 1172 1531 1233 legi
1594 1171 1911 1237 rescribique
1975 1173 2241 1223 debuisset
2297 1173 2497 1236 pietate.

1427 1248 1619 1311 Neque
1642 1248 1777 1297 enim
1800 1249 1926 1297 alias
1951 1249 2002 1297 in
2027 1249 2208 1298 codice
2232 1248 2321 1301 illo
2350 1248 2496 1311 dipltr

1429 1327 1652 1391 thongus
1684 1344 1727 1376 α
1762 1342 1860 1392 per
1889 1328 2019 1378 duas
2051 1330 2235 1378 literas
2270 1328 2497 1391 exprimi

1427 1405 1582 1454 solet.
1651 1406 1822 1455 Nemo
1854 1403 2008 1455 facile
2042 1404 2248 1469 rejiciet
2275 1404 2499 1453 vocabu·

1426 1481 1532 1529 lum
1561 1481 1741 1543 pietate
1755 1497 1776 1539 ‚⁰
1808 1479 2086 1530 dummodo
2109 1480 2228 1530 huic
2242 1479 2368 1552 loco
2388 1481 2495 1529 evi·

1423 1556 1667 1606 dentiore
1702 1558 2017 1607 auctoritate
2054 1555 2382 1621 antiquitatis
2416 1570 2499 1605 as·

1427 1635 1531 1683 seri
1589 1635 1771 1697 possit.
1854 1635 2015 1684 Certe
2065 1632 2309 1683 similiter
2361 1631 2498 1682 dixit

1430 1711 1612 1772 Virgil.
1635 1711 1750 1761 AEn.
1780 1724 1845 1759 11.
1872 1714 1988 1760 690.
2024 1717 2040 1740 ⁶
2067 1710 2123 1759 Si
2158 1709 2358 1772 pietate
2392 1722 2498 1759 me·

1428 1787 1638 1848 remur!
1727 1789 1797 1838 Et
1836 1787 1993 1836 ovid.
2029 1786 2306 1849 ex1Ponto
2347 1799 2413 1835 ιι.
2448 1789 2501 1837 6.

1428 1864 1444 1891 ⁶
1469 1863 1698 1914 Laudem
1723 1864 1924 1927 pietate
1948 1860 2202 1913 mereris)
2266 1861 2328 1913 Iu
2363 1860 2498 1913 libro

1428 1941 1705 1995 vossiano,
1745 1955 1840 2002 pro
1882 1939 1961 2003 pie
1992 1940 2184 1997 merita,
2219 1946 2500 1988 annotatur

1423 2018 1685 2081 promerita
1698 2033 1719 2075 ,·
1763 2017 1845 2066 cui
1884 2015 2097 2066 lectioni
2141 2017 2310 2065 locum
2349 2013 2498 2067 dedit

1429 2091 1782 2154 Arntzenius3
1829 2107 1981 2154 quam
2022 2098 2078 2141 et
2114 2106 2213 2154 ego
2254 2090 2498 2140 admitte·

1431 2184 1560 2226 rem,
1599 2169 1876 2218 dummodo
1916 2175 2204 2229 constaret,
2240 2182 2357 2217 eam
2394 2180 2500 2219 non

1431 2254 1537 2297 tam
1568 2262 1633 2296 ex
1668 2246 1876 2309 iugenio
1910 2245 2101 2307 Vossii,
2121 2258 2270 2309 quam
2308 2258 2372 2294 ex
2404 2257 2494 2291 an·

1430 2327 1576 2390 tiquo
1620 2326 1821 2388 codice,
1864 2326 2175 2376 dimanasse.
2257 2325 2499 2386 Interim,

1430 2410 1648 2468 propter
1670 2415 1974 2452 consensum
2000 2409 2081 2450 tot
2105 2403 2372 2464 librorum,
2395 2403 2499 2451 lec·

1429 2479 1623 2528 tionem
1657 2477 1920 2539 vulgatam
1945 2476 2115 2526 adhuc
2137 2476 2390 2538 integram
2416 2490 2500 2525 re-

1429 2557 1628 2621 linquo.
1693 2555 1861 2604 Sicuti
1901 2569 2025 2603 vero
2064 2553 2265 2602 Plinius
2307 2553 2497 2605 Roma·

1429 2646 1549 2681 nam
1596 2629 1967 2693 rempublicam
2016 2628 2147 2678 dicit
2187 2631 2203 2658 ‘
2228 2629 2497 2678 civitatem

1430 2705 1766 2767 religionibus
1789 2703 2017 2754 deditam
2032 2706 2066 2766 ς’
2100 2706 2173 2754 ita
2194 2713 2249 2754 et
2273 2706 2385 2755 Cic.
2401 2719 2498 2768 pro

1429 2786 1603 2834 Domo
1634 2797 1749 2844 sua,
1769 2797 1884 2846 cap.
1903 2786 1986 2831 49.
2009 2782 2163 2843 dixit,
2193 2791 2210 2817 ‘
2235 2782 2397 2832 Disce
2430 2783 2504 2835 ab

1428 2860 1635 2909 bomine
1660 2858 1992 2920 religionibus
2015 2857 2228 2909 dedito!
2262 2860 2416 2909 Idem.

1497 2936 1588 2984 Pie
1604 2934 1802 2998 merita]
1838 2936 2098 2999 Suspicio,
2113 2949 2177 2984 an
2195 2950 2298 2985 non
2320 2936 2500 2999 pietate

1428 3012 1591 3062 fuerit
1624 3011 1965 3074 depravatum
1996 3012 2304 3074 compendio
2332 3012 2498 3074 scrip-

1430 3097 1583 3141 turae.
1634 3090 1764 3139 Cic.·
1781 3090 1796 3117 ‘
1815 3089 2045 3136 Deorum
2070 3087 2279 3136 numine
2298 3092 2497 3135 tantum

1429 3168 1526 3216 hoc
1562 3167 1833 3230 imperium
1872 3173 1928 3213 et
1958 3172 2137 3213 natum
2167 3168 2267 3225 est,
2295 3168 2351 3213 et
2376 3178 2498 3215 auc·

1431 3252 1561 3305 tum,
1577 3251 1632 3293 et
1651 3241 1943 3292 retentum!
1985 3240 2155 3291 Addit
2174 3254 2351 3290 omnes
2373 3254 2500 3305 gen·

1434 3329 1515 3369 tes
1550 3329 1564 3350 ⁸
1589 3321 1790 3385 pietate
1823 3325 1880 3370 et
1911 3319 2162 3382 religione
2193 3316 2498 3382 superatas.⁸

1430 3398 1570 3460 Lips-

1497 3474 1910 3538 Nihilfielicitati]
1940 3473 2108 3521 Tacit.
2123 3469 2352 3535 Agricol.
2380 3485 2497 3533 cap·

1430 3555 1512 3601 44.
1559 3552 1737 3603 ‘Quid
1783 3550 1923 3600 aliud
1970 3550 2245 3599 adstruere
2290 3546 2498 3598 fortuna

1431 3634 1643 3691 poterat
1661 3626 1698 3677 ?’
1730 3628 1889 3677 Bern.

1495 3704 1747 3753 Felicitati
1773 3702 1895 3765 suoe]
1929 3703 1994 3752 In
2030 3701 2213 3752 codice
2240 3702 2497 3751 Vaticano

1430 3782 1578 3833 3461.
1601 3780 1727 3827 item
1758 3780 1809 3827 in
1845 3787 2064 3842 utroque
2096 3778 2318 3836 Veneto,
2341 3777 2499 3826 Salis·

1431 3855 1694 3917 burgensi,
1713 3855 1986 3914 Patavina,
2002 3862 2057 3902 et
2077 3854 2211 3902 libro
2230 3854 2499 3908 vossiano,

1431 3932 1684 3992 scriptum
1723 3940 1804 3978 est
1826 3930 2089 3989 felicitatis
2122 3943 2238 3977 suoe.
2304 3929 2498 3977 Veniat

1431 4007 1590 4057 alicui
1613 4008 1663 4055 in
1689 4015 1934 4060 mentem.
1959 4007 2089 4055 lianc
2120 4005 2396 4056 lectionem
2421 4006 2499 4054 sic

1431 4084 1626 4148 exponi
1664 4096 1845 4146 posse:
1879 4083 2007 4131 nihil
2040 4079 2310 4130 felicitatis
2345 4088 2500 4143 putat

1432 4161 1633 4208 adstrui
1690 4173 1843 4222 posse
1898 4173 2023 4215 attan
2072 4159 2185 4206 scil.
2231 4156 2499 4208 felicitati.

1431 4237 1536 4286 Sed
1572 4237 1737 4286 minus
1761 4238 1934 4298 placet
1953 4236 2067 4285 haec
2089 4235 2362 4299 expositio.
2428 4236 2501 4285 Et

1431 4329 1585 4379 quam
1608 4312 1896 4364 facile-fieri
1928 4314 2116 4378 potuit,
2141 4320 2197 4364 ut
2219 4313 2373 4364 litera
2397 4313 2500 4377 pri·
