3017 4942
724 409 789 460 0.
836 409 1080 459 rmnn
1125 407 1458 458 saeuum
1511 406 1789 459 muno.
1860 410 1912 463 1.
1954 393 2064 459 64.
2148 440 2157 449 .

289 558 542 618 amento
566 551 797 609 solenne,
832 550 1129 606 adsciverit.
1196 553 1353 603 Cete-

273 638 428 691 rm,
468 629 525 677 in
567 628 749 679 codice
793 628 1176 693 salisburgensi
1213 629 1354 679 inter

288 705 452 756 verba
475 705 683 769 juravit,
710 706 967 770 expressit,
986 706 1229 756 librarius
1259 719 1352 769 po-

288 783 398 831 suit
412 782 715 846 particulam
730 782 1005 846 copulandi
1018 787 1068 832 et
1082 797 1103 839 ,⁰
1135 782 1223 831 alii
1240 783 1354 847 qui·

288 856 411 908 darn
435 857 643 907 codices
659 872 723 909 ea
744 860 858 923 ipsa
872 858 1034 909 verba
1049 860 1353 924 interpunc-

287 935 433 985 tione
457 932 695 998 perfecta
715 935 987 985 divellunt.
1006 935 1158 985 Ideut.

354 1011 539 1062 ὥδευε
552 1014 705 1062 danti
717 1012 937 1077 premit]
952 1012 1135 1062 Sedens
1143 1011 1351 1077 prebuit

291 1087 468 1138 Lirin.
504 1089 558 1139 in
581 1096 766 1151 textu3
799 1090 891 1140 sed
916 1090 967 1139 in
990 1090 1241 1155 margine,
1262 1088 1350 1140 Se-

290 1167 412 1217 dens
430 1167 585 1217 stanti
601 1167 804 1231 prebuit
825 1168 894 1219 G.
915 1167 1084 1218 Licin.

359 1244 569 1295 Proeivr't
584 1245 942 1309 Ῑαήκναπάκα]
965 1242 1349 1307 Ρνωὺυίῌυόυ·

288 1322 513 1371 mutam.
579 1321 667 1372 lta
688 1323 843 1372 estin
872 1323 1108 1373 omnibus
1141 1321 1351 1379 nostris,

288 1402 347 1447 et
368 1399 552 1463 probe,
584 1412 723 1461 reor,
745 1405 806 1449 nt
827 1399 1060 1450 oblatum
1077 1412 1140 1450 ac
1162 1398 1353 1463 proebi·

289 1479 423 1538 tum,
444 1490 544 1524 11011
566 1475 633 1526 do
654 1475 850 1541 scripto
879 1477 1122 1541 proeitum
1159 1475 1349 1526 intolli-

289 1565 399 1617 με.
463 1553 625 1603 Patet
660 1567 727 1602 ex
763 1552 846 1603 bis
890 1553 1146 1616 proxime,
1177 1559 1196 1584 ⁸
1212 1552 1349 1617 qnod

290 1635 568 1692 preeunte
581 1629 918 1695 nnllojnrasti
934 1628 969 1691 ς’
1003 1643 1120 1679 nam
1139 1629 1190 1678 id
1210 1630 1352 1693 equi·

291 1704 412 1754 dem
456 1706 525 1755 ad
576 1707 788 1756 tertium
839 1706 977 1756 bunc
1030 1692 1351 1757 consulatum

289 1783 560 1838 traxerim,
593 1789 669 1845 nt,
722 1783 862 1848 qnod
903 1784 1159 1849 sequitur,
1213 1785 1231 1813 ‘
1247 1784 1351 1835 alio

290 1857 605 1923 111-8011111113
624 1860 689 1910 ad
707 1860 1008 1923 seeundum,
1020 1874 1174 1925 quem
1192 1860 1352 1924 impe·

287 1943 453 1998 rator,
463 1936 560 1987 snb
573 1938 887 2001 imperatore
898 1943 1089 1994 tamen,
1098 1937 1219 2001 Traj
1226 1948 1353 1987 uuus

287 2020 537 2076 generat.
557 2013 748 2078 Itaque
763 2014 968 2076 damno,
982 2013 1121 2078 quod
1137 2014 1188 2062 iu
1204 2013 1354 2063 editi·

291 2102 395 2139 one
415 2089 638 2154 quadam
655 2089 1023 2152 Antverpiensi
1045 2105 1093 2139 a.
1106 2093 1250 2140 1642.
1268 2103 1354 2140 ce·

288 2165 537 2230 ter-oquin
559 2180 659 2215 non
678 2167 831 2228 mala,
852 2166 1021 2216 inveni
1047 2167 1228 2230 praeis't.
1249 2166 1333 2217 ld.

354 2240 593 2305 Proeisit]
615 2240 854 2292 Praebuit.
887 2243 1061 2293 Multo
1075 2242 1254 2298 melius
1266 2243 1353 2292 alii

283 2319 474 2384 proiit,
495 2319 633 2383 quod
656 2319 926 2385 sequentia
942 2319 1136 2369 dicent.
1188 2319 1374 2369 Moris<

290 2395 456 2460 enim,
477 2405 536 2447 ut
550 2396 835 2446 solenniter
847 2397 1107 2461 jurarent,
1121 2395 1223 2447 alio
1242 2411 1356 2446 ver·

295 2472 372 2525 ba
393 2480 681 2536 praeeuute.
703 2473 839 2536 Lips.

356 2549 568 2600 Proicit
577 2546 935 2612 jusjurandum]
958 2546 1350 2611 Praebuiejuojs-

285 2627 508 2677 mudum.
540 2627 685 2690 Lego
701 2625 918 2692 proeivit.
941 2627 1075 2676 Ritt.
1299 2656 1302 2661 -

358 2703 427 2751 Et
450 2701 754 2767 illejumoit]
777 2703 893 2754 Hoc
914 2703 1123 2767 Trajani
1153 2702 1350 2754 factum

285 2779 621 2830 Athalaricum
647 2795 740 2831 rex
763 2781 983 2832 senserit
996 2782 1201 2832 variar.
1226 2783 1353 2832 Cas·

284 2857 482 2907 siodori
518 2859 687 2922 Epist.
719 2872 843 2910 vm.
862 2863 912 2910 8.
948 2861 965 2889 ⁶
983 2862 1124 2910 Ecce
1141 2861 1351 2925 Trajani

286 2934 455 2983 vestri
476 2934 672 2984 clarum
700 2935 903 2984 saeculis
928 2949 1229 2999 reparamus
1260 2950 1351 2986 ex-

284 3010 551 3073 emplum.’
584 3009 687 3059 Adi
708 3011 897 3060 locum.
916 3011 1080 3063 Licin.

353 3086 416 3136 Si
431 3087 659 3151 scienter]
676 3087 938 3143 Fortasse,
954 3087 1180 3138 sisoim.
1213 3088 1349 3139 Nam

276 3158 399 3216 hnc
408 3163 696 3227 juramenti
717 3164 947 3215 clausula
975 3172 1028 3215 et
1050 3164 1251 3215 sanctio
1272 3163 1348 3215 fe·

283 3253 345 3289 re
367 3246 484 3290 erat
503 3255 519 3289 2
558 3241 573 3268 ‘
592 3238 835 3290 Si'sciens
856 3239 1000 3303 fallo,
1016 3250 1123 3291 tum
1137 3241 1351 3305 Jupiter

279 3316 478 3381 Diiqne
515 3332 693 3367 omnes
730 3318 868 3375 mibi,
902 3334 1136 3384 memque
1158 3319 1351 3382 domui,

281 3393 406 3449 irati
428 3392 619 3444 sunto:
640 3393 778 3458 Lips-

344 3470 409 3520 Si
428 3471 660 3535 scienter]
677 3472 850 3531 ,Livim
867 3473 1040 3532 sciens,
1070 3481 1086 3503 ‘
1105 3473 1161 3523 Si
1181 3473 1350 3523 sciens

280 3546 448 3605 fallo?
468 3551 569 3599 &c.
592 3546 808 3599 formula
836 3550 1194 3616 jurisjurandi·
1232 3552 1348 3602 Rit-

280 3625 435 3675 ἰωὴ.
865 3661 874 3669 ,

355 3701 422 3752 Si
438 3701 668 3766 scienter]
691 3702 780 3751 Sic
806 3703 945 3766 apud
971 3703 1249 3768 Polybium
1284 3719 1347 3754 ac

283 3777 502 3827 Festum
524 3795 536 3824 ε
570 3782 587 3807 ‘
606 3779 662 3826 Si
683 3778 852 3827 sciens
886 3777 1030 3835 fallo,
1052 3779 1126 3829 ita
1148 3794 1230 3829 me
1254 3782 1349 3830 Di-

282 3855 488 3917 espiter
508 3853 707 3917 ejiciat,
728 3861 789 3904 nt
809 3868 908 3917 ego
925 3855 1061 3906 bunc
1085 3855 1350 3920 lapidem:

278 3931 372 3981 De
398 3927 577 3979 formis
604 3929 943 3994 jurisJuraudi
967 3931 1083 3994 lege
1121 3932 1346 3995 pruden-

284 4007 542 4059 tissimum
567 4009 877 4072 scriptorem
890 4007 957 4058 de
973 4007 1009 4058 J
1014 4023 1105 4058 ure
1122 4009 1259 4059 Belli
1281 4024 1348 4061 ac

280 4084 461 4142 Pacis,
499 4084 641 4147 Hug.
685 4083 839 4136 Grot.
879 4098 941 4137 n.
976 4089 1057 4135 13.
1104 4086 1134 4151 §
1175 4090 1224 4135 ¹1.
1262 4090 1343 4137 10.

280 4161 438 4213 Bm.

346 4238 408 4289 St
426 4238 654 4304 scienter]
673 4239 993 4289 Adverbinm
1013 4240 1217 4291 seiam·-
1227 4240 1344 4304 jam

408 4319 587 4386 Delph.
609 4326 659 4371 et
688 4322 803 4374 Var.
819 4321 949 4371 Clas.

1207 4320 1410 4384 Paneg.
1438 4320 1549 4372 Vct.

2351 393 2484 461 865

1425 550 1712 603 solicitavit
1747 551 2046 603 Brissonins
2085 552 2151 603 (le
2184 553 2411 604 Formnl.
2445 554 2495 605 1.·

1426 641 1558 680 vut.
1580 644 1635 693 p.
1660 633 1776 682 811.
1839 631 1978 681 Loco
2001 630 2137 681 euim
2160 645 2225 680 ex
2245 631 2483 697 Panegy-

1424 704 1539 755 rico
1581 705 1740 755 Plinii
1783 706 1976 757 citatot
2026 706 2482 773 ‘Explanavitque

1426 781 1606 839 verba,
1649 783 1835 847 quibus
1872 789 2032 846 caput
2070 797 2236 847 suum,
2275 783 2482 835 domum

1424 871 1588 915 susm,
1609 858 1654 908 si
1677 859 1846 909 sciens
1867 858 1968 926 (ita
1990 858 2183 924 qnippe
2204 860 2483 924 legendum

1421 950 1630 1000 censeo,
1654 934 1887 1001 .inquit,)
1926 935 2214 1002 fefellisset,
2253 937 2486 988 Deorum

1422 1011 1518 1062 im
1559 1011 1932 1063 consecraret.'
1995 1013 2261 1064 Livineius
2305 1014 2486 1071 etiam,

1424 1095 1482 1138 et
1517 1088 1743 1153 Lipsius,
1782 1103 1848 1138 ex
1882 1088 2204 1152 conjectura,
2227 1097 2284 1153 et
2317 1089 2487 1139 animo

1423 1165 1797 1230 quodammodo
1835 1164 2129 1227 dubitante,
2153 1174 2485 1229 annotarunt,

1425 1255 1522 1305 pro
1561 1242 1778 1303 scienter,
1816 1239 2039 1292 fortasse
2070 1242 2225 1293 sciens
2255 1258 2373 1294 esse
2410 1245 2486 1293 la-

1424 1317 1646 1380 gendum
1673 1333 1688 1366 ε
1726 1325 2030 1381 propterea,
2055 1319 2192 1384 quod
2228 1321 2281 1370 in
2312 1322 2483 1371 solen-

1424 1394 1577 1445 nibus
1587 1394 1930 1459 jurisjurandi
1954 1394 2194 1447 formulis
2217 1398 2482 1449 Romano·

1425 1486 1558 1535 rum,
1579 1486 1674 1535 pro
1708 1472 1954 1523 adverbio
1986 1473 2206 1529 scienter,
2247 1473 2489 1538 frequen·

1424 1550 1620 1600 tissime
1653 1552 1881 1601 occurrit
1928 1551 2259 1614 participium
2311 1552 2482 1602 sciens.

1425 1629 1516 1679 Sic
1537 1629 1645 1678 Cic·
1664 1628 1833 1679 Acad.
1857 1628 2057 1680 Quest.
2076 1642 2159 1678 ιν.
2172 1632 2258 1678 47.
2278 1628 2293 1657 ‘
2313 1629 2488 1693 Majo-

1427 1719 1506 1755 res
1524 1704 1725 1768 nostri‚'
1749 1707 1933 1770 inquit,
1949 1706 1966 1736 ⁸
1985 1705 2206 1777 primum
2221 1705 2402 1770 jurare
2420 1722 2490 1756 ex

1425 1782 1505 1832 sui
1530 1781 1684 1831 animi
1717 1783 1979 1833 sententia
2012 1797 2269 1849 quemque
2307 1783 2484 1832 volue-

1426 1863 1579 1921 runt;
1613 1858 1802 1910 deinde
1824 1859 1897 1909 ita
1922 1861 2116 1922 teneri,
2136 1859 2180 1910 si
2204 1860 2373 1911 sciens
2390 1859 2490 1910 fal.

1425 1936 1596 1986 leret:
1630 1935 1771 2001 quod
1796 1937 2088 1987 inscientia
2122 1937 2287 1987 multa
2313 1951 2490 1987 versa·

1426 2019 1576 2063 retur
1596 2013 1650 2062 in
1672 2011 1818 2063 vitii-⁹
1861 2012 2009 2063 Idem
2034 2014 2181 2063 Fam.
2202 2027 2306 2064 vu.
2329 2017 2376 2062 l.
2396 2019 2412 2043 ‘
2432 2012 2489 2063 Is

1418 2088 1601 2153 jurare
1624 2103 1741 2139 cum
1764 2090 2028 2153 coepisset,
2063 2104 2163 2140 vox
2197 2102 2313 2139 enm
2342 2086 2488 2139 dese·

1428 2168 1501 2217 cit
1525 2168 1575 2216 in
1609 2168 1698 2217 1110
1719 2168 1854 2223 loco,
1888 2168 1946 2217 si
1976 2168 2145 2217 sciens
2174 2165 2336 2217 fallo?
2399 2166 2489 2217 Sic

1428 2244 1697 2294 Cornelius
1721 2244 1899 2308 Scipio
1922 2244 2058 2308 apud
2087 2244 2200 2294 Liv.
2227 2257 2378 2295 xxu.
2400 2248 2486 2293 58.

1428 2321 1677 2384 proejurat
1698 2320 1892 2371 ceteris
1916 2320 2194 2372 militibusz
2246 2322 2263 2350 ‘
2285 2321 2366 2369 Ex
2386 2320 2491 2370 mei

1429 2396 1585 2446 animi
1621 2396 1883 2445 sententia
1908 2396 2052 2460 juro,
2093 2404 2154 2446 nt
2200 2410 2298 2459 ego
2353 2409 2496 2446 rem*

1428 2471 1687 2535 publicam
1733 2485 1834 2520 non
1878 2472 2137 2530 deseram,
2185 2486 2361 2537 neque
2392 2473 2490 2522 ali·

1428 2562 1516 2598 11111
1551 2538 1716 2597 civem
1752 2548 2042 2598 Romanum
2073 2548 2315 2611 deserere
2353 2549 2495 2612 pati·

1427 2641 1503 2676 ar.
1571 2627 1625 2674 Si
1657 2627 1822 2675 sciens
1858 2624 2003 2689 fallo,
2035 2626 2248 2690 Jupiter
2289 2625 2363 2676 Ο.
2408 2627 2493 2676 Μ.

1426 2701 1656 2758 domum,
1712 2701 1976 2765 familiam,
2036 2717 2245 2767 remque
2299 2716 2491 2766 meam,

1428 2779 1653 2843 pessimo
1673 2780 1782 2828 leto
1795 2777 2005 2828 afficias.
2029 2778 2091 2828 In
2109 2779 2218 2829 11πο
2235 2779 2410 2842 verba,
2428 2779 2495 2828 L.

1427 2856 1628 2916 Caecili,
1655 2856 1820 2919 jures,
1863 2856 2159 2919 expostulo,
2196 2855 2490 2918 ceterique,

1427 2933 1515 2997 qui
1556 2931 1787 2982 adestis:
1864 2933 1936 2982 Et
1974 2932 2255 2995 Pompeius
2295 2932 2487 2981 Festut

1425 3009 1492 3058 de
1515 3009 1737 3058 Verbor-
1760 3005 1944 3071 Signif.
1966 3007 2063 3057 sub
2089 3007 2243 3057 litera
2264 3006 2330 3067 L,
2355 3008 2371 3036 ⁸
2392 3008 2488 3056 La-

1425 3086 1599 3149 pidem
1622 3084 1858 3146 silicem,’
1895 3086 2079 3150 inquit,
2100 3084 2384 3134 ‘tenebant
2400 3084 2489 3148 ju·

1426 3161 1590 3211 raturi
1626 3176 1720 3225 per
1752 3161 1959 3226 Jovem,
1991 3162 2104 3211 11ηο
2133 3161 2288 3212 verba
2313 3161 2488 3210 dicen-

1427 3244 1536 3288 tesz
1572 3239 1628 3291 Si
1652 3239 1821 3289 sciens
1851 3236 1996 3299 fallo,
2018 3246 2126 3289 tum
2159 3254 2242 3289 me
2281 3239 2490 3302 Diespi-

1428 3322 1525 3373 ter,
1548 3317 1689 3365 salva
1719 3316 1866 3377 urbe,
1887 3330 2133 3381 arceqne,
2169 3316 2320 3366 bonis
2344 3316 2488 3379 ejici·

1427 3401 1505 3454 at,
1527 3393 1604 3441 uti
1629 3407 1728 3456 ego
1752 3391 1887 3442 bunc
1909 3392 2168 3457 lapidem.'
2226 3395 2489 3443 .Tacemus

1425 3471 1589 3519 multo
1615 3471 1766 3533 plura
1805 3460 2094 3536 hujusmodi
2122 3467 2360 3519 formulae
2395 3483 2487 3518 ex-

1424 3548 1626 3613 empla3
1650 3560 1818 3612 neque
1831 3549 1978 3598 nubis
1993 3563 2060 3598 ex
2076 3548 2299 3612 antiquis
2321 3546 2486 3609 scrip-

1425 3627 1622 3676 toribus
1645 3627 1778 3675 ullus
1802 3626 1934 3675 alius
1958 3639 2094 3675 nunc
2115 3623 2375 3674 succurrit
2410 3625 2486 3673 lo·

1422 3716 1534 3762 eus,
1556 3701 1644 3751 ubi
1667 3703 1909 3766 jurantes
1938 3702 2178 3751 dicantur
2218 3702 2234 3731 ‘
2257 3701 2489 3751 scienter

1420 3778 1606 3829 fallere
1621 3778 1658 3841 ς’
1703 3780 1933 3845 quamvis
1954 3783 1959 3800 ¹
1977 3776 2218 3843 exempla
2271 3792 2486 3828 succur-

1422 3863 1539 3905 rant
1567 3857 1644 3921 (v.
1667 3872 1717 3921 g.
1738 3871 1805 3906 ex
1830 3858 2022 3907 Plauto
2045 3854 2306 3921 Amphitr.
2330 3868 2418 3903 111.
2433 3858 2490 3904 2.

1420 3937 1499 3983 52.
1533 3947 1599 3981 ex
1624 3933 1741 3981 Liv.
1763 3945 1826 3984 11.
1848 3936 1931 3983 45.
1951 3939 2007 3982 et
2031 3944 2158 3983 xxt.
2184 3930 2297 3994 ⁴5.)
2317 3931 2404 3981 nbi
2428 3931 2484 3980 in

1419 4010 1709 4075 hujusmodi
1751 4009 2006 4069 formulis,
2040 4024 2208 4075 neque
2246 4008 2493 4067 ‘sciens,.’

1416 4102 1586 4153 neque
1618 4087 1912 4152 ‘scienter-‚³
1937 4091 2162 4152 legatur.
2228 4089 2367 4141 Quin
2390 4089 2485 4137 im-

1418 4178 1524 4227 mo,
1547 4166 1645 4215 etsi
1666 4166 1764 4216 1100
1786 4167 1950 4230 ipsum
1972 4165 2268 4216 adverbium
2293 4166 2343 4214 111
2368 4166 2484 4215 aliis

1418 4244 1735 4303 argumentis
1756 4243 1942 4309 optimi
1965 4242 2269 4294 Latinitatis
2305 4249 2484 4292 aucto·-
