3017 4942
517 364 650 483 816

522 539 765 590 trantnrss
826 536 913 589 ef.
954 537 1213 588 vechneri
1254 537 1591 588 Hellenolex.

526 630 568 666 1.
608 621 689 666 18.
757 615 937 666 Nihilo
973 616 1141 664 minus
1181 622 1355 664 tamen
1399 617 1495 666 ltoc
1536 615 1589 664 in

523 695 646 743 loco
663 694 835 742 malim
861 694 1145 756 vulgatam,
1169 698 1223 741 et
1239 708 1270 741 a
1291 692 1481 741 ceteris
1504 706 1590 740 co·

524 767 725 819 dicibus
750 769 876 818 Mss.
898 768 1147 833 librisque
1172 768 1378 818 excusis
1401 767 1588 818 confir-

522 852 714 895 matam
737 845 1012 894 lectionem
1036 844 1187 894 tueri.
1223 845 1376 893 Idem.

591 924 805 974 Ambitio
826 924 1005 987 magis]
1039 925 1211 987 Magis
1232 923 1379 973 abest
1405 924 1471 972 V.
1503 923 1590 974 Li-

524 1001 624 1052 vin.
656 1008 819 1065 recte,
856 1008 915 1052 ut
945 1000 1172 1065 videtur,
1195 1008 1249 1051 et
1272 1003 1492 1051 honesta
1517 1001 1590 1050 el-

523 1079 663 1143 lipsi.
698 1080 945 1129 Ritterslt.

545 1182 553 1194 =
590 1156 763 1219 Livor]
800 1157 887 1205 Ita
911 1163 965 1209 et
989 1155 1247 1206 Ausonius
1272 1156 1588 1219 interpreta-

525 1240 630 1298 tur,
652 1233 716 1284 ad
742 1233 1053 1284 Gratianum
1074 1252 1092 1285 ε
1125 1241 1139 1263 ⁸
1165 1233 1279 1283 Scis
1311 1241 1514 1295 septem
1535 1239 1591 1282 et

526 1310 710 1361 decem
766 1311 1061 1361 consulatus
1104 1310 1417 1372 Domitiani,
1460 1324 1589 1374 quos

523 1388 614 1437 ille
652 1386 847 1436 invidia
880 1388 1071 1436 alteros
1106 1385 1443 1449 provehendi,
1465 1401 1590 1437 eou-

524 1462 774 1513 tiuuando
797 1460 1100 1512 conseruit!
1132 1462 1269 1525 Lips.

541 1570 554 1577 -
593 1540 750 1595 Quam
767 1538 911 1601 livor]
937 1540 1051 1588 Etsi
1068 1538 1316 1588 vocabulo
1341 1544 1356 1567 ‘
1376 1537 1590 1596 livoris,’

524 1629 620 1679 pro
645 1616 861 1679 invidia,
896 1630 998 1665 non
1023 1615 1138 1679 ipse
1160 1615 1348 1665 Cicero
1374 1630 1493 1664 usus
1519 1616 1589 1664 vi·

525 1691 751 1752 deatur;
804 1693 855 1740 id
897 1698 1076 1741 tamen
1118 1699 1277 1740 aetate
1321 1690 1590 1740 Ciceronis

522 1766 628 1818 fuit
654 1770 916 1817 usitatum.
973 1769 1062 1818 Sic
1089 1769 1154 1817 D.
1178 1769 1375 1817 Brutus
1394 1769 1457 1817 ad
1478 1768 1590 1818 Cic.

524 1844 671 1894 Fam.
713 1859 797 1894 ιι.
830 1848 911 1892 10.
945 1845 1053 1893 ‘Tu
1094 1860 1124 1894 a
1161 1852 1307 1894 certo
1350 1859 1503 1894 sensu
1536 1850 1592 1893 et

525 1935 652 1970 vero
669 1920 877 1985 judicas
907 1919 976 1969 de
1007 1920 1190 1970 nobis:
1225 1922 1365 1986 quod
1396 1922 1482 1971 isti
1524 1935 1590 1970 ne

523 1995 741 2054 faciant,
764 2012 960 2046 summa
976 1997 1337 2046 malevolentia
1353 2003 1409 2047 et
1429 1998 1591 2046 livore

522 2071 917 2137 impediuntur.’
987 2073 1073 2122 Ita
1101 2087 1223 2122 vero
1255 2081 1307 2122 et
1331 2072 1592 2123 Ausonius

524 2150 578 2199 ln
617 2150 904 2213 gratiarum
936 2149 1141 2198 actione
1171 2148 1235 2197 ad
1261 2149 1592 2213 Gratianum,

523 2241 572 2276 c.
618 2230 697 2274 11.
743 2225 909 2280 livori,
951 2226 1061 2273 sive
1104 2225 1337 2288 iuvidiae,
1388 2226 1593 2291 tribuit,

523 2299 661 2366 quod
710 2299 1042 2349 Domitianus
1077 2314 1257 2348 omnes
1293 2301 1590 2350 consulatus

525 2376 933 2441 praeoccttparit,
969 2383 1024 2425 et
1060 2376 1278 2439 privatis
1309 2377 1591 2440 praeripue-

524 2453 630 2502 rit:
663 2451 848 2514 ‘Scis,'
883 2452 1073 2515 inquit,
1105 2453 1122 2480 ‘
1143 2451 1338 2501 decem.
1370 2467 1432 2501 ac
1472 2467 1590 2517 sep-

525 2535 632 2577 tem
655 2528 946 2587 Domitiani
977 2530 1300 2589 consulatus,
1328 2544 1458 2594 quos
1485 2530 1592 2586 ille,

521 2603 720 2667 invidia
754 2605 945 2652 alteros
982 2605 1322 2666 provehendi,
1354 2606 1590 2663 coutinu-

523 2679 663 2731 ando
693 2681 980 2744 conseruit,
1004 2681 1077 2731 ita
1108 2681 1160 2730 in
1192 2682 1305 2744 ejus
1339 2681 1611 2739 aviditate,

524 2756 740 2814 derisos,
761 2763 817 2805 ut
841 2765 917 2806 tot
942 2772 1058 2806 eum
1077 2758 1278 2820 pagiuae
1299 2759 1591 2822 Fastorum,

525 2830 731 2891 suorum
779 2833 933 2882 immo
975 2832 1325 2896 fastidiorum,
1367 2833 1591 2884 fecerint

521 2910 857 2972 insolentem,
898 2924 996 2959 nee
1035 2912 1306 2974 potuerint
1333 2920 1591 2975 praestare

523 2984 769 3035 felicem?
837 2987 1010 3035 Nihilo
1042 2987 1210 3036 minus
1238 2988 1395 3037 etiam
1428 2989 1590 3038 ambi-

524 3060 599 3117 tio
623 3059 884 3110 dominata
909 3068 990 3110 est
1019 3062 1071 3111 in
1096 3063 1419 3127 expetendo,
1453 3065 1589 3114 aliis-

524 3149 628 3200 que
662 3136 1034 3199 praeripiendo‚
1078 3140 1368 3196 consulatu,
1405 3154 1591 3202 agnos·

524 3220 681 3263 ceute
719 3212 832 3274 ipso
874 3213 1080 3262 Seneca
1114 3213 1180 3263 de
1220 3216 1309 3264 Ira
1347 3230 1387 3266 1.
1422 3221 1503 3265 16.
1537 3217 1589 3266 in

523 3289 660 3347 fine:
683 3292 701 3329 1‘
720 3291 981 3341 Videatur
995 3300 1049 3342 et
1070 3294 1281 3343 ambitio
1300 3297 1469 3358 magui
1487 3297 1592 3345 ani·

524 3370 630 3425 mi:
673 3385 790 3436 non·
814 3379 898 3420 est
930 3379 1179 3422 contenta
1198 3373 1476 3423 honoribus
1500 3388 1589 3422 an·

523 3445 672 3507 nuis3
707 3446 748 3494 si
772 3445 886 3495 fieri
912 3454 1108 3512 potest,
1137 3464 1240 3513 uuo
1269 3451 1475 3499 nomine
1495 3464 1589 3499 *oc-

524 3537 717 3587 cupare
740 3523 900 3573 fastos
925 3526 1053 3589 vult,
1079 3540 1171 3588 per
1189 3539 1391 3575 omnem
1411 3527 1587 3576 orbem

524 3600 704 3650 titulos
725 3600 1037 3664 disponere.'
1083 3602 1211 3650 Cum
1240 3616 1363 3650 vero
1386 3603 1589 3651 Plinius

451 3661 455 3677 ³
523 3674 675 3738 dicit,
696 3690 800 3725 nou
833 3679 848 3705 ‘
869 3676 1162 3725 ambitionis
1183 3675 1198 3696 ’
1230 3678 1411 3740 magis,
1437 3694 1589 3742 quam

526 3750 544 3777 ‘
565 3751 743 3801 livoris
767 3759 823 3802 et
850 3753 1185 3815 malignitatis
1204 3752 1219 3775 ⁹
1252 3768 1387 3817 esse,
1409 3769 1589 3804 omnes

526 3838 689 3877 annos
715 3827 987 3890 possidere
1012 3829 1143 3878 velle
1162 3845 1188 3891 3,
1213 3831 1424 3882 videtur⁴
1451 3838 1466 3860 ‘
1483 3848 1588 3881 am-

524 3901 810 3953 bitionem’
851 3920 944 3966 pro
989 3905 1185 3954 virtute
1224 3907 1462 3970 quadam,
1497 3914 1591 3957 ant

527 3985 677 4035 certe
703 3995 795 4044 pro
819 3982 979 4043 magis
1004 3983 1306 4032 excusando
1330 3985 1477 4047 vitio,
1498 3983 1588 4032 ha-

526 4052 732 4116 buisse,
762 4071 915 4118 quam
953 4056 1278 4120 ‘invidiam,’
1308 4065 1401 4108 aut
1446 4059 1587 4109 aliud

526 4128 728 4177 vitium.
767 4132 836 4179 Et
862 4131 1043 4180 eadem
1069 4135 1332 4199 sententia
1353 4133 1451 4184 suit
1476 4136 1587 4184 Sal·

525 4206 669 4260 lustii
703 4206 756 4254 in
794 4209 950 4257 Catil.
985 4223 1102 4271 cap.
1139 4215 1220 4259 11.
1254 4211 1385 4260 ‘Sed
1417 4213 1587 4276 primo

526 4281 690 4346 magis
714 4282 946 4341 ambitio,
966 4299 1119 4349 quam
1136 4287 1373 4345 avaritia,
1390 4289 1587 4340 animos

1209 393 1430 443 No'rAE
1479 392 1892 442 vARtoRUM
1944 392 2028 442 ΙΝ

1665 536 1926 587 hominum
1949 537 2267 598 exercebam
2302 534 2439 602 quod
2463 540 2639 586 tamen
2662 535 2736 584 vi-

1667 615 1796 665 tium
1835 616 2049 679 propius
2081 616 2329 664 virtutum
2361 617 2515 663 erat.’
2579 613 2734 662 Unde

1666 699 1722 741 et
1745 692 1946 742 Seneca
1980 693 2046 741 de
2079 692 2240 741 Brev.
2261 692 2423 747 Vitae,
2445 704 2491 738 c.
2513 694 2565 738 6.
2598 690 2615 717 ‘
2636 691 2736 738 Ce-

1666 768 1789 828 teri,
1811 768 2013 817 etiamsi
2039 782 2171 817 vana
2195 767 2375 830 gloriae
2402 764 2625 827 imagine
2661 773 2735 814 te·

1566 878 1571 883 -
1665 852 1908 900 neantur,
1922 844 2156 906 speciose
2173 851 2345 892 tamen
2361 840 2575 890 errant-⁹
2597 842 2733 890 Item

1667 920 1921 971 Quinctil.
1962 921 2143 971 Instit.
2174 921 2327 971 Orat.
2362 933 2398 968 1.
2426 923 2507 969 11.
2543 920 2646 968 ‘Et
2678 920 2735 967 li-

1666 1004 1752 1047 cet
1779 998 1890 1061 ipsa
1916 998 2094 1047 vitium
2122 997 2193 1047 sit
2217 996 2456 1056 ambitio,
2490 993 2735 1058 frequen-

1568 1100 1576 1111 ·
1668 1080 1748 1123 ter
1773 1084 1947 1123 tamen
1966 1087 2147 1123 caussa
2172 1073 2421 1122 virtutum
2444 1069 2568 1120 est!
2602 1071 2734 1121 Con-

1667 1149 1870 1202 feratnr
1892 1152 2052 1200 Corte
2073 1149 2140 1202 ad
2164 1150 2381 1199 citatum
2403 1147 2640 1198 Sallustii
2663 1148 2733 1196 lo·

1666 1242 1805 1277 cum.
1839 1227 2086 1276 Schwarz.
2120 1260 2125 1269 -
2711 1222 2717 1229 ’

1689 1314 1697 1347 2
1738 1305 1914 1352 Omnes
1939 1317 2090 1352 anuos
2114 1300 2378 1366 possidere]
2417 1301 2464 1349 Ι.
2491 1315 2539 1347 e.
2563 1299 2736 1363 singu·

1668 1379 1913 1429 lisnnnis
1950 1379 2048 1428 sibi
2086 1379 2411 1427 consulatum
2452 1375 2736 1431 vindicare,

1665 1471 1734 1506 ne
1757 1457 1870 1505 aliis
1907 1455 1973 1504 ad
2002 1470 2117 1507 eum
2157 1452 2442 1516 gerendum
2476 1452 2626 1501 locus
2657 1466 2735 1501 re-

1666 1534 1952 1598 linquatur.
1986 1532 2040 1584 J.
2058 1532 2118 1580 F.
2143 1530 2442 1580 Gronovius
2467 1529 2520 1577 in
2538 1543 2633 1578 suo
2650 1543 2737 1577 ex-

1666 1609 1900 1672 emplari,
1927 1622 2023 1672 pro
2046 1607 2206 1657 verbo
2234 1606 2494 1669 possidere,
2518 1610 2736 1654 annota-

1666 1685 1743 1735 vit
1766 1686 1979 1735 obsidere
1992 1701 2013 1743 ;
2046 1683 2175 1733 satis
2199 1684 2404 1747 quidem
2428 1679 2734 1740 commode3

1665 1763 1756 1812 sed
1801 1763 1866 1823 is,
1911 1769 1969 1811 ut
2010 1761 2216 1824 opinor,
2250 1774 2317 1808 ex
2358 1758 2574 1820 ingenio
2608 1758 2735 1806 banc

1667 1838 2085 1889 emendationem
2125 1836 2381 1896 tentavit;
2419 1841 2611 1897 utpote
2646 1833 2734 1883 ⁴cui

1667 1916 1836 1964 nullus
1878 1915 2009 1962 alius
2048 1914 2181 1962 liber
2213 1909 2551 1974 suffragatur.
2621 1911 2753 1960 Nee

1667 1992 1964 2042 necessaria
1998 1991 2110 2039 ltaec
2149 1989 2368 2038 mutatio
2408 1994 2513 2049 est,
2550 2001 2669 2037 cum
2701 1987 2737 2036 ii

1669 2069 1953 2132 principes,
1976 2066 2066 2130 qui
2098 2066 2246 2130 quasi
2282 2065 2593 2113 continuum
2617 2077 2736 2113 con-

1668 2149 1893 2196 sulatum
1933 2145 2031 2195 sibi
2074 2143 2423 2202 vindicarunt,
2457 2146 2631 2203 neque
2671 2139 2734 2189 ad

1667 2222 1800 2271 bunc
1836 2222 2084 2270 bonorem
2123 2218 2429 2282 capiendum
2463 2217 2586 2266 aliis
2621 2216 2739 2265 reli-

1668 2306 1891 2362 querunt
1910 2298 2127 2358 aditum,
2142 2296 2255 2360 pari
2274 2294 2582 2358 metaphora
2603 2301 2735 2342 ‘om-

1666 2390 1757 2424 nes
1800 2373 2002 2436 annos,’
2035 2381 2125 2423 stit
2159 2370 2377 2433 ‘fastos,
2414 2367 2734 2434 occupasse,'

1666 2451 1996 2507 ‘obsedisse,’
2019 2456 2141 2500 aut‘
2157 2448 2493 2514 possedisse,’
2514 2447 2627 2498 dici
2649 2462 2735 2512 po·

1667 2530 1879 2581 tuerint.
1916 2529 2070 2577 Idem.
2432 2561 2436 2564 ι
2584 2564 2587 2565 ⁷

1687 2607 1993 2669 ·Purpnroe]
2047 2604 2186 2657 Quia
2228 2603 2470 2654 eonsules
2516 2602 2573 2652 in
2620 2609 2736 2665 toga

1667 2689 1950 2748 praetexta,
1986 2681 2037 2729 id
2076 2688 2176 2739 est,
2203 2680 2297 2749 ‚cui
2328 2679 2515 2729 limbus
2541 2694 2734 2744 purpu-

1667 2775 1787 2810 reus
1812 2759 2059 2808 adtextus
2084 2765 2245 2808 esset.
2309 2757 2508 2806 Eadem
2545 2764 2602 2806 et
2625 2757 2736 2806 aliis

1666 2836 2059 2899 magistratibus
2093 2836 2299 2900 quidem
2318 2850 2340 2893 z,
2371 2835 2464 2884 sed
2506 2831 2629 2883 ideo
2652 2834 2738 2883 ad-

1665 2913 1746 2961 dit
1782 2920 2069 2963 ‘summum
2105 2909 2301 2966 decus,'
2335 2910 2458 2975 quia
2485 2909 2581 2959 isti
2604 2924 2737 2962 smm-

1666 2990 1735 3038 mi
1760 2990 1899 3038 iuter
1921 2987 2228 3051 illos.‘Lt'p8.

1682 3100 1687 3105 ·
1730 3067 1974 3128 Purpurae
1996 3065 2161 3129 decus]
2200 3063 2443 3127 Purpura
2467 3065 2736 3114 consulum

1665 3141 1874 3192 Gabino
1911 3142 2019 3190 ritu
2055 3142 2232 3197 cincta
2269 3139 2388 3189 fuit.
2459 3141 2736 3190 claudian.

1666 3219 1868 3269 Honor.
1898 3219 1914 3244 ‘
1944 3218 2253 3281 cinctusque
2297 3215 2537 3270 Gabinos
2575 3218 2737 3265 Dives

1668 3284 1967 3358 Hydaspeis
1980 3302 2224 3357 augescat
2240 3305 2469 3356 purpura
2482 3289 2742 3355 gemmisz'

1666 3385 1821 3436 quem
1857 3372 2087 3421 cinctum
2121 3370 2380 3420 Gabiuum
2417 3369 2737 3418 Claudianus

1667 3456 1823 3498 vocat
1864 3447 1993 3496 alibi
2035 3445 2349 3509 ‘pacificum
2390 3451 2450 3494 et
2492 3443 2739 3501 civilem:

1665 3524 1805 3589 quia,
1827 3516 1960 3574 licet'
1977 3525 2064 3573 illo
2086 3528 2361 3572 uterentur
2397 3520 2537 3570 bella
2576 3523 2737 3571 indic-

1668 3602 1772 3652 turi
1785 3603 2045 3664 consules,
2057 3608 2112 3649 ut
2132 3600 2404 3663 plurimum
2420 3598 2607 3648 Romae
2620 3613 2737 3663 age-

1665 3677 1810 3740 bant,
1831 3684 1887 3727 et
1907 3678 2138 3740 ipsorum
2157 3675 2284 3740 ἆρχὴ
2302 3685 2415 3724 erat
2429 3674 2635 3738 ἄοπλος,
2653 3678 2737 3725 t'm-

1666 3769 1805 3803 mune
1825 3755 1886 3803 ab
1899 3755 2047 3803 armis
2063 3754 2329 3816 imperium.
2351 3766 2464 3802 Lvt.
2489 3757 2542 3801 3.
2564 3753 2717 3802 Rern.

1729 3831 2085 3894 Proecerptum]
2122 3831 2419 3879 Delibatum
2457 3829 2613 3879 initio
2648 3845 2735 3879 an·

1665 3907 1736 3957 ni.
1802 3909 1940 3957 Nam
1973 3907 2306 3957 Domitianus
2341 3912 2497 3971 atque
2533 3906 2620 3956 alii
2647 3921 2732 3956 an-

1666 3999 1788 4033 num
1819 3983 1932 4032 fere
1958 3982 2300 4048 aperiebantt
2337 3991 2392 4032 et
2430 3992 2560 4034 tunc
2597 3981 2733 4033 suffi-

1665 4057 1893 4108 ciebant.
1927 4060 2065 4123 Lips.
2709 4092 2715 4097 -

1722 4135 2072 4200 Praecetptum]
2089 4135 2189 4185 Vix
2209 4135 2540 4199 degustatum
2560 4150 2577 4197 ς
2597 4135 2732 4200 quod

1666 4214 1824 4262 moris
1856 4214 2160 4263 Domitiano
2195 4212 2316 4273 fuit,
2344 4220 2481 4261 teste
2517 4213 2732 4263 Sueton-

1665 4302 1782 4353 cap.
1808 4295 1886 4341 13.
1922 4290 1937 4317 ‘
1962 4291 2160 4342 Omnes
2189 4285 2553 4355 (consulatus)
2584 4301 2728 4353 paene
