<?xml version="1.0" encoding="UTF-8"?>
<!DOCTYPE html PUBLIC "-//W3C//DTD XHTML 1.0 Transitional//EN"
    "http://www.w3.org/TR/xhtml1/DTD/xhtml1-transitional.dtd">
<html xmlns="http://www.w3.org/1999/xhtml" xml:lang="en" lang="en">
 <head>
  <title>
</title>
<meta http-equiv="Content-Type" content="text/html;charset=utf-8" />
  <meta name='ocr-system' content='tesseract 3.04.00' />
  <meta name='ocr-capabilities' content='ocr_page ocr_carea ocr_par ocr_line ocrx_word'/>
</head>
<body>
  <div class='ocr_page' id='page_1' title='image "./panegyriciveter01unkngoog_0137.png"; bbox 0 0 3017 4942; ppageno 0'>
   <div class='ocr_carea' id='block_1_1' title="bbox 764 371 2114 440">
    <p class='ocr_par' dir='ltr' id='par_1_1' title="bbox 764 371 2114 440">
     <span class='ocr_line' id='line_1_1' title="bbox 764 371 2114 440; baseline -0.002 0"><span class='ocrx_word' id='word_1_1' title='bbox 764 391 827 440; x_wconf 85' lang='lat' dir='ltr'><strong>c.</strong></span> <span class='ocrx_word' id='word_1_2' title='bbox 874 385 1117 439; x_wconf 68' lang='lat' dir='ltr'><strong>eumn</strong></span> <span class='ocrx_word' id='word_1_3' title='bbox 1168 385 1505 439; x_wconf 59' lang='lat' dir='ltr'><strong>securim</strong></span> <span class='ocrx_word' id='word_1_4' title='bbox 1555 386 1834 439; x_wconf 69' lang='lat' dir='ltr'><strong>mune.</strong></span> <span class='ocrx_word' id='word_1_5' title='bbox 1912 386 1960 439; x_wconf 83' lang='lat'><strong>1.</strong></span> <span class='ocrx_word' id='word_1_6' title='bbox 2001 371 2114 438; x_wconf 80' lang='grc'><strong>26.</strong></span> 
     </span>
    </p>
   </div>
   <div class='ocr_carea' id='block_1_2' title="bbox 314 529 1398 901">
    <p class='ocr_par' dir='ltr' id='par_1_2' title="bbox 321 529 1357 595">
     <span class='ocr_line' id='line_1_2' title="bbox 321 529 1357 595; baseline -0.001 -15"><span class='ocrx_word' id='word_1_7' title='bbox 321 539 446 580; x_wconf 80' lang='lat' dir='ltr'><strong>enm</strong></span> <span class='ocrx_word' id='word_1_8' title='bbox 469 530 813 595; x_wconf 68' lang='lat' dir='ltr'><strong>inscriptione</strong></span> <span class='ocrx_word' id='word_1_9' title='bbox 838 544 999 581; x_wconf 62' lang='lat' dir='ltr'><strong>anim.</strong></span> <span class='ocrx_word' id='word_1_10' title='bbox 1023 545 1169 581; x_wconf 65' lang='lat' dir='ltr'><strong>Pru..</strong></span> <span class='ocrx_word' id='word_1_11' title='bbox 1193 529 1357 581; x_wconf 74' lang='lat' dir='ltr'><strong>Licin.</strong></span> 
     </span>
    </p>

    <p class='ocr_par' dir='ltr' id='par_1_3' title="bbox 314 608 1398 901">
     <span class='ocr_line' id='line_1_3' title="bbox 314 608 1398 673; baseline 0.002 -18"><span class='ocrx_word' id='word_1_12' title='bbox 314 623 325 631; x_wconf 90' lang='lat'><strong>·</strong></span> <span class='ocrx_word' id='word_1_13' title='bbox 393 609 608 671; x_wconf 72' lang='lat' dir='ltr'><strong>Quisque</strong></span> <span class='ocrx_word' id='word_1_14' title='bbox 635 609 851 673; x_wconf 76' lang='lat' dir='ltr'><strong>deberet]</strong></span> <span class='ocrx_word' id='word_1_15' title='bbox 899 608 1055 658; x_wconf 89' lang='lat' dir='ltr'><strong>Liber</strong></span> <span class='ocrx_word' id='word_1_16' title='bbox 1090 609 1398 670; x_wconf 84' lang='lat' dir='ltr'><strong>Vossianus,</strong></span> 
     </span>
     <span class='ocr_line' id='line_1_4' title="bbox 321 682 1398 748; baseline 0.002 -17"><span class='ocrx_word' id='word_1_17' title='bbox 321 682 753 748; x_wconf 76' lang='lat' dir='ltr'><strong>Bernegger„De</strong></span> <span class='ocrx_word' id='word_1_18' title='bbox 774 686 823 734; x_wconf 87' lang='lat' dir='ltr'><strong>la</strong></span> <span class='ocrx_word' id='word_1_19' title='bbox 844 685 1045 741; x_wconf 87' lang='lat' dir='ltr'><strong>Baune,</strong></span> <span class='ocrx_word' id='word_1_20' title='bbox 1063 686 1205 735; x_wconf 85' lang='lat' dir='ltr'><strong>Ceva</strong></span> <span class='ocrx_word' id='word_1_21' title='bbox 1224 684 1398 748; x_wconf 84' lang='lat' dir='ltr'><strong>expri-</strong></span> 
     </span>
     <span class='ocr_line' id='line_1_5' title="bbox 319 759 1398 812; baseline 0.006 -6"><span class='ocrx_word' id='word_1_22' title='bbox 319 766 473 807; x_wconf 88' lang='lat' dir='ltr'><strong>munt</strong></span> <span class='ocrx_word' id='word_1_23' title='bbox 503 774 773 809; x_wconf 86' lang='lat' dir='ltr'><strong>numerum</strong></span> <span class='ocrx_word' id='word_1_24' title='bbox 795 759 1140 810; x_wconf 72' lang='lat' dir='ltr'><strong>multitudinis</strong></span> <span class='ocrx_word' id='word_1_25' title='bbox 1159 760 1398 812; x_wconf 67' lang='lat' dir='ltr'><strong>deserent.</strong></span> 
     </span>
     <span class='ocr_line' id='line_1_6' title="bbox 319 835 1394 901; baseline 0.004 -18"><span class='ocrx_word' id='word_1_26' title='bbox 319 835 427 883; x_wconf 80' lang='lat' dir='ltr'><strong>Sed</strong></span> <span class='ocrx_word' id='word_1_27' title='bbox 455 836 598 885; x_wconf 90' lang='lat' dir='ltr'><strong>nulla</strong></span> <span class='ocrx_word' id='word_1_28' title='bbox 622 850 753 900; x_wconf 90' lang='lat' dir='ltr'><strong>opus</strong></span> <span class='ocrx_word' id='word_1_29' title='bbox 788 844 871 887; x_wconf 88' lang='lat' dir='ltr'><strong>est</strong></span> <span class='ocrx_word' id='word_1_30' title='bbox 894 837 1206 898; x_wconf 80' lang='lat' dir='ltr'><strong>mutatione3</strong></span> <span class='ocrx_word' id='word_1_31' title='bbox 1242 852 1394 901; x_wconf 85' lang='lat' dir='ltr'><strong>quam</strong></span> 
     </span>
    </p>
   </div>
   <div class='ocr_carea' id='block_1_3' title="bbox 319 912 1401 979">
    <p class='ocr_par' dir='ltr' id='par_1_4' title="bbox 319 912 1401 979">
     <span class='ocr_line' id='line_1_7' title="bbox 319 912 1401 979; baseline 0.004 -21"><span class='ocrx_word' id='word_1_32' title='bbox 319 923 497 975; x_wconf 86' lang='lat' dir='ltr'><strong>neque</strong></span> <span class='ocrx_word' id='word_1_33' title='bbox 543 913 628 962; x_wconf 85' lang='lat' dir='ltr'><strong>alii</strong></span> <span class='ocrx_word' id='word_1_34' title='bbox 661 913 871 964; x_wconf 89' lang='lat' dir='ltr'><strong>codices</strong></span> <span class='ocrx_word' id='word_1_35' title='bbox 916 912 1117 979; x_wconf 85' lang='lat' dir='ltr'><strong>antiqui</strong></span> <span class='ocrx_word' id='word_1_36' title='bbox 1148 913 1401 964; x_wconf 84' lang='lat' dir='ltr'><strong>indicant.</strong></span> 
     </span>
    </p>
   </div>
   <div class='ocr_carea' id='block_1_4' title="bbox 318 985 569 1037">
    <p class='ocr_par' dir='ltr' id='par_1_5' title="bbox 318 985 569 1037">
     <span class='ocr_line' id='line_1_8' title="bbox 318 985 569 1037; baseline 0.008 -2"><span class='ocrx_word' id='word_1_37' title='bbox 318 985 569 1037; x_wconf 64' lang='lat' dir='ltr'><strong>Sestum.</strong></span> 
     </span>
    </p>
   </div>
   <div class='ocr_carea' id='block_1_5' title="bbox 270 1061 1398 4365">
    <p class='ocr_par' dir='ltr' id='par_1_6' title="bbox 270 1061 1398 4365">
     <span class='ocr_line' id='line_1_9' title="bbox 310 1061 1397 1133; baseline 0.004 -21"><span class='ocrx_word' id='word_1_38' title='bbox 310 1089 322 1103; x_wconf 84' lang='lat'><strong>·</strong></span> <span class='ocrx_word' id='word_1_39' title='bbox 369 1061 518 1126; x_wconf 80' lang='lat' dir='ltr'><strong>Spem</strong></span> <span class='ocrx_word' id='word_1_40' title='bbox 533 1065 738 1115; x_wconf 73' lang='lat' dir='ltr'><strong>Romani</strong></span> <span class='ocrx_word' id='word_1_41' title='bbox 751 1066 957 1115; x_wconf 70' lang='lat' dir='ltr'><strong>nominis</strong></span> <span class='ocrx_word' id='word_1_42' title='bbox 1026 1066 1250 1133; x_wconf 77' lang='lat' dir='ltr'><strong>suscipis]</strong></span> <span class='ocrx_word' id='word_1_43' title='bbox 1263 1069 1397 1118; x_wconf 89' lang='lat' dir='ltr'><strong>Con·</strong></span> 
     </span>
     <span class='ocr_line' id='line_1_10' title="bbox 315 1143 1398 1208; baseline 0.005 -20"><span class='ocrx_word' id='word_1_44' title='bbox 315 1146 449 1196; x_wconf 83' lang='lat' dir='ltr'><strong>stat,</strong></span> <span class='ocrx_word' id='word_1_45' title='bbox 469 1153 642 1190; x_wconf 74' lang='lat' dir='ltr'><strong>nomen</strong></span> <span class='ocrx_word' id='word_1_46' title='bbox 673 1155 814 1206; x_wconf 81' lang='lat' dir='ltr'><strong>saepe</strong></span> <span class='ocrx_word' id='word_1_47' title='bbox 837 1157 932 1206; x_wconf 89' lang='lat' dir='ltr'><strong>pro</strong></span> <span class='ocrx_word' id='word_1_48' title='bbox 967 1143 1191 1208; x_wconf 85' lang='lat' dir='ltr'><strong>homine,</strong></span> <span class='ocrx_word' id='word_1_49' title='bbox 1222 1151 1398 1208; x_wconf 83' lang='lat' dir='ltr'><strong>gente,</strong></span> 
     </span>
     <span class='ocr_line' id='line_1_11' title="bbox 315 1218 1395 1284; baseline 0.004 -19"><span class='ocrx_word' id='word_1_50' title='bbox 315 1222 377 1266; x_wconf 90' lang='lat' dir='ltr'><strong>et</strong></span> <span class='ocrx_word' id='word_1_51' title='bbox 398 1218 616 1281; x_wconf 82' lang='lat' dir='ltr'><strong>populo,</strong></span> <span class='ocrx_word' id='word_1_52' title='bbox 646 1218 786 1280; x_wconf 90' lang='lat' dir='ltr'><strong>poni.</strong></span> <span class='ocrx_word' id='word_1_53' title='bbox 852 1218 1022 1269; x_wconf 81' lang='lat' dir='ltr'><strong>Quam</strong></span> <span class='ocrx_word' id='word_1_54' title='bbox 1048 1221 1299 1284; x_wconf 85' lang='lat' dir='ltr'><strong>loquendi</strong></span> <span class='ocrx_word' id='word_1_55' title='bbox 1315 1235 1395 1269; x_wconf 88' lang='lat' dir='ltr'><strong>ra·</strong></span> 
     </span>
     <span class='ocr_line' id='line_1_12' title="bbox 319 1292 1395 1361; baseline 0.006 -21"><span class='ocrx_word' id='word_1_56' title='bbox 319 1292 526 1342; x_wconf 84' lang='lat' dir='ltr'><strong>tionem</strong></span> <span class='ocrx_word' id='word_1_57' title='bbox 569 1294 776 1343; x_wconf 62' lang='lat' dir='ltr'><strong>Grecis</strong></span> <span class='ocrx_word' id='word_1_58' title='bbox 832 1296 992 1343; x_wconf 83' lang='lat' dir='ltr'><strong>etiam</strong></span> <span class='ocrx_word' id='word_1_59' title='bbox 1050 1295 1395 1361; x_wconf 55' lang='lat' dir='ltr'><strong>Hebraeisque</strong></span> 
     </span>
     <span class='ocr_line' id='line_1_13' title="bbox 317 1372 1396 1437; baseline 0.006 -19"><span class='ocrx_word' id='word_1_60' title='bbox 317 1383 651 1437; x_wconf 79' lang='lat' dir='ltr'><strong>communem</strong></span> <span class='ocrx_word' id='word_1_61' title='bbox 687 1386 823 1434; x_wconf 87' lang='lat' dir='ltr'><strong>esse,</strong></span> <span class='ocrx_word' id='word_1_62' title='bbox 856 1379 1002 1423; x_wconf 84' lang='lat' dir='ltr'><strong>notat</strong></span> <span class='ocrx_word' id='word_1_63' title='bbox 1038 1372 1181 1423; x_wconf 82' lang='lat' dir='ltr'><strong>Gnil.</strong></span> <span class='ocrx_word' id='word_1_64' title='bbox 1207 1374 1396 1424; x_wconf 85' lang='lat' dir='ltr'><strong>Cante-</strong></span> 
     </span>
     <span class='ocr_line' id='line_1_14' title="bbox 312 1449 1395 1510; baseline 0.005 -14"><span class='ocrx_word' id='word_1_65' title='bbox 312 1461 433 1510; x_wconf 75' lang='lat' dir='ltr'><strong>rns,</strong></span> <span class='ocrx_word' id='word_1_66' title='bbox 457 1449 599 1499; x_wconf 68' lang='lat' dir='ltr'><strong>NoV.</strong></span> <span class='ocrx_word' id='word_1_67' title='bbox 639 1449 878 1499; x_wconf 85' lang='lat' dir='ltr'><strong>Lection.</strong></span> <span class='ocrx_word' id='word_1_68' title='bbox 915 1464 977 1500; x_wconf 83' lang='grc' dir='ltr'><strong>ιι.</strong></span> <span class='ocrx_word' id='word_1_69' title='bbox 1012 1454 1094 1500; x_wconf 86' lang='grc'><strong>10.</strong></span> <span class='ocrx_word' id='word_1_70' title='bbox 1160 1452 1247 1501; x_wconf 87' lang='lat' dir='ltr'><strong>Sic</strong></span> <span class='ocrx_word' id='word_1_71' title='bbox 1281 1451 1395 1501; x_wconf 83' lang='lat' dir='ltr'><strong>Sal-</strong></span> 
     </span>
     <span class='ocr_line' id='line_1_15' title="bbox 316 1525 1395 1591; baseline 0.006 -18"><span class='ocrx_word' id='word_1_72' title='bbox 316 1525 451 1577; x_wconf 84' lang='lat' dir='ltr'><strong>lust.</strong></span> <span class='ocrx_word' id='word_1_73' title='bbox 488 1526 645 1577; x_wconf 86' lang='lat' dir='ltr'><strong>Catil.</strong></span> <span class='ocrx_word' id='word_1_74' title='bbox 688 1542 806 1591; x_wconf 82' lang='lat' dir='ltr'><strong>cap.</strong></span> <span class='ocrx_word' id='word_1_75' title='bbox 844 1532 926 1578; x_wconf 73' lang='lat'><strong>52.</strong></span> <span class='ocrx_word' id='word_1_76' title='bbox 963 1528 1054 1587; x_wconf 85' lang='lat' dir='ltr'><strong>ait,</strong></span> <span class='ocrx_word' id='word_1_77' title='bbox 1087 1528 1395 1579; x_wconf 79' lang='lat' dir='ltr'>‘Gallorum</span> 
     </span>
     <span class='ocr_line' id='line_1_16' title="bbox 315 1604 1396 1666; baseline 0.002 -14"><span class='ocrx_word' id='word_1_78' title='bbox 315 1611 539 1666; x_wconf 78' lang='lat' dir='ltr'><strong>gentem</strong></span> <span class='ocrx_word' id='word_1_79' title='bbox 575 1604 958 1654; x_wconf 72' lang='lat' dir='ltr'>infestissimam</span> <span class='ocrx_word' id='word_1_80' title='bbox 984 1607 1175 1655; x_wconf 88' lang='lat' dir='ltr'><strong>nomini</strong></span> <span class='ocrx_word' id='word_1_81' title='bbox 1208 1606 1396 1656; x_wconf 83' lang='lat' dir='ltr'><strong>Roma·</strong></span> 
     </span>
     <span class='ocr_line' id='line_1_17' title="bbox 312 1680 1396 1747; baseline 0.004 -17"><span class='ocrx_word' id='word_1_82' title='bbox 312 1695 387 1745; x_wconf 76' lang='lat' dir='ltr'><strong>no</strong></span> <span class='ocrx_word' id='word_1_83' title='bbox 405 1681 422 1704; x_wconf 87' lang='lat'>’</span> <span class='ocrx_word' id='word_1_84' title='bbox 441 1680 505 1746; x_wconf 90' lang='lat' dir='ltr'><strong>(i.</strong></span> <span class='ocrx_word' id='word_1_85' title='bbox 523 1697 572 1734; x_wconf 88' lang='lat' dir='ltr'><strong>e.</strong></span> <span class='ocrx_word' id='word_1_86' title='bbox 592 1684 784 1746; x_wconf 85' lang='lat' dir='ltr'><strong>populo</strong></span> <span class='ocrx_word' id='word_1_87' title='bbox 797 1681 1060 1747; x_wconf 87' lang='lat' dir='ltr'><strong>Romano)</strong></span> <span class='ocrx_word' id='word_1_88' title='bbox 1081 1685 1098 1713; x_wconf 86' lang='lat'>‘</span> <span class='ocrx_word' id='word_1_89' title='bbox 1120 1684 1184 1733; x_wconf 87' lang='lat' dir='ltr'><strong>ad</strong></span> <span class='ocrx_word' id='word_1_90' title='bbox 1203 1684 1396 1734; x_wconf 86' lang='lat' dir='ltr'><strong>bellum</strong></span> 
     </span>
     <span class='ocr_line' id='line_1_18' title="bbox 317 1758 1396 1821; baseline 0.004 -14"><span class='ocrx_word' id='word_1_91' title='bbox 317 1758 634 1808; x_wconf 61' lang='lat' dir='ltr'><strong>arcessunt!</strong></span> <span class='ocrx_word' id='word_1_92' title='bbox 700 1759 849 1809; x_wconf 85' lang='lat' dir='ltr'>Idem</span> <span class='ocrx_word' id='word_1_93' title='bbox 880 1759 1003 1821; x_wconf 67' lang='grc' dir='ltr'><strong>δας.</strong></span> <span class='ocrx_word' id='word_1_94' title='bbox 1022 1773 1069 1809; x_wconf 90' lang='lat' dir='ltr'><strong>c.</strong></span> <span class='ocrx_word' id='word_1_95' title='bbox 1094 1765 1176 1810; x_wconf 77' lang='lat'><strong>39.</strong></span> <span class='ocrx_word' id='word_1_96' title='bbox 1198 1763 1214 1790; x_wconf 88' lang='lat'>‘</span> <span class='ocrx_word' id='word_1_97' title='bbox 1233 1761 1279 1810; x_wconf 83' lang='lat' dir='ltr'>A</span> <span class='ocrx_word' id='word_1_98' title='bbox 1313 1776 1396 1811; x_wconf 90' lang='lat' dir='ltr'><strong>so·</strong></span> 
     </span>
     <span class='ocr_line' id='line_1_19' title="bbox 316 1835 1395 1899; baseline 0.005 -16"><span class='ocrx_word' id='word_1_99' title='bbox 316 1835 433 1899; x_wconf 86' lang='lat' dir='ltr'><strong>ciis,</strong></span> <span class='ocrx_word' id='word_1_100' title='bbox 469 1845 528 1885; x_wconf 88' lang='lat' dir='ltr'><strong>et</strong></span> <span class='ocrx_word' id='word_1_101' title='bbox 552 1836 758 1886; x_wconf 88' lang='lat' dir='ltr'><strong>nomine</strong></span> <span class='ocrx_word' id='word_1_102' title='bbox 781 1837 982 1898; x_wconf 82' lang='lat' dir='ltr'><strong>Latino,</strong></span> <span class='ocrx_word' id='word_1_103' title='bbox 1008 1838 1198 1887; x_wconf 83' lang='lat' dir='ltr'><strong>auxilia</strong></span> <span class='ocrx_word' id='word_1_104' title='bbox 1223 1852 1395 1889; x_wconf 83' lang='lat' dir='ltr'><strong>arces-</strong></span> 
     </span>
     <span class='ocr_line' id='line_1_20' title="bbox 317 1912 1395 1971; baseline 0.001 -9"><span class='ocrx_word' id='word_1_105' title='bbox 317 1912 482 1963; x_wconf 63' lang='lat' dir='ltr'><strong>sere!</strong></span> <span class='ocrx_word' id='word_1_106' title='bbox 548 1914 632 1964; x_wconf 89' lang='lat' dir='ltr'><strong>Sic</strong></span> <span class='ocrx_word' id='word_1_107' title='bbox 659 1922 897 1970; x_wconf 61' lang='lat' dir='ltr'><strong>‘nomem</strong></span> <span class='ocrx_word' id='word_1_108' title='bbox 926 1914 1229 1971; x_wconf 81' lang='lat' dir='ltr'><strong>Romanum,</strong></span> <span class='ocrx_word' id='word_1_109' title='bbox 1255 1915 1395 1965; x_wconf 77' lang='lat' dir='ltr'><strong>Lati·</strong></span> 
     </span>
     <span class='ocr_line' id='line_1_21' title="bbox 318 1988 1395 2053; baseline 0.003 -15"><span class='ocrx_word' id='word_1_110' title='bbox 318 2004 467 2053; x_wconf 86' lang='lat' dir='ltr'><strong>num,</strong></span> <span class='ocrx_word' id='word_1_111' title='bbox 487 1990 757 2052; x_wconf 84' lang='lat' dir='ltr'><strong>Volscum,</strong></span> <span class='ocrx_word' id='word_1_112' title='bbox 783 1988 1056 2047; x_wconf 85' lang='lat' dir='ltr'><strong>Albanum,</strong></span> <span class='ocrx_word' id='word_1_113' title='bbox 1079 1991 1269 2041; x_wconf 87' lang='lat' dir='ltr'><strong>crebro</strong></span> <span class='ocrx_word' id='word_1_114' title='bbox 1299 1991 1395 2041; x_wconf 82' lang='lat' dir='ltr'><strong>eti-</strong></span> 
     </span>
     <span class='ocr_line' id='line_1_22' title="bbox 319 2064 1394 2130; baseline 0.004 -17"><span class='ocrx_word' id='word_1_115' title='bbox 319 2079 404 2113; x_wconf 81' lang='lat' dir='ltr'><strong>am</strong></span> <span class='ocrx_word' id='word_1_116' title='bbox 422 2065 653 2115; x_wconf 85' lang='lat' dir='ltr'><strong>occurrit</strong></span> <span class='ocrx_word' id='word_1_117' title='bbox 670 2065 810 2128; x_wconf 85' lang='lat' dir='ltr'><strong>apud</strong></span> <span class='ocrx_word' id='word_1_118' title='bbox 828 2064 1049 2115; x_wconf 86' lang='lat' dir='ltr'><strong>Livium.</strong></span> <span class='ocrx_word' id='word_1_119' title='bbox 1086 2065 1207 2130; x_wconf 80' lang='lat' dir='ltr'><strong>Spes</strong></span> <span class='ocrx_word' id='word_1_120' title='bbox 1222 2075 1394 2117; x_wconf 86' lang='lat' dir='ltr'><strong>autem</strong></span> 
     </span>
     <span class='ocr_line' id='line_1_23' title="bbox 318 2141 1396 2208; baseline 0.004 -18"><span class='ocrx_word' id='word_1_121' title='bbox 318 2141 530 2191; x_wconf 68' lang='lat' dir='ltr'><strong>nominis</strong></span> <span class='ocrx_word' id='word_1_122' title='bbox 547 2142 770 2198; x_wconf 77' lang='lat' dir='ltr'><strong>Romani,</strong></span> <span class='ocrx_word' id='word_1_123' title='bbox 784 2149 866 2191; x_wconf 87' lang='lat' dir='ltr'><strong>est</strong></span> <span class='ocrx_word' id='word_1_124' title='bbox 881 2142 1081 2192; x_wconf 84' lang='lat' dir='ltr'><strong>soboles</strong></span> <span class='ocrx_word' id='word_1_125' title='bbox 1102 2145 1278 2208; x_wconf 86' lang='lat' dir='ltr'><strong>populi</strong></span> <span class='ocrx_word' id='word_1_126' title='bbox 1294 2145 1396 2194; x_wconf 85' lang='lat' dir='ltr'><strong>Ro·</strong></span> 
     </span>
     <span class='ocr_line' id='line_1_24' title="bbox 314 2219 1394 2281; baseline 0.005 -15"><span class='ocrx_word' id='word_1_127' title='bbox 314 2219 483 2281; x_wconf 85' lang='lat' dir='ltr'><strong>mani,</strong></span> <span class='ocrx_word' id='word_1_128' title='bbox 521 2226 632 2277; x_wconf 89' lang='lat' dir='ltr'><strong>aut,</strong></span> <span class='ocrx_word' id='word_1_129' title='bbox 670 2226 729 2268; x_wconf 91' lang='lat' dir='ltr'><strong>ut</strong></span> <span class='ocrx_word' id='word_1_130' title='bbox 774 2219 947 2269; x_wconf 84' lang='lat' dir='ltr'><strong>brevis</strong></span> <span class='ocrx_word' id='word_1_131' title='bbox 988 2221 1143 2270; x_wconf 87' lang='lat' dir='ltr'><strong>modo</strong></span> <span class='ocrx_word' id='word_1_132' title='bbox 1188 2223 1394 2272; x_wconf 76' lang='lat' dir='ltr'><strong>dixerat</strong></span> 
     </span>
     <span class='ocr_line' id='line_1_25' title="bbox 314 2293 1392 2353; baseline 0.005 -9"><span class='ocrx_word' id='word_1_133' title='bbox 314 2293 541 2353; x_wconf 82' lang='lat' dir='ltr'><strong>Plinius,</strong></span> <span class='ocrx_word' id='word_1_134' title='bbox 578 2295 817 2345; x_wconf 84' lang='lat' dir='ltr'><strong>‘soboles</strong></span> <span class='ocrx_word' id='word_1_135' title='bbox 842 2296 1113 2347; x_wconf 85' lang='lat' dir='ltr'><strong>Romana.&#39;</strong></span> <span class='ocrx_word' id='word_1_136' title='bbox 1175 2299 1392 2349; x_wconf 86' lang='lat' dir='ltr'><strong>Scilicet</strong></span> 
     </span>
     <span class='ocr_line' id='line_1_26' title="bbox 314 2374 1387 2435; baseline 0.005 -14"><span class='ocrx_word' id='word_1_137' title='bbox 314 2387 424 2435; x_wconf 83' lang='lat' dir='ltr'><strong>spes</strong></span> <span class='ocrx_word' id='word_1_138' title='bbox 446 2388 550 2423; x_wconf 87' lang='lat' dir='ltr'><strong>non</strong></span> <span class='ocrx_word' id='word_1_139' title='bbox 575 2374 739 2424; x_wconf 88' lang='lat' dir='ltr'><strong>solum</strong></span> <span class='ocrx_word' id='word_1_140' title='bbox 766 2374 830 2424; x_wconf 88' lang='lat' dir='ltr'><strong>de</strong></span> <span class='ocrx_word' id='word_1_141' title='bbox 848 2375 1025 2424; x_wconf 90' lang='lat' dir='ltr'><strong>sobole</strong></span> <span class='ocrx_word' id='word_1_142' title='bbox 1047 2376 1387 2427; x_wconf 86' lang='lat' dir='ltr'><strong>animantium</strong></span> 
     </span>
     <span class='ocr_line' id='line_1_27' title="bbox 317 2448 1388 2518; baseline 0.004 -20"><span class='ocrx_word' id='word_1_143' title='bbox 317 2448 547 2512; x_wconf 84' lang='lat' dir='ltr'><strong>dicitnr3</strong></span> <span class='ocrx_word' id='word_1_144' title='bbox 581 2459 643 2502; x_wconf 89' lang='lat' dir='ltr'><strong>nt</strong></span> <span class='ocrx_word' id='word_1_145' title='bbox 665 2449 730 2501; x_wconf 86' lang='lat' dir='ltr'><strong>de</strong></span> <span class='ocrx_word' id='word_1_146' title='bbox 754 2452 964 2517; x_wconf 87' lang='lat' dir='ltr'><strong>capellis</strong></span> <span class='ocrx_word' id='word_1_147' title='bbox 985 2453 1175 2517; x_wconf 84' lang='lat' dir='ltr'><strong>Virgil.</strong></span> <span class='ocrx_word' id='word_1_148' title='bbox 1208 2454 1388 2518; x_wconf 74' lang='lat' dir='ltr'><strong>Eclog.</strong></span> 
     </span>
     <span class='ocr_line' id='line_1_28' title="bbox 315 2529 1389 2594; baseline 0.002 -16"><span class='ocrx_word' id='word_1_149' title='bbox 315 2541 358 2578; x_wconf 84' lang='lat'><strong>1.</strong></span> <span class='ocrx_word' id='word_1_150' title='bbox 382 2532 463 2578; x_wconf 83' lang='lat'><strong>15.</strong></span> <span class='ocrx_word' id='word_1_151' title='bbox 487 2536 503 2558; x_wconf 84' lang='lat'>‘</span> <span class='ocrx_word' id='word_1_152' title='bbox 526 2529 686 2592; x_wconf 84' lang='lat' dir='ltr'><strong>Spem</strong></span> <span class='ocrx_word' id='word_1_153' title='bbox 710 2532 896 2594; x_wconf 81' lang='lat' dir='ltr'><strong>gregis,</strong></span> <span class='ocrx_word' id='word_1_154' title='bbox 921 2530 984 2579; x_wconf 86' lang='lat' dir='ltr'><strong>ab</strong></span> <span class='ocrx_word' id='word_1_155' title='bbox 1009 2530 1156 2581; x_wconf 87' lang='lat' dir='ltr'><strong>silice</strong></span> <span class='ocrx_word' id='word_1_156' title='bbox 1178 2531 1229 2579; x_wconf 91' lang='lat' dir='ltr'><strong>in</strong></span> <span class='ocrx_word' id='word_1_157' title='bbox 1248 2531 1389 2580; x_wconf 82' lang='lat' dir='ltr'><strong>nuda</strong></span> 
     </span>
     <span class='ocr_line' id='line_1_29' title="bbox 315 2603 1386 2673; baseline 0.007 -22"><span class='ocrx_word' id='word_1_158' title='bbox 315 2603 545 2654; x_wconf 84' lang='lat' dir='ltr'><strong>connixa</strong></span> <span class='ocrx_word' id='word_1_159' title='bbox 575 2606 783 2670; x_wconf 84' lang='lat' dir='ltr'><strong>reliquit</strong></span> <span class='ocrx_word' id='word_1_160' title='bbox 802 2604 849 2668; x_wconf 66' lang='grc' dir='ltr'><strong>ς’</strong></span> <span class='ocrx_word' id='word_1_161' title='bbox 881 2607 947 2656; x_wconf 88' lang='lat' dir='ltr'><strong>de</strong></span> <span class='ocrx_word' id='word_1_162' title='bbox 973 2607 1160 2672; x_wconf 89' lang='lat' dir='ltr'><strong>apibus</strong></span> <span class='ocrx_word' id='word_1_163' title='bbox 1186 2608 1386 2673; x_wconf 81' lang='lat' dir='ltr'><strong>Georg.</strong></span> 
     </span>
     <span class='ocr_line' id='line_1_30' title="bbox 318 2681 1386 2747; baseline 0.003 -18"><span class='ocrx_word' id='word_1_164' title='bbox 318 2681 758 2738; x_wconf 20' lang='lat' dir='ltr'><strong>sv.4162.5‘Aliae</strong></span> <span class='ocrx_word' id='word_1_165' title='bbox 796 2697 941 2747; x_wconf 87' lang='lat' dir='ltr'><strong>spem</strong></span> <span class='ocrx_word' id='word_1_166' title='bbox 974 2684 1142 2747; x_wconf 83' lang='lat' dir='ltr'><strong>gentis</strong></span> <span class='ocrx_word' id='word_1_167' title='bbox 1182 2684 1386 2733; x_wconf 84' lang='lat' dir='ltr'><strong>adultos</strong></span> 
     </span>
     <span class='ocr_line' id='line_1_31' title="bbox 318 2756 1387 2811; baseline 0.003 -4"><span class='ocrx_word' id='word_1_168' title='bbox 318 2756 570 2810; x_wconf 85' lang='lat' dir='ltr'><strong>Eduennt</strong></span> <span class='ocrx_word' id='word_1_169' title='bbox 590 2757 795 2811; x_wconf 70' lang='lat' dir='ltr'><strong>foetnst’</strong></span> <span class='ocrx_word' id='word_1_170' title='bbox 831 2760 924 2809; x_wconf 86' lang='lat' dir='ltr'><strong>sed</strong></span> <span class='ocrx_word' id='word_1_171' title='bbox 947 2761 1106 2810; x_wconf 85' lang='lat' dir='ltr'><strong>etiam</strong></span> <span class='ocrx_word' id='word_1_172' title='bbox 1134 2761 1217 2809; x_wconf 85' lang='lat' dir='ltr'><strong>vel</strong></span> <span class='ocrx_word' id='word_1_173' title='bbox 1247 2775 1387 2810; x_wconf 81' lang='lat' dir='ltr'><strong>max·</strong></span> 
     </span>
     <span class='ocr_line' id='line_1_32' title="bbox 319 2827 1386 2903; baseline 0.005 -21"><span class='ocrx_word' id='word_1_174' title='bbox 319 2833 419 2883; x_wconf 88' lang='lat' dir='ltr'><strong>ime</strong></span> <span class='ocrx_word' id='word_1_175' title='bbox 456 2834 655 2885; x_wconf 86' lang='lat' dir='ltr'><strong>dicitur</strong></span> <span class='ocrx_word' id='word_1_176' title='bbox 699 2835 766 2885; x_wconf 86' lang='lat' dir='ltr'><strong>de</strong></span> <span class='ocrx_word' id='word_1_177' title='bbox 806 2827 999 2898; x_wconf 85' lang='lat' dir='ltr'><strong>liberis,</strong></span> <span class='ocrx_word' id='word_1_178' title='bbox 1030 2837 1121 2903; x_wconf 89' lang='lat' dir='ltr'><strong>qui</strong></span> <span class='ocrx_word' id='word_1_179' title='bbox 1155 2837 1206 2886; x_wconf 92' lang='lat' dir='ltr'><strong>in</strong></span> <span class='ocrx_word' id='word_1_180' title='bbox 1244 2852 1386 2902; x_wconf 84' lang='lat' dir='ltr'><strong>spem</strong></span> 
     </span>
     <span class='ocr_line' id='line_1_33' title="bbox 314 2910 1388 2979; baseline 0.002 -18"><span class='ocrx_word' id='word_1_181' title='bbox 314 2910 549 2968; x_wconf 60' lang='lat' dir='ltr'><strong>familie,</strong></span> <span class='ocrx_word' id='word_1_182' title='bbox 566 2913 615 2961; x_wconf 89' lang='lat' dir='ltr'><strong>in</strong></span> <span class='ocrx_word' id='word_1_183' title='bbox 632 2927 775 2976; x_wconf 84' lang='lat' dir='ltr'><strong>spem</strong></span> <span class='ocrx_word' id='word_1_184' title='bbox 792 2914 969 2977; x_wconf 84' lang='lat' dir='ltr'><strong>populi</strong></span> <span class='ocrx_word' id='word_1_185' title='bbox 990 2921 1046 2963; x_wconf 86' lang='lat' dir='ltr'><strong>et</strong></span> <span class='ocrx_word' id='word_1_186' title='bbox 1063 2913 1388 2979; x_wconf 81' lang='lat' dir='ltr'><strong>reipublicae,</strong></span> 
     </span>
     <span class='ocr_line' id='line_1_34' title="bbox 304 2989 1391 3042; baseline 0.005 -6"><span class='ocrx_word' id='word_1_187' title='bbox 304 2996 678 3039; x_wconf 62' lang='lat' dir='ltr'><strong>succrescunt.</strong></span> <span class='ocrx_word' id='word_1_188' title='bbox 758 2989 1093 3040; x_wconf 75' lang='lat' dir='ltr'><strong>casaubonus</strong></span> <span class='ocrx_word' id='word_1_189' title='bbox 1133 2990 1198 3040; x_wconf 88' lang='lat' dir='ltr'><strong>ad</strong></span> <span class='ocrx_word' id='word_1_190' title='bbox 1238 2991 1391 3042; x_wconf 84' lang='lat' dir='ltr'><strong>Pers.</strong></span> 
     </span>
     <span class='ocr_line' id='line_1_35' title="bbox 319 3066 1389 3130; baseline 0.002 -15"><span class='ocrx_word' id='word_1_191' title='bbox 319 3066 529 3116; x_wconf 58' lang='lat' dir='ltr'><strong>San-n.</strong></span> <span class='ocrx_word' id='word_1_192' title='bbox 553 3081 605 3130; x_wconf 83' lang='lat' dir='ltr'><strong>p.</strong></span> <span class='ocrx_word' id='word_1_193' title='bbox 638 3070 753 3116; x_wconf 78' lang='lat'><strong>202.</strong></span> <span class='ocrx_word' id='word_1_194' title='bbox 774 3073 942 3130; x_wconf 86' lang='lat' dir='ltr'><strong>notat,</strong></span> <span class='ocrx_word' id='word_1_195' title='bbox 971 3068 1168 3118; x_wconf 87' lang='lat' dir='ltr'><strong>Latinis</strong></span> <span class='ocrx_word' id='word_1_196' title='bbox 1204 3066 1389 3118; x_wconf 86' lang='lat' dir='ltr'><strong>famili-</strong></span> 
     </span>
     <span class='ocr_line' id='line_1_36' title="bbox 318 3145 1389 3209; baseline 0.002 -17"><span class='ocrx_word' id='word_1_197' title='bbox 318 3156 407 3192; x_wconf 84' lang='lat' dir='ltr'><strong>are</strong></span> <span class='ocrx_word' id='word_1_198' title='bbox 430 3159 563 3200; x_wconf 78' lang='lat' dir='ltr'><strong>esse,</strong></span> <span class='ocrx_word' id='word_1_199' title='bbox 579 3145 595 3171; x_wconf 89' lang='lat'>‘</span> <span class='ocrx_word' id='word_1_200' title='bbox 618 3157 762 3207; x_wconf 24' lang='lat' dir='ltr'><strong>spe-m</strong></span> <span class='ocrx_word' id='word_1_201' title='bbox 782 3149 797 3171; x_wconf 77' lang='lat'><strong><em>⁹</em></strong></span> <span class='ocrx_word' id='word_1_202' title='bbox 817 3159 910 3208; x_wconf 89' lang='lat' dir='ltr'><strong>pro</strong></span> <span class='ocrx_word' id='word_1_203' title='bbox 929 3145 1173 3209; x_wconf 86' lang='lat' dir='ltr'><strong>pueritia,</strong></span> <span class='ocrx_word' id='word_1_204' title='bbox 1193 3153 1291 3195; x_wconf 82' lang='lat' dir='ltr'><strong>aut</strong></span> <span class='ocrx_word' id='word_1_205' title='bbox 1301 3145 1389 3209; x_wconf 83' lang='lat' dir='ltr'><strong>ju-</strong></span> 
     </span>
     <span class='ocr_line' id='line_1_37' title="bbox 319 3220 1388 3287; baseline 0.004 -19"><span class='ocrx_word' id='word_1_206' title='bbox 319 3228 559 3276; x_wconf 82' lang='lat' dir='ltr'><strong>ventute,</strong></span> <span class='ocrx_word' id='word_1_207' title='bbox 594 3220 719 3269; x_wconf 86' lang='lat' dir='ltr'><strong>item</strong></span> <span class='ocrx_word' id='word_1_208' title='bbox 765 3236 858 3285; x_wconf 85' lang='lat' dir='ltr'><strong>pro</strong></span> <span class='ocrx_word' id='word_1_209' title='bbox 892 3236 1056 3286; x_wconf 86' lang='lat' dir='ltr'><strong>puero</strong></span> <span class='ocrx_word' id='word_1_210' title='bbox 1097 3236 1159 3272; x_wconf 86' lang='lat' dir='ltr'><strong>ac</strong></span> <span class='ocrx_word' id='word_1_211' title='bbox 1189 3223 1388 3287; x_wconf 83' lang='lat' dir='ltr'><strong>juvene</strong></span> 
     </span>
     <span class='ocr_line' id='line_1_38' title="bbox 270 3296 1388 3363; baseline 0.003 -17"><span class='ocrx_word' id='word_1_212' title='bbox 270 3319 273 3322; x_wconf 97' lang='lat'>·</span> <span class='ocrx_word' id='word_1_213' title='bbox 319 3296 442 3347; x_wconf 86' lang='lat' dir='ltr'><strong>dici.</strong></span> <span class='ocrx_word' id='word_1_214' title='bbox 511 3297 705 3361; x_wconf 76' lang='lat' dir='ltr'><strong>virgil.</strong></span> <span class='ocrx_word' id='word_1_215' title='bbox 750 3305 878 3347; x_wconf 77' lang='lat' dir='ltr'><strong>‘uec</strong></span> <span class='ocrx_word' id='word_1_216' title='bbox 918 3312 1038 3361; x_wconf 86' lang='lat' dir='ltr'><strong>spes</strong></span> <span class='ocrx_word' id='word_1_217' title='bbox 1070 3299 1180 3363; x_wconf 88' lang='lat' dir='ltr'><strong>jam</strong></span> <span class='ocrx_word' id='word_1_218' title='bbox 1220 3305 1388 3349; x_wconf 85' lang='lat' dir='ltr'><strong>restat</strong></span> 
     </span>
     <span class='ocr_line' id='line_1_39' title="bbox 318 3372 1389 3437; baseline 0.003 -15"><span class='ocrx_word' id='word_1_219' title='bbox 318 3372 456 3423; x_wconf 86' lang='lat' dir='ltr'><strong>Inli.’</strong></span> <span class='ocrx_word' id='word_1_220' title='bbox 522 3374 726 3423; x_wconf 78' lang='lat' dir='ltr'><strong>Seneca</strong></span> <span class='ocrx_word' id='word_1_221' title='bbox 759 3374 897 3437; x_wconf 82' lang='lat' dir='ltr'><strong>apud</strong></span> <span class='ocrx_word' id='word_1_222' title='bbox 919 3376 1087 3425; x_wconf 84' lang='lat' dir='ltr'><strong>Tacit.</strong></span> <span class='ocrx_word' id='word_1_223' title='bbox 1125 3382 1141 3404; x_wconf 78' lang='lat'><em>⁴</em></span> <span class='ocrx_word' id='word_1_224' title='bbox 1161 3377 1389 3428; x_wconf 83' lang='lat' dir='ltr'><strong>Quartus</strong></span> 
     </span>
     <span class='ocr_line' id='line_1_40' title="bbox 316 3450 1387 3517; baseline 0.003 -17"><span class='ocrx_word' id='word_1_225' title='bbox 316 3450 551 3501; x_wconf 85' lang='lat' dir='ltr'><strong>decimus</strong></span> <span class='ocrx_word' id='word_1_226' title='bbox 596 3465 759 3500; x_wconf 77' lang='lat' dir='ltr'><strong>annus</strong></span> <span class='ocrx_word' id='word_1_227' title='bbox 805 3456 906 3516; x_wconf 88' lang='lat' dir='ltr'><strong>est,</strong></span> <span class='ocrx_word' id='word_1_228' title='bbox 944 3451 1138 3509; x_wconf 82' lang='lat' dir='ltr'><strong>Caesar,</strong></span> <span class='ocrx_word' id='word_1_229' title='bbox 1171 3466 1239 3501; x_wconf 86' lang='lat' dir='ltr'><strong>ex</strong></span> <span class='ocrx_word' id='word_1_230' title='bbox 1283 3468 1387 3517; x_wconf 85' lang='lat' dir='ltr'><strong>quo</strong></span> 
     </span>
     <span class='ocr_line' id='line_1_41' title="bbox 316 3526 1384 3591; baseline 0.002 -15"><span class='ocrx_word' id='word_1_231' title='bbox 316 3528 430 3591; x_wconf 87' lang='lat' dir='ltr'><strong>spei</strong></span> <span class='ocrx_word' id='word_1_232' title='bbox 473 3535 579 3577; x_wconf 81' lang='lat' dir='ltr'><strong>tuae</strong></span> <span class='ocrx_word' id='word_1_233' title='bbox 616 3526 888 3577; x_wconf 59' lang='lat' dir='ltr'><strong>admotus?</strong></span> <span class='ocrx_word' id='word_1_234' title='bbox 952 3528 1040 3578; x_wconf 89' lang='lat' dir='ltr'><strong>Sic</strong></span> <span class='ocrx_word' id='word_1_235' title='bbox 1078 3537 1134 3578; x_wconf 91' lang='lat' dir='ltr'><strong>et</strong></span> <span class='ocrx_word' id='word_1_236' title='bbox 1175 3527 1288 3579; x_wconf 86' lang='lat' dir='ltr'><strong>Cic.</strong></span> <span class='ocrx_word' id='word_1_237' title='bbox 1320 3529 1384 3578; x_wconf 83' lang='lat' dir='ltr'><strong>ad</strong></span> 
     </span>
     <span class='ocr_line' id='line_1_42' title="bbox 316 3604 1387 3668; baseline 0.002 -14"><span class='ocrx_word' id='word_1_238' title='bbox 316 3605 460 3654; x_wconf 84' lang='lat' dir='ltr'><strong>Fam.</strong></span> <span class='ocrx_word' id='word_1_239' title='bbox 496 3618 620 3654; x_wconf 77' lang='lat' dir='ltr'><strong>xiv.</strong></span> <span class='ocrx_word' id='word_1_240' title='bbox 655 3608 705 3653; x_wconf 82' lang='grc'><strong>4.</strong></span> <span class='ocrx_word' id='word_1_241' title='bbox 742 3605 758 3632; x_wconf 88' lang='lat'>‘</span> <span class='ocrx_word' id='word_1_242' title='bbox 780 3604 902 3653; x_wconf 85' lang='lat' dir='ltr'><strong>Mea</strong></span> <span class='ocrx_word' id='word_1_243' title='bbox 922 3604 1189 3668; x_wconf 87' lang='lat' dir='ltr'><strong>Terentia,</strong></span> <span class='ocrx_word' id='word_1_244' title='bbox 1214 3639 1228 3654; x_wconf 94' lang='lat'><strong>.</strong></span> <span class='ocrx_word' id='word_1_245' title='bbox 1255 3639 1269 3653; x_wconf 93' lang='lat'><strong>.</strong></span> <span class='ocrx_word' id='word_1_246' title='bbox 1294 3638 1307 3653; x_wconf 89' lang='lat'><strong>.</strong></span> <span class='ocrx_word' id='word_1_247' title='bbox 1330 3612 1387 3656; x_wconf 86' lang='lat' dir='ltr'><strong>et</strong></span> 
     </span>
     <span class='ocr_line' id='line_1_43' title="bbox 315 3677 1385 3749; baseline 0 -17"><span class='ocrx_word' id='word_1_248' title='bbox 315 3697 430 3732; x_wconf 84' lang='lat' dir='ltr'><strong>mea</strong></span> <span class='ocrx_word' id='word_1_249' title='bbox 444 3677 749 3731; x_wconf 75' lang='lat' dir='ltr'><strong>cliui-issima</strong></span> <span class='ocrx_word' id='word_1_250' title='bbox 770 3679 949 3742; x_wconf 84' lang='lat' dir='ltr'><strong>filiola,</strong></span> <span class='ocrx_word' id='word_1_251' title='bbox 973 3689 1029 3731; x_wconf 82' lang='lat' dir='ltr'><strong>et</strong></span> <span class='ocrx_word' id='word_1_252' title='bbox 1048 3696 1166 3746; x_wconf 85' lang='lat' dir='ltr'><strong>spes</strong></span> <span class='ocrx_word' id='word_1_253' title='bbox 1190 3683 1385 3749; x_wconf 83' lang='lat' dir='ltr'><strong>reliqna</strong></span> 
     </span>
     <span class='ocr_line' id='line_1_44' title="bbox 316 3756 1384 3820; baseline 0.002 -12"><span class='ocrx_word' id='word_1_254' title='bbox 316 3766 517 3813; x_wconf 87' lang='lat' dir='ltr'><strong>nostra,</strong></span> <span class='ocrx_word' id='word_1_255' title='bbox 550 3758 755 3820; x_wconf 85' lang='lat' dir='ltr'><strong>Cicero,</strong></span> <span class='ocrx_word' id='word_1_256' title='bbox 788 3756 996 3807; x_wconf 85' lang='lat' dir='ltr'><strong>valete.’</strong></span> <span class='ocrx_word' id='word_1_257' title='bbox 1061 3759 1196 3808; x_wconf 86' lang='lat' dir='ltr'><strong>Vide</strong></span> <span class='ocrx_word' id='word_1_258' title='bbox 1242 3774 1384 3818; x_wconf 84' lang='lat' dir='ltr'><strong>vero.</strong></span> 
     </span>
     <span class='ocr_line' id='line_1_45' title="bbox 318 3834 1384 3899; baseline 0.004 -16"><span class='ocrx_word' id='word_1_259' title='bbox 318 3850 471 3899; x_wconf 82' lang='lat' dir='ltr'><strong>qnam</strong></span> <span class='ocrx_word' id='word_1_260' title='bbox 492 3834 703 3884; x_wconf 73' lang='lat' dir='ltr'><strong>selectis</strong></span> <span class='ocrx_word' id='word_1_261' title='bbox 719 3834 960 3898; x_wconf 80' lang='lat' dir='ltr'><strong>aptisque</strong></span> <span class='ocrx_word' id='word_1_262' title='bbox 986 3834 1158 3885; x_wconf 80' lang='lat' dir='ltr'><strong>verbis</strong></span> <span class='ocrx_word' id='word_1_263' title='bbox 1181 3837 1384 3888; x_wconf 76' lang='lat' dir='ltr'><strong>Plinius</strong></span> 
     </span>
     <span class='ocr_line' id='line_1_46' title="bbox 315 3910 1385 3975; baseline 0.002 -14"><span class='ocrx_word' id='word_1_264' title='bbox 315 3913 367 3961; x_wconf 90' lang='lat' dir='ltr'><strong>in</strong></span> <span class='ocrx_word' id='word_1_265' title='bbox 390 3913 489 3961; x_wconf 88' lang='lat' dir='ltr'><strong>hae</strong></span> <span class='ocrx_word' id='word_1_266' title='bbox 517 3926 572 3960; x_wconf 87' lang='lat' dir='ltr'><strong>re</strong></span> <span class='ocrx_word' id='word_1_267' title='bbox 596 3910 938 3975; x_wconf 85' lang='lat' dir='ltr'><strong>exprimenda</strong></span> <span class='ocrx_word' id='word_1_268' title='bbox 963 3914 1168 3974; x_wconf 63' lang='lat' dir='ltr'><strong>utatur!</strong></span> <span class='ocrx_word' id='word_1_269' title='bbox 1227 3915 1385 3964; x_wconf 87' lang='lat' dir='ltr'><strong>Post·</strong></span> 
     </span>
     <span class='ocr_line' id='line_1_47' title="bbox 319 3991 1384 4057; baseline 0 -16"><span class='ocrx_word' id='word_1_270' title='bbox 319 3991 966 4057; x_wconf 56' lang='lat' dir='ltr'><strong>quamenimfrrajanum</strong></span> <span class='ocrx_word' id='word_1_271' title='bbox 1012 3992 1220 4041; x_wconf 73' lang='lat' dir='ltr'><strong>dixerat</strong></span> <span class='ocrx_word' id='word_1_272' title='bbox 1263 3991 1384 4057; x_wconf 60' lang='lat' dir='ltr'><strong>‘th-</strong></span> 
     </span>
     <span class='ocr_line' id='line_1_48' title="bbox 321 4066 1384 4132; baseline 0.005 -16"><span class='ocrx_word' id='word_1_273' title='bbox 321 4078 519 4118; x_wconf 86' lang='lat' dir='ltr'><strong>rentem</strong></span> <span class='ocrx_word' id='word_1_274' title='bbox 540 4067 805 4132; x_wconf 86' lang='lat' dir='ltr'><strong>publicum</strong></span> <span class='ocrx_word' id='word_1_275' title='bbox 825 4066 858 4130; x_wconf 71' lang='grc' dir='ltr'><strong>ς’</strong></span> <span class='ocrx_word' id='word_1_276' title='bbox 881 4082 1015 4118; x_wconf 89' lang='lat' dir='ltr'><strong>nunc</strong></span> <span class='ocrx_word' id='word_1_277' title='bbox 1033 4069 1264 4119; x_wconf 87' lang='lat' dir='ltr'><strong>sobolem</strong></span> <span class='ocrx_word' id='word_1_278' title='bbox 1283 4071 1384 4121; x_wconf 86' lang='lat' dir='ltr'><strong>Ro·</strong></span> 
     </span>
     <span class='ocr_line' id='line_1_49' title="bbox 318 4147 1385 4212; baseline 0.004 -18"><span class='ocrx_word' id='word_1_279' title='bbox 318 4158 519 4194; x_wconf 80' lang='lat' dir='ltr'><strong>menam</strong></span> <span class='ocrx_word' id='word_1_280' title='bbox 530 4148 700 4194; x_wconf 81' lang='lat' dir='ltr'><strong>-vocat</strong></span> <span class='ocrx_word' id='word_1_281' title='bbox 718 4158 866 4208; x_wconf 83' lang='lat' dir='ltr'><strong>spem,</strong></span> <span class='ocrx_word' id='word_1_282' title='bbox 899 4154 1084 4208; x_wconf 84' lang='lat' dir='ltr'><strong>utpote</strong></span> <span class='ocrx_word' id='word_1_283' title='bbox 1109 4147 1176 4197; x_wconf 90' lang='lat' dir='ltr'><strong>de</strong></span> <span class='ocrx_word' id='word_1_284' title='bbox 1198 4163 1300 4212; x_wconf 83' lang='lat' dir='ltr'><strong>qua</strong></span> <span class='ocrx_word' id='word_1_285' title='bbox 1333 4149 1385 4197; x_wconf 89' lang='lat' dir='ltr'><strong>in</strong></span> 
     </span>
     <span class='ocr_line' id='line_1_50' title="bbox 320 4219 1384 4289; baseline 0.004 -19"><span class='ocrx_word' id='word_1_286' title='bbox 320 4219 547 4271; x_wconf 79' lang='lat' dir='ltr'><strong>futurum</strong></span> <span class='ocrx_word' id='word_1_287' title='bbox 569 4226 777 4285; x_wconf 78' lang='lat' dir='ltr'><strong>tempus</strong></span> <span class='ocrx_word' id='word_1_288' title='bbox 801 4221 999 4285; x_wconf 87' lang='lat' dir='ltr'><strong>optima</strong></span> <span class='ocrx_word' id='word_1_289' title='bbox 1019 4238 1237 4289; x_wconf 80' lang='lat' dir='ltr'><strong>qnaeque</strong></span> <span class='ocrx_word' id='word_1_290' title='bbox 1266 4238 1384 4288; x_wconf 87' lang='lat' dir='ltr'><strong>spe·</strong></span> 
     </span>
     <span class='ocr_line' id='line_1_51' title="bbox 318 4299 1385 4365; baseline 0.005 -17"><span class='ocrx_word' id='word_1_291' title='bbox 318 4312 433 4351; x_wconf 71' lang='lat' dir='ltr'><strong>rare</strong></span> <span class='ocrx_word' id='word_1_292' title='bbox 467 4305 678 4365; x_wconf 85' lang='lat' dir='ltr'><strong>poterat</strong></span> <span class='ocrx_word' id='word_1_293' title='bbox 715 4312 902 4363; x_wconf 83' lang='lat' dir='ltr'><strong>parens</strong></span> <span class='ocrx_word' id='word_1_294' title='bbox 941 4299 1206 4365; x_wconf 82' lang='lat' dir='ltr'><strong>publicus3</strong></span> <span class='ocrx_word' id='word_1_295' title='bbox 1241 4301 1385 4364; x_wconf 80' lang='lat' dir='ltr'><strong>deni-</strong></span> 
     </span>
    </p>
   </div>
   <div class='ocr_carea' id='block_1_6' title="bbox 2408 373 2540 442">
    <p class='ocr_par' dir='ltr' id='par_1_7' title="bbox 2408 373 2540 442">
     <span class='ocr_line' id='line_1_52' title="bbox 2408 373 2540 442; baseline 0 -2"><span class='ocrx_word' id='word_1_296' title='bbox 2408 373 2540 442; x_wconf 79' lang='lat'><strong>567</strong></span> 
     </span>
    </p>
   </div>
   <div class='ocr_carea' id='block_1_7' title="bbox 1456 528 2543 4367">
    <p class='ocr_par' dir='ltr' id='par_1_8' title="bbox 1456 528 2543 4129">
     <span class='ocr_line' id='line_1_53' title="bbox 1471 528 2540 595; baseline 0.001 -16"><span class='ocrx_word' id='word_1_297' title='bbox 1471 544 1573 595; x_wconf 89' lang='lat' dir='ltr'><strong>qne</strong></span> <span class='ocrx_word' id='word_1_298' title='bbox 1618 544 1804 580; x_wconf 87' lang='lat' dir='ltr'><strong>munus</strong></span> <span class='ocrx_word' id='word_1_299' title='bbox 1839 536 1896 580; x_wconf 86' lang='lat' dir='ltr'><strong>et</strong></span> <span class='ocrx_word' id='word_1_300' title='bbox 1928 528 2237 580; x_wconf 85' lang='lat' dir='ltr'><strong>beneficium</strong></span> <span class='ocrx_word' id='word_1_301' title='bbox 2270 534 2540 595; x_wconf 81' lang='lat' dir='ltr'><strong>paternum</strong></span> 
     </span>
     <span class='ocr_line' id='line_1_54' title="bbox 1468 606 2543 671; baseline -0.002 -14"><span class='ocrx_word' id='word_1_302' title='bbox 1468 607 1868 671; x_wconf 66' lang='lat' dir='ltr'><strong>exprimit-per</strong></span> <span class='ocrx_word' id='word_1_303' title='bbox 1922 607 2136 656; x_wconf 81' lang='lat' dir='ltr'><strong>verbum</strong></span> <span class='ocrx_word' id='word_1_304' title='bbox 2178 608 2193 637; x_wconf 89' lang='lat'>‘</span> <span class='ocrx_word' id='word_1_305' title='bbox 2223 606 2543 671; x_wconf 84' lang='lat' dir='ltr'><strong>suscipere.&#39;</strong></span> 
     </span>
     <span class='ocr_line' id='line_1_55' title="bbox 1466 682 2543 748; baseline -0.001 -13"><span class='ocrx_word' id='word_1_306' title='bbox 1466 684 1483 713; x_wconf 89' lang='lat'>‘</span> <span class='ocrx_word' id='word_1_307' title='bbox 1502 682 1981 748; x_wconf 72' lang='lat' dir='ltr'><strong>Suscipis,&#39;inquit‚</strong></span> <span class='ocrx_word' id='word_1_308' title='bbox 1996 686 2013 715; x_wconf 82' lang='lat'>‘</span> <span class='ocrx_word' id='word_1_309' title='bbox 2029 698 2180 747; x_wconf 85' lang='lat' dir='ltr'><strong>spem</strong></span> <span class='ocrx_word' id='word_1_310' title='bbox 2193 684 2412 735; x_wconf 85' lang='lat' dir='ltr'><strong>nominis</strong></span> <span class='ocrx_word' id='word_1_311' title='bbox 2431 683 2543 734; x_wconf 87' lang='lat' dir='ltr'><strong>Ro·</strong></span> 
     </span>
     <span class='ocr_line' id='line_1_56' title="bbox 1469 760 2543 822; baseline 0.001 -13"><span class='ocrx_word' id='word_1_312' title='bbox 1469 760 1648 822; x_wconf 85' lang='lat' dir='ltr'><strong>mani,’</strong></span> <span class='ocrx_word' id='word_1_313' title='bbox 1683 762 1734 809; x_wconf 82' lang='lat' dir='ltr'><strong>h.</strong></span> <span class='ocrx_word' id='word_1_314' title='bbox 1758 775 1807 809; x_wconf 89' lang='lat' dir='ltr'><strong>e.</strong></span> <span class='ocrx_word' id='word_1_315' title='bbox 1842 761 2071 810; x_wconf 87' lang='lat' dir='ltr'><strong>sobolem</strong></span> <span class='ocrx_word' id='word_1_316' title='bbox 2096 760 2399 818; x_wconf 84' lang='lat' dir='ltr'><strong>Romanam,</strong></span> <span class='ocrx_word' id='word_1_317' title='bbox 2425 766 2543 810; x_wconf 89' lang='lat' dir='ltr'><strong>tan-</strong></span> 
     </span>
     <span class='ocr_line' id='line_1_57' title="bbox 1471 831 2541 903; baseline 0.002 -17"><span class='ocrx_word' id='word_1_318' title='bbox 1471 852 1625 901; x_wconf 85' lang='lat' dir='ltr'><strong>quam</strong></span> <span class='ocrx_word' id='word_1_319' title='bbox 1648 831 1837 901; x_wconf 64' lang='lat' dir='ltr'><strong>lpater,</strong></span> <span class='ocrx_word' id='word_1_320' title='bbox 1874 836 2110 886; x_wconf 83' lang='lat' dir='ltr'><strong>alendam</strong></span> <span class='ocrx_word' id='word_1_321' title='bbox 2148 836 2541 903; x_wconf 68' lang='lat' dir='ltr'><strong>educandpmve</strong></span> 
     </span>
     <span class='ocr_line' id='line_1_58' title="bbox 1470 913 2541 978; baseline 0 -15"><span class='ocrx_word' id='word_1_322' title='bbox 1470 913 1732 963; x_wconf 77' lang='lat' dir='ltr'><strong>decernis.</strong></span> <span class='ocrx_word' id='word_1_323' title='bbox 1754 916 1769 945; x_wconf 89' lang='lat'>‘</span> <span class='ocrx_word' id='word_1_324' title='bbox 1790 913 2028 965; x_wconf 79' lang='lat' dir='ltr'><strong>Tollere-⁹</strong></span> <span class='ocrx_word' id='word_1_325' title='bbox 2053 913 2189 963; x_wconf 89' lang='lat' dir='ltr'><strong>enim</strong></span> <span class='ocrx_word' id='word_1_326' title='bbox 2209 914 2293 964; x_wconf 89' lang='lat' dir='ltr'><strong>et‘</strong></span> <span class='ocrx_word' id='word_1_327' title='bbox 2310 914 2541 978; x_wconf 81' lang='lat' dir='ltr'><strong>suscipe-</strong></span> 
     </span>
     <span class='ocr_line' id='line_1_59' title="bbox 1473 989 2542 1056; baseline 0.001 -17"><span class='ocrx_word' id='word_1_328' title='bbox 1473 1005 1531 1040; x_wconf 86' lang='lat' dir='ltr'><strong>re</strong></span> <span class='ocrx_word' id='word_1_329' title='bbox 1553 989 1784 1053; x_wconf 85' lang='lat' dir='ltr'><strong>liberos‚’</strong></span> <span class='ocrx_word' id='word_1_330' title='bbox 1815 991 2079 1056; x_wconf 80' lang='lat' dir='ltr'><strong>proprium</strong></span> <span class='ocrx_word' id='word_1_331' title='bbox 2105 998 2471 1055; x_wconf 82' lang='lat' dir='ltr'><strong>eratpatrum,</strong></span> <span class='ocrx_word' id='word_1_332' title='bbox 2492 991 2542 1041; x_wconf 88' lang='lat' dir='ltr'><strong>si</strong></span> 
     </span>
     <span class='ocr_line' id='line_1_60' title="bbox 1472 1067 2543 1133; baseline 0.002 -16"><span class='ocrx_word' id='word_1_333' title='bbox 1472 1082 1602 1133; x_wconf 88' lang='lat' dir='ltr'><strong>quos</strong></span> <span class='ocrx_word' id='word_1_334' title='bbox 1641 1069 1832 1117; x_wconf 87' lang='lat' dir='ltr'><strong>liberos</strong></span> <span class='ocrx_word' id='word_1_335' title='bbox 1872 1067 2173 1117; x_wconf 73' lang='lat' dir='ltr'><strong>nntriendos</strong></span> <span class='ocrx_word' id='word_1_336' title='bbox 2221 1069 2543 1119; x_wconf 75' lang='lat' dir='ltr'><strong>educandos-</strong></span> 
     </span>
     <span class='ocr_line' id='line_1_61' title="bbox 1472 1134 2541 1208; baseline 0.002 -15"><span class='ocrx_word' id='word_1_337' title='bbox 1472 1157 1576 1208; x_wconf 87' lang='lat' dir='ltr'><strong>que</strong></span> <span class='ocrx_word' id='word_1_338' title='bbox 1600 1143 1963 1192; x_wconf 84' lang='lat' dir='ltr'><strong>decernerent.</strong></span> <span class='ocrx_word' id='word_1_339' title='bbox 2030 1143 2161 1195; x_wconf 82' lang='lat' dir='ltr'><strong>Quis</strong></span> <span class='ocrx_word' id='word_1_340' title='bbox 2186 1145 2324 1194; x_wconf 89' lang='lat' dir='ltr'><strong>enim</strong></span> <span class='ocrx_word' id='word_1_341' title='bbox 2353 1134 2541 1203; x_wconf 81' lang='lat' dir='ltr'><strong>nescit.</strong></span> 
     </span>
     <span class='ocr_line' id='line_1_62' title="bbox 1472 1220 2542 1286; baseline 0.002 -15"><span class='ocrx_word' id='word_1_342' title='bbox 1472 1222 1729 1271; x_wconf 79' lang='lat' dir='ltr'><strong>Romanos</strong></span> <span class='ocrx_word' id='word_1_343' title='bbox 1752 1221 2101 1277; x_wconf 73' lang='lat' dir='ltr'><strong>consuevisse,</strong></span> <span class='ocrx_word' id='word_1_344' title='bbox 2122 1220 2368 1286; x_wconf 84' lang='lat' dir='ltr'><strong>infantes,</strong></span> <span class='ocrx_word' id='word_1_345' title='bbox 2388 1223 2542 1274; x_wconf 83' lang='lat' dir='ltr'><strong>simul</strong></span> 
     </span>
     <span class='ocr_line' id='line_1_63' title="bbox 1471 1295 2539 1361; baseline 0.003 -16"><span class='ocrx_word' id='word_1_346' title='bbox 1471 1295 1601 1345; x_wconf 90' lang='lat' dir='ltr'><strong>editi</strong></span> <span class='ocrx_word' id='word_1_347' title='bbox 1641 1304 1833 1359; x_wconf 84' lang='lat' dir='ltr'><strong>essent,</strong></span> <span class='ocrx_word' id='word_1_348' title='bbox 1868 1296 2009 1346; x_wconf 79' lang='lat' dir='ltr'><strong>humi</strong></span> <span class='ocrx_word' id='word_1_349' title='bbox 2047 1296 2327 1361; x_wconf 85' lang='lat' dir='ltr'><strong>deponere,</strong></span> <span class='ocrx_word' id='word_1_350' title='bbox 2368 1304 2426 1347; x_wconf 88' lang='lat' dir='ltr'><strong>ut</strong></span> <span class='ocrx_word' id='word_1_351' title='bbox 2462 1298 2539 1349; x_wconf 91' lang='grc' dir='ltr'><strong>Ο-</strong></span> 
     </span>
     <span class='ocr_line' id='line_1_64' title="bbox 1471 1378 2541 1437; baseline 0.002 -15"><span class='ocrx_word' id='word_1_352' title='bbox 1471 1387 1608 1437; x_wconf 87' lang='lat' dir='ltr'><strong>pem,</strong></span> <span class='ocrx_word' id='word_1_353' title='bbox 1650 1378 1891 1436; x_wconf 85' lang='lat' dir='ltr'><strong>tanquam</strong></span> <span class='ocrx_word' id='word_1_354' title='bbox 1937 1381 2151 1422; x_wconf 80' lang='lat' dir='ltr'><strong>matrem</strong></span> <span class='ocrx_word' id='word_1_355' title='bbox 2195 1388 2541 1436; x_wconf 83' lang='lat' dir='ltr'><strong>communem,</strong></span> 
     </span>
     <span class='ocr_line' id='line_1_65' title="bbox 1470 1449 2542 1514; baseline 0.001 -16"><span class='ocrx_word' id='word_1_356' title='bbox 1470 1451 1779 1514; x_wconf 86' lang='lat' dir='ltr'><strong>salutarent,</strong></span> <span class='ocrx_word' id='word_1_357' title='bbox 1801 1449 1886 1513; x_wconf 87' lang='lat' dir='ltr'><strong>cuj</strong></span> <span class='ocrx_word' id='word_1_358' title='bbox 1896 1463 1952 1498; x_wconf 89' lang='lat' dir='ltr'><strong>ns</strong></span> <span class='ocrx_word' id='word_1_359' title='bbox 1984 1464 2082 1514; x_wconf 87' lang='lat' dir='ltr'><strong>ope</strong></span> <span class='ocrx_word' id='word_1_360' title='bbox 2107 1450 2317 1514; x_wconf 80' lang='lat' dir='ltr'><strong>posthac</strong></span> <span class='ocrx_word' id='word_1_361' title='bbox 2341 1450 2542 1512; x_wconf 81' lang='lat' dir='ltr'><strong>indige-</strong></span> 
     </span>
     <span class='ocr_line' id='line_1_66' title="bbox 1471 1525 2541 1588; baseline 0.001 -14"><span class='ocrx_word' id='word_1_362' title='bbox 1471 1527 1626 1574; x_wconf 86' lang='lat' dir='ltr'><strong>rent?</strong></span> <span class='ocrx_word' id='word_1_363' title='bbox 1685 1526 1850 1577; x_wconf 83' lang='lat' dir='ltr'><strong>Quem</strong></span> <span class='ocrx_word' id='word_1_364' title='bbox 1888 1531 2060 1574; x_wconf 84' lang='lat' dir='ltr'><strong>antem</strong></span> <span class='ocrx_word' id='word_1_365' title='bbox 2103 1530 2254 1588; x_wconf 86' lang='lat' dir='ltr'><strong>pater</strong></span> <span class='ocrx_word' id='word_1_366' title='bbox 2288 1525 2541 1588; x_wconf 81' lang='lat' dir='ltr'><strong>probaret</strong></span> 
     </span>
     <span class='ocr_line' id='line_1_67' title="bbox 1471 1601 2539 1665; baseline 0 -15"><span class='ocrx_word' id='word_1_367' title='bbox 1471 1608 1527 1651; x_wconf 90' lang='lat' dir='ltr'><strong>et</strong></span> <span class='ocrx_word' id='word_1_368' title='bbox 1566 1602 1725 1659; x_wconf 84' lang='lat' dir='ltr'><strong>alere,</strong></span> <span class='ocrx_word' id='word_1_369' title='bbox 1751 1616 1848 1651; x_wconf 89' lang='lat' dir='ltr'><strong>uec</strong></span> <span class='ocrx_word' id='word_1_370' title='bbox 1887 1615 2153 1665; x_wconf 84' lang='lat' dir='ltr'><strong>exponere</strong></span> <span class='ocrx_word' id='word_1_371' title='bbox 2194 1601 2375 1662; x_wconf 70' lang='lat' dir='ltr'><strong>vellet,</strong></span> <span class='ocrx_word' id='word_1_372' title='bbox 2401 1602 2539 1651; x_wconf 88' lang='lat' dir='ltr'><strong>bnnc</strong></span> 
     </span>
     <span class='ocr_line' id='line_1_68' title="bbox 1470 1675 2541 1741; baseline -0.001 -14"><span class='ocrx_word' id='word_1_373' title='bbox 1470 1678 1627 1728; x_wconf 84' lang='lat' dir='ltr'><strong>humo</strong></span> <span class='ocrx_word' id='word_1_374' title='bbox 1650 1680 1666 1706; x_wconf 89' lang='lat'>‘</span> <span class='ocrx_word' id='word_1_375' title='bbox 1684 1677 1944 1741; x_wconf 84' lang='lat' dir='ltr'><strong>tollebat,’</strong></span> <span class='ocrx_word' id='word_1_376' title='bbox 1981 1677 2090 1726; x_wconf 77' lang='lat' dir='ltr'><strong>sive</strong></span> <span class='ocrx_word' id='word_1_377' title='bbox 2130 1678 2147 1707; x_wconf 86' lang='lat'>‘</span> <span class='ocrx_word' id='word_1_378' title='bbox 2168 1676 2490 1740; x_wconf 82' lang='lat' dir='ltr'><strong>suscipiebat</strong></span> <span class='ocrx_word' id='word_1_379' title='bbox 2504 1675 2541 1738; x_wconf 72' lang='grc' dir='ltr'><strong>ς’</strong></span> 
     </span>
     <span class='ocr_line' id='line_1_69' title="bbox 1470 1750 2538 1821; baseline -0.003 -16"><span class='ocrx_word' id='word_1_380' title='bbox 1470 1770 1626 1821; x_wconf 81' lang='lat' dir='ltr'><strong>qnam</strong></span> <span class='ocrx_word' id='word_1_381' title='bbox 1665 1756 2048 1818; x_wconf 79' lang='lat' dir='ltr'><strong>susceptionem</strong></span> <span class='ocrx_word' id='word_1_382' title='bbox 2092 1752 2382 1804; x_wconf 71' lang='lat' dir='ltr'><strong>credebant</strong></span> <span class='ocrx_word' id='word_1_383' title='bbox 2420 1750 2538 1803; x_wconf 85' lang='lat' dir='ltr'><strong>fieri</strong></span> 
     </span>
     <span class='ocr_line' id='line_1_70' title="bbox 1469 1829 2538 1896; baseline -0.001 -15"><span class='ocrx_word' id='word_1_384' title='bbox 1469 1846 1571 1896; x_wconf 92' lang='lat' dir='ltr'><strong>ope</strong></span> <span class='ocrx_word' id='word_1_385' title='bbox 1596 1834 1817 1883; x_wconf 77' lang='lat' dir='ltr'><strong>Levauae</strong></span> <span class='ocrx_word' id='word_1_386' title='bbox 1831 1832 2114 1895; x_wconf 76' lang='lat' dir='ltr'><strong>Deae,quae</strong></span> <span class='ocrx_word' id='word_1_387' title='bbox 2135 1830 2338 1881; x_wconf 84' lang='lat' dir='ltr'><strong>scilieet</strong></span> <span class='ocrx_word' id='word_1_388' title='bbox 2361 1829 2538 1893; x_wconf 83' lang='lat' dir='ltr'><strong>pueris</strong></span> 
     </span>
     <span class='ocr_line' id='line_1_71' title="bbox 1471 1907 2537 1971; baseline -0.001 -13"><span class='ocrx_word' id='word_1_389' title='bbox 1471 1910 1698 1960; x_wconf 78' lang='lat' dir='ltr'><strong>deterre</strong></span> <span class='ocrx_word' id='word_1_390' title='bbox 1726 1907 1960 1959; x_wconf 75' lang='lat' dir='ltr'><strong>levandis</strong></span> <span class='ocrx_word' id='word_1_391' title='bbox 1993 1912 2260 1971; x_wconf 76' lang='lat' dir='ltr'><strong>praeesset.</strong></span> <span class='ocrx_word' id='word_1_392' title='bbox 2327 1907 2445 1958; x_wconf 86' lang='lat' dir='ltr'><strong>Qua</strong></span> <span class='ocrx_word' id='word_1_393' title='bbox 2468 1907 2537 1957; x_wconf 83' lang='lat' dir='ltr'><strong>de</strong></span> 
     </span>
     <span class='ocr_line' id='line_1_72' title="bbox 1472 1983 2538 2051; baseline -0.004 -14"><span class='ocrx_word' id='word_1_394' title='bbox 1472 2002 1549 2043; x_wconf 84' lang='lat' dir='ltr'><strong>re,</strong></span> <span class='ocrx_word' id='word_1_395' title='bbox 1573 1996 1766 2051; x_wconf 83' lang='lat' dir='ltr'><strong>praeter</strong></span> <span class='ocrx_word' id='word_1_396' title='bbox 1789 1986 1932 2042; x_wconf 84' lang='lat' dir='ltr'><strong>aiios,</strong></span> <span class='ocrx_word' id='word_1_397' title='bbox 1955 1985 2099 2035; x_wconf 84' lang='lat' dir='ltr'><strong>adire</strong></span> <span class='ocrx_word' id='word_1_398' title='bbox 2121 1984 2249 2035; x_wconf 84' lang='lat' dir='ltr'><strong>licet</strong></span> <span class='ocrx_word' id='word_1_399' title='bbox 2280 1983 2378 2033; x_wconf 88' lang='lat' dir='ltr'><strong>Tb.</strong></span> <span class='ocrx_word' id='word_1_400' title='bbox 2405 1984 2538 2034; x_wconf 80' lang='lat' dir='ltr'><strong>Bar-</strong></span> 
     </span>
     <span class='ocr_line' id='line_1_73' title="bbox 1470 2062 2537 2128; baseline -0.001 -14"><span class='ocrx_word' id='word_1_401' title='bbox 1470 2066 1722 2115; x_wconf 77' lang='lat' dir='ltr'><strong>tliolinum</strong></span> <span class='ocrx_word' id='word_1_402' title='bbox 1760 2065 1828 2114; x_wconf 86' lang='lat' dir='ltr'><strong>de</strong></span> <span class='ocrx_word' id='word_1_403' title='bbox 1863 2063 2157 2128; x_wconf 87' lang='lat' dir='ltr'><strong>Pnerperio</strong></span> <span class='ocrx_word' id='word_1_404' title='bbox 2183 2062 2453 2120; x_wconf 84' lang='lat' dir='ltr'><strong>Veterum,</strong></span> <span class='ocrx_word' id='word_1_405' title='bbox 2482 2076 2537 2127; x_wconf 83' lang='lat' dir='ltr'><strong>p.</strong></span> 
     </span>
     <span class='ocr_line' id='line_1_74' title="bbox 1468 2139 2539 2208; baseline -0.002 -15"><span class='ocrx_word' id='word_1_406' title='bbox 1468 2147 1553 2193; x_wconf 73' lang='lat'><strong>⁷3.</strong></span> <span class='ocrx_word' id='word_1_407' title='bbox 1596 2158 1741 2208; x_wconf 78' lang='lat' dir='ltr'><strong>seqq.</strong></span> <span class='ocrx_word' id='word_1_408' title='bbox 1829 2143 2038 2207; x_wconf 85' lang='lat' dir='ltr'><strong>Itaque,</strong></span> <span class='ocrx_word' id='word_1_409' title='bbox 2081 2148 2136 2192; x_wconf 89' lang='lat' dir='ltr'><strong>et</strong></span> <span class='ocrx_word' id='word_1_410' title='bbox 2180 2139 2436 2191; x_wconf 83' lang='lat' dir='ltr'><strong>‘tollere’</strong></span> <span class='ocrx_word' id='word_1_411' title='bbox 2479 2149 2539 2192; x_wconf 88' lang='lat' dir='ltr'><strong>et</strong></span> 
     </span>
     <span class='ocr_line' id='line_1_75' title="bbox 1468 2215 2538 2285; baseline 0.002 -19"><span class='ocrx_word' id='word_1_412' title='bbox 1468 2221 1780 2285; x_wconf 69' lang='lat' dir='ltr'><strong>§suscipere</strong></span> <span class='ocrx_word' id='word_1_413' title='bbox 1838 2215 2068 2275; x_wconf 86' lang='lat' dir='ltr'><strong>liberos,&#39;</strong></span> <span class='ocrx_word' id='word_1_414' title='bbox 2115 2216 2538 2283; x_wconf 79' lang='lat' dir='ltr'><strong>frequentissime</strong></span> 
     </span>
     <span class='ocr_line' id='line_1_76' title="bbox 1467 2296 2537 2362; baseline -0.008 -13"><span class='ocrx_word' id='word_1_415' title='bbox 1467 2299 1659 2349; x_wconf 86' lang='lat' dir='ltr'><strong>dicitur</strong></span> <span class='ocrx_word' id='word_1_416' title='bbox 1691 2313 1786 2362; x_wconf 91' lang='lat' dir='ltr'><strong>pro</strong></span> <span class='ocrx_word' id='word_1_417' title='bbox 1808 2296 2009 2348; x_wconf 88' lang='lat' dir='ltr'><strong>nutrire</strong></span> <span class='ocrx_word' id='word_1_418' title='bbox 2043 2296 2232 2346; x_wconf 85' lang='lat' dir='ltr'><strong>liberos</strong></span> <span class='ocrx_word' id='word_1_419' title='bbox 2269 2303 2325 2345; x_wconf 88' lang='lat' dir='ltr'><strong>et</strong></span> <span class='ocrx_word' id='word_1_420' title='bbox 2348 2296 2537 2346; x_wconf 70' lang='lat' dir='ltr'><strong>educa-</strong></span> 
     </span>
     <span class='ocr_line' id='line_1_77' title="bbox 1466 2373 2538 2429; baseline -0.004 -5"><span class='ocrx_word' id='word_1_421' title='bbox 1466 2377 1574 2426; x_wconf 77' lang='lat' dir='ltr'><strong>re.&#39;</strong></span> <span class='ocrx_word' id='word_1_422' title='bbox 1608 2376 1695 2425; x_wconf 87' lang='lat' dir='ltr'><strong>Sic</strong></span> <span class='ocrx_word' id='word_1_423' title='bbox 1724 2375 1939 2424; x_wconf 85' lang='lat' dir='ltr'><strong>Terent.</strong></span> <span class='ocrx_word' id='word_1_424' title='bbox 1977 2373 2140 2423; x_wconf 87' lang='lat' dir='ltr'><strong>Andr.</strong></span> <span class='ocrx_word' id='word_1_425' title='bbox 2174 2387 2216 2424; x_wconf 90' lang='lat'><strong>1.</strong></span> <span class='ocrx_word' id='word_1_426' title='bbox 2253 2376 2301 2422; x_wconf 78' lang='lat'><strong>8.</strong></span> <span class='ocrx_word' id='word_1_427' title='bbox 2330 2377 2409 2422; x_wconf 75' lang='lat'><strong>14.</strong></span> <span class='ocrx_word' id='word_1_428' title='bbox 2446 2374 2538 2429; x_wconf 81' lang='lat' dir='ltr'><strong>ait,</strong></span> 
     </span>
     <span class='ocr_line' id='line_1_78' title="bbox 1462 2449 2535 2516; baseline -0.002 -13"><span class='ocrx_word' id='word_1_429' title='bbox 1462 2454 1478 2481; x_wconf 89' lang='lat'>‘</span> <span class='ocrx_word' id='word_1_430' title='bbox 1518 2452 1782 2516; x_wconf 83' lang='lat' dir='ltr'><strong>Quicquid</strong></span> <span class='ocrx_word' id='word_1_431' title='bbox 1827 2452 2136 2515; x_wconf 82' lang='lat' dir='ltr'><strong>peperisset,</strong></span> <span class='ocrx_word' id='word_1_432' title='bbox 2180 2449 2535 2500; x_wconf 79' lang='lat' dir='ltr'><strong>decreverunt</strong></span> 
     </span>
     <span class='ocr_line' id='line_1_79' title="bbox 1466 2528 2537 2579; baseline -0.002 0"><span class='ocrx_word' id='word_1_433' title='bbox 1466 2528 1691 2579; x_wconf 87' lang='lat' dir='ltr'><strong>tollere.’</strong></span> <span class='ocrx_word' id='word_1_434' title='bbox 1760 2530 1831 2579; x_wconf 87' lang='lat' dir='ltr'><strong>Et</strong></span> <span class='ocrx_word' id='word_1_435' title='bbox 1871 2529 2035 2578; x_wconf 81' lang='lat' dir='ltr'><strong>Andr.</strong></span> <span class='ocrx_word' id='word_1_436' title='bbox 2076 2542 2153 2578; x_wconf 77' lang='lat' dir='ltr'><strong>iv.</strong></span> <span class='ocrx_word' id='word_1_437' title='bbox 2182 2532 2232 2578; x_wconf 78' lang='grc'><strong>4.</strong></span> <span class='ocrx_word' id='word_1_438' title='bbox 2266 2532 2345 2578; x_wconf 74' lang='grc'><strong>37.</strong></span> <span class='ocrx_word' id='word_1_439' title='bbox 2377 2529 2394 2557; x_wconf 76' lang='lat'><strong>⁴</strong></span> <span class='ocrx_word' id='word_1_440' title='bbox 2416 2528 2537 2578; x_wconf 82' lang='lat' dir='ltr'><strong>Nisi</strong></span> 
     </span>
     <span class='ocr_line' id='line_1_80' title="bbox 1463 2606 2535 2671; baseline 0 -16"><span class='ocrx_word' id='word_1_441' title='bbox 1463 2620 1681 2670; x_wconf 84' lang='lat' dir='ltr'><strong>puerum</strong></span> <span class='ocrx_word' id='word_1_442' title='bbox 1720 2606 1879 2671; x_wconf 83' lang='lat' dir='ltr'><strong>tollis,</strong></span> <span class='ocrx_word' id='word_1_443' title='bbox 1906 2606 2018 2670; x_wconf 76' lang='lat' dir='ltr'><strong>jam</strong></span> <span class='ocrx_word' id='word_1_444' title='bbox 2053 2620 2152 2669; x_wconf 83' lang='lat' dir='ltr'><strong>ego</strong></span> <span class='ocrx_word' id='word_1_445' title='bbox 2173 2606 2307 2656; x_wconf 86' lang='lat' dir='ltr'><strong>bunc</strong></span> <span class='ocrx_word' id='word_1_446' title='bbox 2339 2606 2394 2654; x_wconf 88' lang='lat' dir='ltr'><strong>in</strong></span> <span class='ocrx_word' id='word_1_447' title='bbox 2427 2621 2535 2655; x_wconf 84' lang='lat' dir='ltr'><strong>me-</strong></span> 
     </span>
     <span class='ocr_line' id='line_1_81' title="bbox 1460 2680 2534 2746; baseline 0 -15"><span class='ocrx_word' id='word_1_448' title='bbox 1460 2682 1599 2731; x_wconf 82' lang='lat' dir='ltr'><strong>diam</strong></span> <span class='ocrx_word' id='word_1_449' title='bbox 1637 2682 1769 2731; x_wconf 83' lang='lat' dir='ltr'><strong>viam</strong></span> <span class='ocrx_word' id='word_1_450' title='bbox 1807 2680 2145 2746; x_wconf 63' lang='lat' dir='ltr'><strong>provolvunt?</strong></span> <span class='ocrx_word' id='word_1_451' title='bbox 2192 2680 2354 2731; x_wconf 84' lang='lat' dir='ltr'><strong>Andr.</strong></span> <span class='ocrx_word' id='word_1_452' title='bbox 2394 2695 2457 2731; x_wconf 83' lang='lat' dir='ltr'><strong>n.</strong></span> <span class='ocrx_word' id='word_1_453' title='bbox 2484 2687 2534 2733; x_wconf 76' lang='lat'><strong>8.</strong></span> 
     </span>
     <span class='ocr_line' id='line_1_82' title="bbox 1461 2759 2533 2820; baseline 0 -12"><span class='ocrx_word' id='word_1_454' title='bbox 1461 2763 1573 2809; x_wconf 51' lang='lat' dir='ltr'><strong>27st</strong></span> <span class='ocrx_word' id='word_1_455' title='bbox 1601 2759 1872 2808; x_wconf 84' lang='lat' dir='ltr'><strong>Pollicitus</strong></span> <span class='ocrx_word' id='word_1_456' title='bbox 1896 2773 2027 2814; x_wconf 86' lang='lat' dir='ltr'><strong>sum,</strong></span> <span class='ocrx_word' id='word_1_457' title='bbox 2054 2772 2134 2807; x_wconf 90' lang='lat' dir='ltr'><strong>me</strong></span> <span class='ocrx_word' id='word_1_458' title='bbox 2168 2765 2533 2820; x_wconf 84' lang='lat' dir='ltr'><strong>suscepturum</strong></span> 
     </span>
     <span class='ocr_line' id='line_1_83' title="bbox 1465 2835 2533 2900; baseline -0.001 -14"><span class='ocrx_word' id='word_1_459' title='bbox 1465 2836 1719 2900; x_wconf 84' lang='lat' dir='ltr'><strong>puerum.’</strong></span> <span class='ocrx_word' id='word_1_460' title='bbox 1783 2835 1993 2885; x_wconf 78' lang='lat' dir='ltr'><strong>Phorm.</strong></span> <span class='ocrx_word' id='word_1_461' title='bbox 2016 2848 2070 2884; x_wconf 77' lang='lat' dir='ltr'><strong>v.</strong></span> <span class='ocrx_word' id='word_1_462' title='bbox 2096 2839 2145 2884; x_wconf 84' lang='lat'><strong>8.</strong></span> <span class='ocrx_word' id='word_1_463' title='bbox 2168 2839 2249 2884; x_wconf 83' lang='grc'><strong>18.</strong></span> <span class='ocrx_word' id='word_1_464' title='bbox 2268 2842 2283 2865; x_wconf 87' lang='lat'>‘</span> <span class='ocrx_word' id='word_1_465' title='bbox 2305 2837 2451 2886; x_wconf 84' lang='lat' dir='ltr'><strong>Clam</strong></span> <span class='ocrx_word' id='word_1_466' title='bbox 2477 2842 2533 2885; x_wconf 88' lang='lat' dir='ltr'><strong>te</strong></span> 
     </span>
     <span class='ocr_line' id='line_1_84' title="bbox 1456 2909 2535 2975; baseline 0 -14"><span class='ocrx_word' id='word_1_467' title='bbox 1456 2911 1677 2962; x_wconf 57' lang='lat' dir='ltr'><strong>“uxorem</strong></span> <span class='ocrx_word' id='word_1_468' title='bbox 1699 2911 1870 2966; x_wconf 83' lang='lat' dir='ltr'><strong>duxit,</strong></span> <span class='ocrx_word' id='word_1_469' title='bbox 1890 2919 1945 2960; x_wconf 92' lang='lat' dir='ltr'><strong>et</strong></span> <span class='ocrx_word' id='word_1_470' title='bbox 1977 2910 2097 2960; x_wconf 87' lang='lat' dir='ltr'><strong>inde</strong></span> <span class='ocrx_word' id='word_1_471' title='bbox 2115 2909 2271 2960; x_wconf 82' lang='lat' dir='ltr'><strong>filiam</strong></span> <span class='ocrx_word' id='word_1_472' title='bbox 2299 2911 2535 2975; x_wconf 88' lang='lat' dir='ltr'><strong>suscepit</strong></span> 
     </span>
     <span class='ocr_line' id='line_1_85' title="bbox 1457 2986 2528 3053; baseline -0.004 -15"><span class='ocrx_word' id='word_1_473' title='bbox 1457 2990 1568 3053; x_wconf 82' lang='lat' dir='ltr'><strong>jam</strong></span> <span class='ocrx_word' id='word_1_474' title='bbox 1592 2987 1781 3039; x_wconf 65' lang='lat' dir='ltr'><strong>unam!</strong></span> <span class='ocrx_word' id='word_1_475' title='bbox 1817 2986 1899 3039; x_wconf 86' lang='lat' dir='ltr'><strong>Cf.</strong></span> <span class='ocrx_word' id='word_1_476' title='bbox 1921 2988 2097 3038; x_wconf 89' lang='lat' dir='ltr'><strong>Plaut.</strong></span> <span class='ocrx_word' id='word_1_477' title='bbox 2122 2986 2383 3052; x_wconf 84' lang='lat' dir='ltr'><strong>Amphitr.</strong></span> <span class='ocrx_word' id='word_1_478' title='bbox 2409 3001 2450 3037; x_wconf 83' lang='grc' dir='ltr'><strong>ι.</strong></span> <span class='ocrx_word' id='word_1_479' title='bbox 2477 2990 2528 3036; x_wconf 80' lang='lat'><strong>8.</strong></span> 
     </span>
     <span class='ocr_line' id='line_1_86' title="bbox 1463 3063 2531 3117; baseline -0.001 -1"><span class='ocrx_word' id='word_1_480' title='bbox 1463 3071 1514 3116; x_wconf 79' lang='lat'><strong>3.</strong></span> <span class='ocrx_word' id='word_1_481' title='bbox 1540 3067 1741 3117; x_wconf 86' lang='lat' dir='ltr'><strong>Cistell.</strong></span> <span class='ocrx_word' id='word_1_482' title='bbox 1769 3080 1808 3116; x_wconf 89' lang='lat'><strong>1.</strong></span> <span class='ocrx_word' id='word_1_483' title='bbox 1829 3070 1879 3115; x_wconf 79' lang='lat'><strong>2.</strong></span> <span class='ocrx_word' id='word_1_484' title='bbox 1904 3071 1953 3115; x_wconf 82' lang='lat'><strong>5.</strong></span> <span class='ocrx_word' id='word_1_485' title='bbox 1978 3066 2093 3116; x_wconf 90' lang='lat' dir='ltr'><strong>Cic.</strong></span> <span class='ocrx_word' id='word_1_486' title='bbox 2129 3064 2196 3115; x_wconf 85' lang='lat' dir='ltr'><strong>ad</strong></span> <span class='ocrx_word' id='word_1_487' title='bbox 2235 3063 2404 3115; x_wconf 84' lang='lat' dir='ltr'><strong>Attic.</strong></span> <span class='ocrx_word' id='word_1_488' title='bbox 2447 3077 2531 3116; x_wconf 75' lang='lat' dir='ltr'><strong>xl.</strong></span> 
     </span>
     <span class='ocr_line' id='line_1_87' title="bbox 1463 3141 2531 3207; baseline -0.001 -15"><span class='ocrx_word' id='word_1_489' title='bbox 1463 3147 1514 3192; x_wconf 88' lang='grc'><strong>9.</strong></span> <span class='ocrx_word' id='word_1_490' title='bbox 1539 3151 1553 3173; x_wconf 84' lang='lat'>‘</span> <span class='ocrx_word' id='word_1_491' title='bbox 1569 3143 1701 3195; x_wconf 81' lang='lat' dir='ltr'><strong>Haec</strong></span> <span class='ocrx_word' id='word_1_492' title='bbox 1719 3144 1782 3193; x_wconf 84' lang='lat' dir='ltr'><strong>ad</strong></span> <span class='ocrx_word' id='word_1_493' title='bbox 1804 3152 1855 3193; x_wconf 89' lang='lat' dir='ltr'><strong>te</strong></span> <span class='ocrx_word' id='word_1_494' title='bbox 1879 3143 1962 3192; x_wconf 86' lang='lat' dir='ltr'><strong>die</strong></span> <span class='ocrx_word' id='word_1_495' title='bbox 1988 3142 2151 3192; x_wconf 86' lang='lat' dir='ltr'><strong>natali</strong></span> <span class='ocrx_word' id='word_1_496' title='bbox 2174 3156 2291 3192; x_wconf 89' lang='lat' dir='ltr'><strong>meo</strong></span> <span class='ocrx_word' id='word_1_497' title='bbox 2314 3141 2531 3207; x_wconf 86' lang='lat' dir='ltr'><strong>scripsi;</strong></span> 
     </span>
     <span class='ocr_line' id='line_1_88' title="bbox 1464 3219 2533 3285; baseline -0.001 -15"><span class='ocrx_word' id='word_1_498' title='bbox 1464 3236 1570 3285; x_wconf 87' lang='lat' dir='ltr'><strong>quo</strong></span> <span class='ocrx_word' id='word_1_499' title='bbox 1605 3224 1801 3270; x_wconf 85' lang='lat' dir='ltr'><strong>utinam</strong></span> <span class='ocrx_word' id='word_1_500' title='bbox 1842 3227 2115 3283; x_wconf 85' lang='lat' dir='ltr'><strong>susceptus</strong></span> <span class='ocrx_word' id='word_1_501' title='bbox 2151 3235 2253 3271; x_wconf 89' lang='lat' dir='ltr'><strong>non</strong></span> <span class='ocrx_word' id='word_1_502' title='bbox 2292 3219 2533 3270; x_wconf 84' lang='lat' dir='ltr'><strong>essem!’</strong></span> 
     </span>
     <span class='ocr_line' id='line_1_89' title="bbox 1464 3296 2530 3357; baseline -0.001 -10"><span class='ocrx_word' id='word_1_503' title='bbox 1464 3298 1612 3347; x_wconf 89' lang='lat' dir='ltr'><strong>Bene</strong></span> <span class='ocrx_word' id='word_1_504' title='bbox 1632 3306 1804 3348; x_wconf 84' lang='lat' dir='ltr'><strong>antem</strong></span> <span class='ocrx_word' id='word_1_505' title='bbox 1825 3298 1973 3347; x_wconf 86' lang='lat' dir='ltr'><strong>addit</strong></span> <span class='ocrx_word' id='word_1_506' title='bbox 1997 3297 2223 3357; x_wconf 85' lang='lat' dir='ltr'><strong>Plinius,</strong></span> <span class='ocrx_word' id='word_1_507' title='bbox 2245 3296 2530 3346; x_wconf 84' lang='lat' dir='ltr'><strong>‘sumtibus</strong></span> 
     </span>
     <span class='ocr_line' id='line_1_90' title="bbox 1464 3370 2530 3439; baseline 0 -16"><span class='ocrx_word' id='word_1_508' title='bbox 1464 3375 1565 3424; x_wconf 85' lang='lat' dir='ltr'><strong>tuis</strong></span> <span class='ocrx_word' id='word_1_509' title='bbox 1601 3389 1747 3439; x_wconf 81' lang='lat' dir='ltr'><strong>spem</strong></span> <span class='ocrx_word' id='word_1_510' title='bbox 1769 3375 1984 3428; x_wconf 80' lang='lat' dir='ltr'><strong>Romani</strong></span> <span class='ocrx_word' id='word_1_511' title='bbox 2018 3373 2239 3424; x_wconf 88' lang='lat' dir='ltr'><strong>nominis</strong></span> <span class='ocrx_word' id='word_1_512' title='bbox 2261 3370 2530 3437; x_wconf 78' lang='lat' dir='ltr'><strong>suscip‘is3&#39;</strong></span> 
     </span>
     <span class='ocr_line' id='line_1_91' title="bbox 1464 3449 2531 3516; baseline 0 -16"><span class='ocrx_word' id='word_1_513' title='bbox 1464 3457 1524 3501; x_wconf 88' lang='lat' dir='ltr'><strong>ut</strong></span> <span class='ocrx_word' id='word_1_514' title='bbox 1558 3450 1892 3515; x_wconf 80' lang='lat' dir='ltr'><strong>significaret,</strong></span> <span class='ocrx_word' id='word_1_515' title='bbox 1928 3449 2230 3515; x_wconf 84' lang='lat' dir='ltr'><strong>Trajannm,</strong></span> <span class='ocrx_word' id='word_1_516' title='bbox 2264 3451 2531 3516; x_wconf 86' lang='lat' dir='ltr'><strong>publicum</strong></span> 
     </span>
     <span class='ocr_line' id='line_1_92' title="bbox 1461 3528 2530 3592; baseline -0.002 -15"><span class='ocrx_word' id='word_1_517' title='bbox 1461 3528 1652 3578; x_wconf 89' lang='lat' dir='ltr'><strong>sobolis</strong></span> <span class='ocrx_word' id='word_1_518' title='bbox 1682 3528 1928 3577; x_wconf 85' lang='lat' dir='ltr'><strong>Romanae</strong></span> <span class='ocrx_word' id='word_1_519' title='bbox 1960 3534 2230 3591; x_wconf 85' lang='lat' dir='ltr'><strong>parentem</strong></span> <span class='ocrx_word' id='word_1_520' title='bbox 2266 3542 2397 3592; x_wconf 83' lang='lat' dir='ltr'><strong>esse,</strong></span> <span class='ocrx_word' id='word_1_521' title='bbox 2427 3540 2530 3576; x_wconf 89' lang='lat' dir='ltr'><strong>non</strong></span> 
     </span>
     <span class='ocr_line' id='line_1_93' title="bbox 1461 3603 2532 3668; baseline 0 -14"><span class='ocrx_word' id='word_1_522' title='bbox 1461 3613 1663 3661; x_wconf 82' lang='lat' dir='ltr'><strong>natura,</strong></span> <span class='ocrx_word' id='word_1_523' title='bbox 1690 3605 1783 3655; x_wconf 84' lang='lat' dir='ltr'><strong>sed</strong></span> <span class='ocrx_word' id='word_1_524' title='bbox 1808 3606 1997 3661; x_wconf 89' lang='lat' dir='ltr'><strong>animo,</strong></span> <span class='ocrx_word' id='word_1_525' title='bbox 2023 3612 2076 3653; x_wconf 85' lang='lat' dir='ltr'><strong>et</strong></span> <span class='ocrx_word' id='word_1_526' title='bbox 2103 3603 2447 3668; x_wconf 81' lang='lat' dir='ltr'><strong>benignitate,</strong></span> <span class='ocrx_word' id='word_1_527' title='bbox 2473 3609 2532 3654; x_wconf 88' lang='lat' dir='ltr'><strong>et</strong></span> 
     </span>
     <span class='ocr_line' id='line_1_94' title="bbox 1460 3675 2531 3743; baseline -0.001 -12"><span class='ocrx_word' id='word_1_528' title='bbox 1460 3680 1800 3731; x_wconf 84' lang='lat' dir='ltr'><strong>similitudine</strong></span> <span class='ocrx_word' id='word_1_529' title='bbox 1851 3694 1990 3730; x_wconf 75' lang='lat' dir='ltr'><strong>curoe</strong></span> <span class='ocrx_word' id='word_1_530' title='bbox 2049 3687 2321 3743; x_wconf 81' lang='lat' dir='ltr'><strong>paternae;</strong></span> <span class='ocrx_word' id='word_1_531' title='bbox 2361 3675 2531 3730; x_wconf 82' lang='lat' dir='ltr'><strong>‘sicut</strong></span> 
     </span>
     <span class='ocr_line' id='line_1_95' title="bbox 1459 3758 2527 3821; baseline -0.001 -13"><span class='ocrx_word' id='word_1_532' title='bbox 1459 3759 1676 3808; x_wconf 82' lang='lat' dir='ltr'><strong>Sallust.</strong></span> <span class='ocrx_word' id='word_1_533' title='bbox 1721 3758 1876 3808; x_wconf 85' lang='lat' dir='ltr'><strong>Catil.</strong></span> <span class='ocrx_word' id='word_1_534' title='bbox 1918 3771 1997 3807; x_wconf 86' lang='lat' dir='ltr'><strong>v1.</strong></span> <span class='ocrx_word' id='word_1_535' title='bbox 2034 3762 2085 3807; x_wconf 83' lang='lat'><strong>6.</strong></span> <span class='ocrx_word' id='word_1_536' title='bbox 2122 3758 2216 3821; x_wconf 88' lang='lat' dir='ltr'><strong>ait,</strong></span> <span class='ocrx_word' id='word_1_537' title='bbox 2259 3764 2527 3808; x_wconf 87' lang='lat' dir='ltr'><strong>senatores</strong></span> 
     </span>
     <span class='ocr_line' id='line_1_96' title="bbox 1459 3834 2529 3900; baseline -0.002 -14"><span class='ocrx_word' id='word_1_538' title='bbox 1459 3837 1721 3886; x_wconf 88' lang='lat' dir='ltr'><strong>Romanos</strong></span> <span class='ocrx_word' id='word_1_539' title='bbox 1753 3839 1921 3885; x_wconf 83' lang='lat' dir='ltr'><strong>‘curae</strong></span> <span class='ocrx_word' id='word_1_540' title='bbox 1967 3834 2312 3885; x_wconf 86' lang='lat' dir='ltr'><strong>similitudine</strong></span> <span class='ocrx_word' id='word_1_541' title='bbox 2354 3841 2529 3900; x_wconf 88' lang='lat' dir='ltr'><strong>patres</strong></span> 
     </span>
     <span class='ocr_line' id='line_1_97' title="bbox 1461 3911 2528 3977; baseline -0.001 -13"><span class='ocrx_word' id='word_1_542' title='bbox 1461 3927 1579 3965; x_wconf 85' lang='lat' dir='ltr'><strong>esse</strong></span> <span class='ocrx_word' id='word_1_543' title='bbox 1616 3914 1941 3977; x_wconf 58' lang='lat' dir='ltr'><strong>appellatos?</strong></span> <span class='ocrx_word' id='word_1_544' title='bbox 2005 3913 2076 3962; x_wconf 89' lang='lat' dir='ltr'><strong>Et</strong></span> <span class='ocrx_word' id='word_1_545' title='bbox 2117 3911 2282 3961; x_wconf 89' lang='lat' dir='ltr'><strong>Micio</strong></span> <span class='ocrx_word' id='word_1_546' title='bbox 2311 3912 2528 3963; x_wconf 87' lang='lat' dir='ltr'><strong>Terent.</strong></span> 
     </span>
     <span class='ocr_line' id='line_1_98' title="bbox 1463 3988 2530 4055; baseline 0.002 -16"><span class='ocrx_word' id='word_1_547' title='bbox 1463 3989 1690 4053; x_wconf 79' lang='lat' dir='ltr'><strong>Adelph.</strong></span> <span class='ocrx_word' id='word_1_548' title='bbox 1711 4003 1749 4038; x_wconf 86' lang='lat'><strong>1.</strong></span> <span class='ocrx_word' id='word_1_549' title='bbox 1773 3993 1823 4038; x_wconf 84' lang='grc'><strong>2.</strong></span> <span class='ocrx_word' id='word_1_550' title='bbox 1846 3992 1929 4038; x_wconf 78' lang='lat'><strong>46.</strong></span> <span class='ocrx_word' id='word_1_551' title='bbox 1952 3988 1967 4015; x_wconf 91' lang='lat'>‘</span> <span class='ocrx_word' id='word_1_552' title='bbox 1988 3989 2191 4038; x_wconf 86' lang='lat' dir='ltr'><strong>Natura</strong></span> <span class='ocrx_word' id='word_1_553' title='bbox 2207 3997 2262 4038; x_wconf 91' lang='lat' dir='ltr'><strong>tn</strong></span> <span class='ocrx_word' id='word_1_554' title='bbox 2287 3989 2359 4039; x_wconf 90' lang='lat' dir='ltr'><strong>illi</strong></span> <span class='ocrx_word' id='word_1_555' title='bbox 2378 3998 2530 4055; x_wconf 79' lang='lat' dir='ltr'><strong>pater</strong></span> 
     </span>
     <span class='ocr_line' id='line_1_99' title="bbox 1463 4064 2156 4129; baseline -0.003 -13"><span class='ocrx_word' id='word_1_556' title='bbox 1463 4081 1551 4127; x_wconf 86' lang='lat' dir='ltr'><strong>es;</strong></span> <span class='ocrx_word' id='word_1_557' title='bbox 1588 4066 1818 4116; x_wconf 84' lang='lat' dir='ltr'><strong>consiliis</strong></span> <span class='ocrx_word' id='word_1_558' title='bbox 1842 4064 1976 4129; x_wconf 82' lang='lat' dir='ltr'><strong>ego.’</strong></span> <span class='ocrx_word' id='word_1_559' title='bbox 2003 4066 2156 4116; x_wconf 86' lang='lat' dir='ltr'><strong>Idem.</strong></span> 
     </span>
    </p>

    <p class='ocr_par' dir='ltr' id='par_1_9' title="bbox 1459 4142 2528 4367">
     <span class='ocr_line' id='line_1_100' title="bbox 1531 4142 2528 4216; baseline 0 -23"><span class='ocrx_word' id='word_1_560' title='bbox 1531 4144 1778 4194; x_wconf 76' lang='lat' dir='ltr'><strong>Tollendos</strong></span> <span class='ocrx_word' id='word_1_561' title='bbox 1796 4142 1987 4209; x_wconf 79' lang='lat' dir='ltr'><strong>liberos]</strong></span> <span class='ocrx_word' id='word_1_562' title='bbox 1996 4144 2265 4216; x_wconf 27' lang='lat' dir='ltr'><strong>&#39;Deyerbo</strong></span> <span class='ocrx_word' id='word_1_563' title='bbox 2283 4151 2299 4176; x_wconf 79' lang='lat'><strong><em>⁴</em></strong></span> <span class='ocrx_word' id='word_1_564' title='bbox 2317 4144 2501 4195; x_wconf 86' lang='lat' dir='ltr'><strong>tollere</strong></span> <span class='ocrx_word' id='word_1_565' title='bbox 2514 4142 2528 4164; x_wconf 75' lang='lat'><strong><em>⁹</em></strong></span> 
     </span>
     <span class='ocr_line' id='line_1_101' title="bbox 1459 4221 2528 4287; baseline 0 -15"><span class='ocrx_word' id='word_1_566' title='bbox 1459 4229 1517 4273; x_wconf 89' lang='lat' dir='ltr'><strong>et</strong></span> <span class='ocrx_word' id='word_1_567' title='bbox 1538 4223 1555 4249; x_wconf 84' lang='lat'>‘</span> <span class='ocrx_word' id='word_1_568' title='bbox 1572 4221 1876 4287; x_wconf 83' lang='lat' dir='ltr'><strong>suscipere‚’</strong></span> <span class='ocrx_word' id='word_1_569' title='bbox 1890 4221 2010 4273; x_wconf 78' lang='lat' dir='ltr'><strong>vide</strong></span> <span class='ocrx_word' id='word_1_570' title='bbox 2029 4223 2314 4286; x_wconf 83' lang='lat' dir='ltr'><strong>proximam</strong></span> <span class='ocrx_word' id='word_1_571' title='bbox 2335 4230 2528 4272; x_wconf 84' lang='lat' dir='ltr'><strong>notam.</strong></span> 
     </span>
     <span class='ocr_line' id='line_1_102' title="bbox 1461 4299 2526 4367; baseline -0.003 -14"><span class='ocrx_word' id='word_1_572' title='bbox 1461 4301 1732 4367; x_wconf 81' lang='lat' dir='ltr'><strong>Ceterum,</strong></span> <span class='ocrx_word' id='word_1_573' title='bbox 1785 4300 1850 4351; x_wconf 82' lang='lat' dir='ltr'><strong>de</strong></span> <span class='ocrx_word' id='word_1_574' title='bbox 1918 4300 2143 4365; x_wconf 76' lang='lat' dir='ltr'><strong>praemiis</strong></span> <span class='ocrx_word' id='word_1_575' title='bbox 2198 4299 2526 4358; x_wconf 73' lang='grc' dir='ltr'><strong>πολυτεκνίας,</strong></span> 
     </span>
    </p>
   </div>
  </div>
 </body>
</html>
