3017 4942
470 406 603 472 646
698 497 705 502 η

478 575 716 632 potestas
739 574 854 621 erat
885 569 1054 621 latior.
1124 569 1262 620 Nam
1286 568 1542 620 bonorum

477 660 754 712 rerumque
797 649 1041 711 omnium,
1085 648 1350 714 praeeipue
1391 647 1543 698 fisca·

477 723 624 781 lium,
641 739 767 775 cura
793 740 854 775 ac
879 724 1267 776 administratio
1290 726 1539 791 peuesip·

480 816 611 863 sum,
635 808 707 861 et,
745 804 788 853 si
824 804 944 854 latae
979 810 1132 854 erant
1165 804 1542 868 possessiones,

480 879 697 943 singulm
735 895 856 931 suos
893 887 1100 931 actores
1131 882 1416 946 habebant,
1451 883 1542 948 qui

474 969 656 1007 omnes
690 956 933 1022 ⁴imperio
987 958 1336 1023 procuratoris
1390 973 1543 1022 pare·

478 1029 607 1082 baut
630 1052 646 1095 ς
684 1032 763 1083 siu
788 1048 912 1085 vero
944 1048 1044 1086 uec
1078 1037 1282 1099 amplae,
1307 1050 1405 1086 uec
1436 1037 1543 1087 late

475 1107 720 1160 diffusum
745 1112 1132 1175 patrimonium,
1153 1113 1290 1163 idem
1311 1121 1460 1163 actor
1479 1128 1542 1164 ac

477 1194 807 1248 procurator.
863 1188 1039 1239 Hodie
1064 1190 1345 1241 rationales
1368 1191 1544 1241 Casa·

475 1263 565 1320 ris,
606 1264 693 1327 qui
732 1279 826 1330 per
869 1268 1264 1329 procurationes
1300 1268 1544 1319 adminis-

474 1340 672 1391 trandis
690 1340 875 1408 (verba
889 1342 1063 1394 Taciti
1082 1342 1269 1394 Annal.
1287 1359 1408 1396 xvt.
1431 1345 1545 1412 17.)

472 1419 693 1482 negotiis
722 1420 1049 1479 incumbunt,
1073 1428 1232 1488 atque
1255 1423 1543 1475 istiusmodi

473 1495 558 1545 bic
580 1502 662 1547 est
685 1503 851 1548 actor.
883 1498 1039 1549 Beris.

535 1571 735 1637 Actori]
769 1572 993 1625 Aetores
1017 1574 1168 1632 olim,
1190 1576 1346 1627 sicuti
1367 1576 1541 1640 priva·

472 1648 542 1698 tis
565 1647 793 1712 familiis,
816 1650 889 1700 ita
912 1657 969 1700 et
983 1650 1278 1702 Caesaribus
1295 1661 1468 1716 eraut,
1484 1662 1542 1705 et

474 1725 799 1791 reipublicae.
831 1728 848 1755 ‘
865 1726 1068 1785 Actor:
1091 1730 1261 1795 inquit
1286 1730 1539 1795 Baudius,

470 1807 487 1831 ⁸
512 1808 598 1852 est
638 1818 821 1854 servus
868 1805 1126 1871 publicus,
1161 1822 1252 1857 seu
1297 1809 1539 1872 libertus,

470 1880 560 1944 qui
595 1894 679 1930 res
718 1881 1048 1949 rationesque
1086 1885 1336 1951 principis
1374 1887 1539 1937 admi-

472 1959 698 2021 nistrat3
734 1960 961 2011 arbitror
1000 1963 1114 2012 sine
1151 1964 1539 2028 jurisdictione.

471 2034 649 2086 Minus
680 2043 853 2086 autem
888 2044 1031 2088 actor
1062 2040 1168 2092 late
1191 2048 1361 2106 patet,
1384 2057 1537 2108 quam

468 2112 813 2176 procurator?
846 2114 1066 2168 Paron-01.

538 2189 877 2254 procuratori]
911 2191 965 2242 Is
985 2198 1120 2254 erat,
1140 2192 1227 2259 qui
1250 2195 1541 2261 pecuniam,

471 2279 561 2316 seu
585 2267 842 2330 speciales
863 2268 1188 2332 imperatoris
1214 2272 1413 2323 reditus
1431 2275 1537 2324 col-

469 2344 703 2405 ligebat;
727 2351 947 2410 eratque
975 2347 1055 2398 vel
1079 2359 1256 2413 eques,
1277 2352 1359 2401 vel
1382 2352 1538 2402 liber·

471 2424 648 2481 tus,ut
665 2421 934 2485 colligitur
955 2437 1019 2472 ex
1045 2423 1233 2487 Dione,
1255 2426 1343 2477 lib.
1368 2440 1540 2479 xum.

467 2497 844 2550 Procuratores
861 2500 1124 2556 Caesarum
1146 2505 1423 2570 aliquando
1438 2509 1539 2558 eti-

471 2576 654 2639 amjus
670 2575 917 2627 dicebant
938 2578 990 2628 iu
1013 2581 1286 2643 provinciis
1306 2584 1538 2647 3judic’ia

466 2656 644 2703 tamen
676 2667 851 2704 eorum
875 2661 991 2705 rata
1015 2670 1116 2707 non
1149 2668 1320 2723 erant,
1346 2669 1400 2710 et
1420 2662 1538 2712 fleri

465 2726 588 2778 inde
610 2736 818 2792 poterat
841 2731 908 2781 ad
941 2733 1326 2799 imperatorem,
1352 2740 1431 2788 vel
1457 2753 1537 2787 se-

467 2809 673 2863 natum,
692 2807 997 2873 appellatio.
1065 2811 1252 2864 Quare
1267 2813 1537 2872 Claudius.

467 2888 609 2931 teste
631 2882 854 2934 Sueten.
873 2899 921 2934 c.
942 2890 1025 2936 12.
1057 2887 1074 2914 ‘
1091 2903 1121 2937 a
1144 2895 1348 2953 senatu,
1369 2899 1428 2941 ut
1452 2906 1535 2941 ra-

467 2964 526 3006 ta
567 2967 758 3019 essent,
802 2975 920 3026 quae
962 2973 1327 3025 procuratores
1362 2968 1442 3017 sui
1481 2969 1535 3018 iu

456 3033 747 3097 judicando
788 3043 1099 3104 statuerant,
1144 3044 1379 3105 precario
1412 3058 1536 3095 exe·

467 3109 581 3178 git!
614 3111 768 3162 Idem.

531 3187 875 3253 Procuratori]
923 3190 1165 3242 Nondum
1203 3200 1376 3245 autem
1407 3197 1534 3247 ‘ad-

466 3270 687 3313 vocatus
709 3264 862 3326 fisci,’
896 3281 1049 3332 quem
1087 3271 1281 3334 primus
1304 3272 1535 3326 instituit

466 3337 786 3392 Hadrianus.
819 3342 960 3408 Lips.

529 3416 720 3480 Actori,
751 3423 895 3483 utque
927 3420 1072 3471 etium
1103 3427 1404 3487 procuratori
1423 3427 1532 3492 tuo]

464 3492 529 3542 In
556 3493 832 3557 republica
852 3497 1018 3547 libera
1044 3506 1196 3551 eraut
1225 3512 1534 3569 quaestores,

465 3571 675 3637 quibus,
719 3579 914 3637 proeter
957 3575 1077 3640 alia,
1111 3591 1237 3628 cura
1270 3580 1533 3631 redituum

463 3648 518 3698 iu
543 3649 781 3700 ararium
816 3651 1079 3715 publicum
1118 3656 1532 3718 colligendorum

466 3731 583 3775 erat
606 3724 1077 3791 demandata,’l)inc
1092 3734 1341 3794 appellati
1358 3736 1376 3764 ‘
1391 3750 1531 3802 quae·

465 3808 632 3852 stores
673 3804 883 3854 aerariiss
949 3804 1118 3856 Varro
1155 3807 1222 3858 de
1259 3812 1314 3860 1..
1342 3811 1401 3863 1..
1439 3811 1533 3863 lib.

463 3890 543 3926 ιν.
567 3893 621 3941 p.
641 3882 724 3931 22.
793 3880 855 3929 Iu
879 3880 1061 3932 horum
1091 3885 1383 3937 ministerio
1416 3886 1531 3937 fue-

463 3967 541 4011 re,
576 3957 592 3983 ⁸
607 3955 831 4014 scribas?
852 3958 873 3988 θ
884 3961 1192 4024 praecones,’
1212 3971 1370 4028 atque
1392 3966 1409 3993 ⁴
1424 3965 1531 4014 via·

465 4030 646 4079 tores!
713 4034 792 4082 De
816 4033 894 4083 his
932 4037 1303 4102 quaestoribus,
1322 4040 1448 4090 item
1473 4047 1533 4091 et

464 4109 530 4155 de
558 4106 850 4159 subsecutis
883 4112 1188 4176 ‘proefectis
1222 4118 1431 4181 aerarii2'
1466 4132 1531 4169 ac

460 4190 476 4214 ⁴
503 4186 814 4248 praetoribus
851 4189 1058 4253 aerarii,’
1093 4192 1244 4255 plura
1273 4208 1530 4258 exposue-

463 4273 581 4311 runt
604 4261 748 4310 Guil.
775 4261 1001 4326 Budaeus
1026 4265 1279 4324 Auuotat.
1307 4267 1359 4319 in
1386 4272 1529 4324 Pan-

461 4336 600 4390 dect.
618 4351 677 4402 p.
696 4341 812 4388 294.
829 4338 1050 4392 Thomas
1069 4343 1338 4395 Reinesius
1357 4347 1513 4413 Epist

1169 423 1391 474 No'rAE
1442 424 1848 474 VAmoRuM
1902 427 1980 476 ΙΝ

1617 574 1699 619 50.
1739 570 1805 620 ad
1842 572 2149 636 Rupertum,
2176 579 2230 623 et
2267 574 2379 638 ipsc
2409 574 2681 640 Rupertus

1618 645 1685 695 ad
1711 646 2044 697 Euchiridiou
2068 648 2349 713 Pomponii
2370 651 2472 703 JC.
2499 666 2534 701 ι.
2553 657 2605 701 8.
2627 659 2684 703 et

1617 725 1666 770 9.
1699 730 1859 787 atque
1889 723 2011 772 Erit.
2038 724 2322 776 Reuscbius
2348 725 2497 777 Prof.
2522 743 2682 793 quon-

1616 796 1736 847 dam
1774 799 2067 850 Helmstad.
2100 801 2155 852 in
2181 801 2571 854 schediasmate
2611 804 2681 854 de

1617 874 1807 939 Populi
1820 877 2037 927 Romani
2051 879 2506 941 Quaestoribus‚se
2522 882 2682 944 potis·

1617 952 1801 1003 simum
1814 956 2030 1018 oerariis,
2049 969 2332 1022 eorumque
2350 966 2487 1015 ortu,
2503 971 2683 1008 nume·

1615 1043 1693 1091 ro,
1715 1036 1769 1081 et
1789 1032 1989 1082 muniis.
2037 1032 2167 1082 Cum
2192 1042 2365 1083 autem
2390 1032 2543 1083 fiscus
2567 1034 2682 1084 (2ae-

1616 1108 1748 1158 saris
1778 1109 2049 1159 institutus
2077 1116 2239 1172 esset,
2267 1111 2453 1160 erario
2473 1111 2683 1175 quidem

1619 1184 1829 1249 publico
1859 1186 2280 1251 relinquebantur
2300 1186 2539 1251 quaedam
2562 1202 2683 1237 vec-

1619 1261 1822 1325 tigalia,
1840 1265 2136 1326 mulctae,et
2157 1264 2372 1322 tributa,
2397 1279 2513 1330 qun
2537 1265 2686 1315 colli-

1618 1345 1866 1402 gerentur
1888 1354 2005 1389 cum
2030 1355 2060 1390 a
2081 1341 2428 1406 questoribus
2454 1342 2688 1401 urbanis,

1620 1422 1728 1466 tum
1764 1416 1831 1465 ab
1861 1416 1944 1479 iis,
1981 1418 2069 1482 qui
2108 1432 2225 1467 cum
2265 1420 2688 1483 proconsulibus,

1618 1502 1708 1544 aut
1746 1494 2178 1558 propraetoribus,
2218 1493 2686 1557 proficiscebantur

1615 1568 1668 1619 in
1701 1570 2021 1633 provinciasz
2057 1578 2112 1620 at
2144 1570 2341 1621 reditus
2371 1569 2485 1620 fisci
2510 1571 2686 1622 Caesa·
2773 1637 2780 1642 η

1615 1647 1692 1695 rei
1714 1661 1815 1696 non
1839 1647 2004 1696 solum
2024 1647 2077 1697 iu
2103 1649 2231 1697 urbe
2248 1647 2471 1697 curabat
2494 1662 2685 1712 procn-

1616 1731 1759 1773 rator
1787 1723 2022 1782 casaris,
2058 1723 2149 1774 sed
2187 1726 2349 1775 etiam
2385 1725 2436 1773 in
2468 1734 2688 1778 ceteras

1612 1801 1909 1864 provincias
1931 1802 2274 1856 mittebantur
2290 1812 2685 1866 procuratores,

1613 1878 1846 1928 homines
1876 1878 2082 1943 quidem
2118 1894 2184 1929 ex
2218 1880 2451 1945 equestri
2473 1880 2687 1939 ordine,
2786 1940 2802 1955 Ι

1613 1955 1697 2005 vel
1718 1970 1787 2005 ex
1809 1955 2054 2007 libertino
2076 1971 2294 2022 genere,
2328 1974 2544 2023 quorum
2568 1957 2684 2010 offi-

1613 2033 1748 2083 cium
1788 2041 1925 2097 erat,
1963 2034 2164 2084 reditus
2198 2034 2401 2086 fiscales
2431 2035 2683 2085 adminis-

1614 2115 1789 2172 trare3
1823 2118 1879 2161 et
1901 2111 2194 2176 inquorum
2219 2110 2506 2162 ministerio
2525 2120 2682 2166 erant

1574 2197 1578 2201 ·
1614 2186 1850 2251 inprimis
1890 2195 2096 2238 actores
2132 2187 2350 2251 publici,
2388 2187 2425 2239 i.
2459 2202 2509 2239 e.
2540 2189 2683 2240 servi

1612 2265 1834 2329 publici,
1854 2266 1968 2331 qui,
1989 2264 2301 2318 moderante
2317 2272 2687 2331 procuratore,

1614 2343 1810 2392 reditus
1832 2350 1888 2392 et
1914 2343 2142 2393 rationes
2156 2341 2270 2393 fisci
2294 2348 2607 2409 tractarent,
2624 2349 2686 2398 et

1610 2416 1754 2470 forte·
1786 2420 1945 2469 etiam
1982 2420 2294 2484 exigereut3
2323 2419 2460 2469 baud
2505 2435 2684 2484 secus,

1611 2511 1673 2546 ac
1698 2497 1748 2545 in
1773 2497 1993 2560 privatis
2011 2496 2238 2559 familiis,
2253 2491 2578 2560 procuratori
2603 2499 2684 2549 rei

1614 2573 1823 2623 rusticae
1867 2572 2080 2624 subesse
2124 2581 2510 2627 consueverant
2545 2576 2681 2625 villi-

1610 2665 1700 2701 cus
1720 2658 1776 2700 et
1803 2651 1977 2714 plures
2001 2659 2244 2713 actores3
2280 2651 2418 2715 quod
2444 2666 2509 2703 ex
2535 2652 2686 2702 Ptin.

1609 2727 1709 2791 Ep.
1731 2740 1824 2777 ιιι.
1843 2730 1921 2781 19.
1941 2727 2298 2791 intelligimus.
2365 2728 2572 2778 Praeter
2583 2730 2681 2785 bos

1610 2812 1973 2868 procuratores
1996 2803 2129 2866 fisci,
2157 2803 2422 2856 habebant
2451 2805 2682 2870 impera-

1610 2889 1752 2932 tores
1787 2882 1944 2931 etiam
1980 2888 2350 2945 procuratores
2385 2881 2460 2933 rei
2504 2883 2678 2945 priva-

1609 2964 1703 3021 te,
1725 2956 1835 3007 sive
1859 2959 2225 3021 procuratores
2248 2957 2567 3022 patrimonii,
2587 2959 2681 3025 qni

1608 3035 1863 3086 curabant
1891 3034 2115 3099 privatas
2141 3035 2392 3100 principis
2414 3034 2689 3102 fortunas,

1607 3127 1824 3178 quorum
1850 3112 2045 3162 mentio
2069 3111 2396 3176 potissimum
2419 3128 2449 3161 a
2475 3121 2680 3178 tempo-

1607 3189 1754 3240 ribus
1807 3190 1988 3239 Severi
2047 3189 2375 3251 imperatoris
2419 3191 2676 3243 occurrit.

1607 3265 1895 3316 Postremis
1920 3264 2260 3330 temporibus,
2281 3263 2460 3316 fiscum
2498 3281 2681 3318 comes

1605 3358 1873 3394 sacrarum
1919 3343 2276 3406 largitionum,
2325 3352 2382 3393 et
2426 3345 2679 3408 patrimo·

1604 3422 1748 3472 nium
1788 3421 2038 3486 principis
2080 3434 2256 3471 comes
2292 3435 2463 3472 rerum
2504 3424 2678 3487 priva.

1607 3504 1797 3562 tarum,
1819 3497 2266 3549 administrarant.
2310 3499 2398 3549 De
2420 3499 2533 3550 istis
2557 3514 2680 3564 prof

1606 3575 1933 3627 curatoribus
1969 3581 2027 3625 et
2064 3575 2349 3634 actoribus,
2379 3576 2494 3640 jam
2524 3580 2678 3643 plura

1603 3660 1960 3718 exposuerunt
1977 3651 2187 3716 Lipsius
2206 3652 2271 3701 ad
2288 3653 2463 3703 Tacit.
2481 3655 2682 3708 Annal.

1605 3746 1670 3783 11.
1694 3737 1778 3782 30.
1807 3740 1863 3782 et
1898 3730 2187 3781 Gutberius
2216 3731 2285 3781 de
2323 3729 2532 3800 Officiis
2563 3735 2678 3784 Do·

1604 3824 1718 3859 mus
1741 3808 2015 3873 Augusta,
2047 3821 2137 3858 m.
2169 3811 2218 3863 1.
2255 3811 2333 3860 16.
2367 3822 2479 3874 seq.
2505 3811 2575 3864 D.
2603 3813 2675 3862 D.

1605 3885 1838 3937 Gotsrid.
1873 3885 2087 3935 Mascou
2117 3883 2172 3933 in
2209 3885 2438 3935 Dissert.
2460 3886 2528 3936 de
2556 3902 2677 3951 pro·

1604 3971 1845 4014 curatore
1880 3962 2127 4021 Caesaris.
2155 3959 2366 4013 Altorfii
2401 3977 2487 4015 au.
2527 3969 2675 4023 1⁷24,

1604 4042 1765 4093 edita.
1831 4039 2287 4092 Quemadmodum
2326 4054 2454 4092 vero
2499 4043 2673 4107 liujus-2

1603 4119 1742 4171 modi
1763 4123 2157 4182 procuratorum
2175 4116 2398 4171 Caesaris
2412 4124 2533 4169 acta
2555 4134 2675 4183 ges·

1605 4203 1760 4262 taque
1783 4210 1812 4243 a
1835 4193 1981 4243 malis
2007 4194 2407 4256 imperatoribus
2436 4196 2513 4245 sic
2532 4212 2675 4250 coms

1602 4272 1867 4338 probabau
1874 4276 1927 4321 tu
1933 4284 2007 4336 r,q
2014 4270 2124 4320 ussi
2135 4269 2201 4320 ab
2210 4269 2324 4334 ipso
2334 4271 2540 4324 Caesare
2556 4282 2679 4327 acta

1604 4358 1857 4416 gestaque
1879 4355 2082 4405 essent,
2097 4354 2347 4434 narrautg
2359 4348 2546 4406 Tacito
2563 4349 2679 4418 An,-
