3017 4942
521 354 729 450 1012‘

525 544 632 590 tem
657 538 920 600 deserentia
939 537 1138 589 Plinius
1163 545 1338 597 vocat,
1360 552 1475 604 quae
1498 552 1591 588 na-

523 628 615 665 ves
639 612 794 664 facile
818 613 1091 676 deferunt;
1114 621 1167 664 et
1187 616 1298 664 haec
1320 629 1591 680 opponun-

524 697 612 740 tur
657 688 955 740 fluminibus
1001 688 1016 717 ‘
1041 706 1226 755 campo
1267 688 1594 757 superfusis,’

525 782 641 832 qnae
681 782 839 817 naves
878 782 980 817 non
1026 767 1183 817 facile
1226 766 1422 817 ferunt.
1500 768 1591 818 Sic

522 842 728 893 Plinius
763 857 940 906 supra,
980 856 1145 893 xxxi.
1180 847 1231 893 4.
1264 844 1399 893 dixit
1435 849 1591 893 ‘ven-

522 926 607 968 tos
623 917 897 982 ferentes,'
931 920 965 970 i.
990 935 1038 968 e.
1061 918 1310 968 fecundos
1336 927 1391 969 et
1406 918 1589 969 faven-

521 1003 604 1048 tes
647 1002 847 1055 ventos,
894 1012 1008 1062 quae
1056 998 1220 1062 plenis
1262 999 1389 1048 velis
1428 1012 1588 1048 naves

521 1072 787 1124 deferunt.
852 1075 906 1123 -V
912 1076 1048 1138 irgil.
1079 1074 1195 1125 AEn.
1222 1087 1277 1125 x,
1300 1076 1416 1123 688.
1449 1073 1466 1102 ‘
1485 1075 1588 1124 La-

520 1150 667 1201 bitur
697 1152 803 1200 alta
838 1166 1041 1214 secans,
1063 1150 1330 1215 fluctuque
1354 1157 1587 1216 aestuque

519 1228 749 1278 secundo
769 1263 783 1279 .
802 1261 816 1276 .
837 1258 853 1275 .
871 1262 884 1276 .
912 1229 1085 1278 Dauni
1126 1227 1360 1279 defertur
1400 1229 1463 1279 ad
1503 1243 1586 1278 ur-

517 1303 678 1354 bem!
742 1305 945 1355 Plinius
980 1303 1177 1369 Major,
1212 1318 1302 1354 ιιι.
1332 1310 1381 1354 5.
1412 1311 1427 1333 ·
1448 1306 1586 1355 Rho-

518 1381 684 1430 danus
722 1383 886 1431 amnis
923 1396 989 1431 ex
1027 1381 1250 1445 Alpibus
1281 1397 1339 1432 se
1383 1383 1587 1446 rapiens

515 1470 615 1520 per
638 1457 923 1506 Lemanum
946 1458 1135 1514 lacum,
1156 1472 1470 1521 segnemque
1496 1459 1585 1506 ‹le-

514 1530 692 1583 fereus
716 1532 957 1584 Ararim!
1024 1534 1178 1583 Hanc
1201 1534 1463 1597 vulgatam
1478 1534 1584 1583 lec-

515 1608 712 1660 tionem
753 1610 1067 1661 confirmant
1103 1611 1307 1674 plurimi
1341 1610 1460 1661 libri
1491 1611 1581 1661 im·

515 1689 702 1750 pressi,
725 1695 781 1739 et
803 1704 981 1739 omnes
1005 1689 1211 1739 codices
1233 1690 1362 1740 Mss.
1389 1696 1585 1751 praeter

512 1764 982 1830 Salisburgensem,
1039 1766 1373 1829 Patavinum,
1414 1773 1470 1817 et
1522 1767 1579 1816 li-

512 1840 663 1891 brum
678 1841 1008 1905 Vossiauum,
1021 1842 1073 1891 in
1094 1841 1281 1906 quibus
1303 1856 1397 1904 per
1410 1843 1581 1905 sphal-

510 1932 616 1975 ma,
641 1925 698 1966 ut
722 1927 867 1981 puto.
894 1919 1141 1982 scriptum
1178 1925 1260 1968 est
1280 1918 1581 1987 differentia.

514 1992 633 2053 Nec
657 1993 881 2056 probare
902 2008 1108 2058 possum
1131 1995 1416 2054 deserentia,
1439 1995 1580 2058 quod

514 2069 732 2120 edidere
752 2071 1049 2133 Catanaeus‚
1085 2070 1308 2132 Eizevir,
1341 2070 1579 2120 Boxhor·

512 2147 649 2203 nius,
674 2146 905 2196 Hearne.
972 2146 1233 2209 opinatus
1250 2154 1330 2195 est
1354 2148 1577 2211 Lipsius,

512 2222 666 2271 etiam
689 2222 982 2282 defer-ventio
1009 2237 1160 2287 posse
1189 2224 1291 2288 legi
1314 2241 1329 2286 3
1364 2225 1448 2273 cui
1474 2226 1578 2275 lec·

513 2299 646 2349 tioni
671 2313 794 2349 vero
818 2314 914 2350 nec
937 2300 1105 2350 codex
1128 2301 1335 2364 quidam
1361 2301 1466 2351 Ms.
1487 2317 1577 2351 ne·

510 2390 613 2439 que
629 2376 760 2426 alius
777 2383 1155 2428 commentator
1168 2376 1330 2429 favet.
1353 2378 1576 2428 Schwar-

505 2454 626 2504 zius.

572 2528 884 2593 Defereuh‘a]
941 2530 1120 2580 Prono
1175 2539 1231 2583 et
1276 2546 1368 2581 suo
1418 2547 1573 2582 cursu

508 2605 704 2656 euntia.
795 2606 1020 2659 Quidam
1077 2607 1218 2670 libri,
1270 2609 1576 2666 deserentia,-

376 2696 388 2705 ·
481 2682 645 2749 'quod
683 2689 825 2732 esset
863 2683 916 2732 in
951 2698 1007 2733 se
1042 2682 1330 2740 redeuntis,
1370 2685 1574 2736 omissis

506 2758 726 2823 campis.
777 2759 970 2817 ,Possit
1013 2767 1070 2811 et
1110 2761 1406 2822 destruentia
1448 2762 1571 2826 legi.

505 2832 649 2898 Lips.
1289 2860 1294 2865 ·

570 2910 870 2975 Magnopere
889 2913 1143 2978 duritiam]
1177 2914 1285 2964 Pro
1315 2929 1570 2979 magnope-

503 2999 582 3049 re,
601 2987 777 3037 divisis
800 2990 1027 3046 vocibus,
1052 3005 1225 3054 magno
1251 3007 1405 3055 opere,
1428 3008 1571 3043 more

504 3076 598 3111 suo
622 3063 790 3114 edidit
814 3065 980 3115 Aldus
995 3067 1293 3124 Manutius,
1318 3084 1467 3134 quem
1490 3086 1571 3119 se-

503 3139 615 3187 cuti
663 3146 784 3188 sunt
820 3140 986 3190 Junta
1040 3148 1095 3190 et
1138 3142 1357 3197 Navius,
1414 3153 1569 3209 atque

501 3224 644 3262 nunc
668 3211 1005 3264 Arntzenius.
1039 3217 1359 3282 Neutiquam
1383 3221 1570 3285 imprm

502 3287 574 3337 bo
607 3290 740 3339 hanc
775 3292 1106 3355 scripturam,
1138 3295 1285 3359 cujus
1310 3297 1436 3346 satis
1462 3313 1569 3347 ma-

500 3363 701 3414 nifesta
725 3374 1044 3418 annotantur
1068 3369 1408 3433 documenta;
1446 3387 1494 3421 v.
1518 3388 1568 3437 g.

501 3439 642 3504 apud
666 3442 993 3507 Terentium,
1019 3445 1258 3495 Eunuch.'
1279 3461 1367 3496 ιιι.
1401 3451 1451 3497 3.
1484 3454 1569 3499 26.

494 3516 686 3567 ‘Thais
723 3519 947 3570 maximo
983 3526 1037 3569 te
1077 3521 1263 3571 orabat
1295 3537 1471 3586 opere,
1506 3531 1568 3574 ut

498 3605 617 3642 cras
658 3593 893 3645 redires.’
971 3596 1036 3646 In
1067 3596 1281 3648 Phorm.
1312 3613 1362 3650 v.
1396 3605 1445 3650 1.
1480 3605 1563 3653 33.

498 3674 514 3696 ‘
537 3668 690 3719 Quod
714 3685 807 3719 nos
832 3670 983 3721 austro
1014 3688 1173 3736 opere
1207 3690 1451 3726 maxumo
1472 3678 1564 3727 da-

498 3742 681 3794 bamus
704 3760 938 3811 operam,
963 3754 1021 3798 ut
1043 3749 1229 3800 fieret.'
1268 3748 1423 3814 Apud
1451 3753 1564 3803 Cic.

497 3823 643 3875 Fam.
665 3837 792 3874 xm.
811 3830 894 3875 34.
926 3834 941 3856 ‘
963 3829 1260 3893 Magnoque
1285 3845 1447 3892 opere
1470 3832 1563 3882 abs

498 3906 553 3949 te
580 3901 739 3964 peto!
807 3904 996 3968 Neque
1032 3911 1203 3955 tamen
1231 3921 1442 3958 necesse
1468 3924 1561 3973 pu-

496 3982 569 4031 to,
593 3984 650 4025 ut
673 3977 893 4028 eandem
918 3989 1104 4030 contra
1122 3996 1432 4034 consensum
1454 4000 1563 4035 om·

497 4049 639 4099 nium
673 4050 787 4102 fere
822 4053 1067 4105 librorum
1101 4058 1294 4121 ubique
1336 4061 1562 4110 inculce-

494 4143 626 4178 mus.
692 4129 773 4180 cf.
795 4140 902 4192 not.
925 4130 996 4183 ad¹
1015 4149 1170 4184 xmv.
1195 4140 1241 4185 1.
1294 4137 1381 4187 Sic
1403 4141 1560 4188 etiam

496 4212 718 4269 utroque
737 4206 887 4256 modo
909 4217 1054 4259 recte
1078 4210 1291 4273 dicitur,
1309 4215 1560 4276 duritiam,

382 4301 388 4306 ·
487 4287 552 4329 ct
574 4280 821 4333 duritiem.
859 4284 975 4335 Hoc
1002 4291 1173 4337 tamen
1200 4289 1314 4339 loco
1333 4290 1557 4354 priorem

1214 396 1437 447 NOTA-3
1484 395 1580 445 VA
1594 395 1895 446 monum
1949 397 2034 475 {N

1667 537 1979 600 scripturam
2002 535 2180 601 recepi
2203 536 2483 602 3qnoniam
2507 536 2741 588 eandem

1666 614 1893 677 probant
1933 613 2143 664 codices
2181 614 2314 664 Mss.
2347 614 2524 664 Vatic.
2581 614 2742 664 Pari·

1664 691 1873 747 niensis,
1901 695 2121 755 uterque
2145 691 2397 754 Venetus,
2423 692 2743 747 Patavium,

1665 767 1799 816 liber
1818 767 2121 831 Vossianus,
2145 775 2199 816 et
2229 768 2283 817 in
2304 768 2512 817 excusis
2534 768 2743 818 Puteo-

1662 845 1831 906 lanus,
1849 844 2034 902 Aldus,
2050 844 2414 909 cuspinianus,
2431 845 2741 900 Rhenanus,

1662 918 2014 983 Philomusus,
2064 919 2378 983 Cratander,
2431 920 2567 970 Rob.
2618 921 2739 970 Ste-

1663 995 1886 1060 phanus,
1930 995 2218 1059 Livineius,
2239 997 2529 1059 Gruterus,
2567 999 2658 1048 De
2690 997 2741 1045 la

1660 1071 1864 1134 Baune,
1886 1069 2224 1121 Arntzenius.
2257 1072 2506 1121 Schwarz.

1726 1147 1934 1197 Animus
1965 1147 2231 1211 imperitet]
2260 1149 2480 1211 Plurimi
2524 1149 2738 1199 codices

1660 1225 1791 1273 Mss.
1824 1239 1923 1274 nee
1944 1226 2093 1289 pauci
2113 1226 2231 1276 libri
2257 1226 2517 1290 impressi,
2542 1225 2739 1277 confir-

1661 1308 1804 1351 mant
1827 1301 1961 1351 hanc
1984 1303 2284 1353 lectionem.
2323 1304 2535 1353 Vitiose
2557 1312 2737 1355 autem

1659 1378 1918 1441 imperaret
1938 1379 2155 1430 edidere
2174 1378 2476 1438 Ascensius,
2499 1382 2738 1443 Elzevir,

1660 1456 2009 1519 Boxlioruius,
2054 1459 2328 1521 Cellarius‚
2381 1466 2438 1508 et
2496 1458 2737 1507 Hearne.

1658 1531 1862 1583 Plinius
1890 1535 2153 1599 respicere
2177 1534 2383 1586 videtur
2407 1536 2735 1585 sententiam

1653 1607 1888 1658 Sallustii
1929 1611 2089 1661 Catil.
2125 1626 2244 1675 cap.
2283 1617 2330 1661 1.
2378 1612 2393 1638 ‘
2417 1612 2622 1662 Nostra
2658 1612 2734 1661 vis

1656 1685 1821 1733 omnis
1844 1685 1898 1735 in
1917 1688 2090 1736 animo
2111 1694 2168 1737 et
2190 1701 2416 1752 corpore
2438 1688 2547 1737 sita
2569 1703 2584 1738 ε
2623 1689 2735 1738 ani·

1654 1760 1723 1808 mi
1758 1761 1997 1826 imperio,
2029 1765 2263 1827 corporis
2292 1766 2533 1822 servitio,
2568 1766 2736 1829 magis

1655 1837 1883 1888 utimur.'
1946 1839 2095 1889 Idem
2117 1841 2366 1902 Jugnrth.
2387 1855 2509 1904 cap.
2530 1846 2583 1891 6.
2615 1856 2734 1892 ver-

1656 1914 1722 1964 bo
1756 1916 2095 1980 ‘imperitare
2117 1916 2135 1939 ’
2182 1919 2366 1968 utitur.
2422 1919 2440 1946 ‘
2464 1919 2734 1969 Naturam

1652 1991 1818 2054 ipsam
1839 1995 2030 2043 ceteris
2052 1993 2441 2058 imperitantem
2464 1995 2738 2047 industria

1655 2068 1889 2119 vicerat?
1952 2071 2072 2122 Jam
2100 2072 2275 2121 Plaut.
2296 2071 2454 2137 capt.
2481 2086 2549 2123 11.
2571 2078 2621 2122 1.
2644 2076 2733 2123 47.

1649 2133 1674 2174 ²
1689 2145 1842 2197 Quod
1859 2147 2080 2198 antehac
2097 2162 2192 2213 pro
2208 2149 2329 2213 jure
2350 2149 2732 2213 imperitabam

1652 2235 1788 2284 meo,
1826 2237 1963 2273 nunc
2000 2230 2053 2274 te
2081 2240 2173 2274 oro
2200 2241 2294 2290 per
2320 2224 2571 2290 precem!
2644 2227 2733 2277 Li-

1650 2297 1761 2347 vius
1781 2298 2065 2351 identidem
2090 2302 2188 2351 hoc
2214 2302 2376 2352 verbo
2400 2317 2459 2352 se
2484 2303 2732 2354 oblecta-

1651 2373 1760 2423 vit:
1796 2388 1885 2425 ιιι.
1922 2379 2006 2426 39.
2053 2377 2522 2428 ‘vicissitudinem
2562 2380 2731 2443 impe-

1652 2449 1842 2499 ritandi
1865 2450 2223 2502 sustulerunt.'
2277 2453 2417 2503 Item
2437 2461 2495 2503 et
2521 2455 2729 2504 Plinius

1649 2526 1845 2591 MaJor,
1890 2542 1974 2579 vr.
2015 2533 2098 2579 2³.
2131 2525 2369 2580 ‘Pandae
2410 2533 2728 2596 imperitant

1652 2615 1773 2653 ccc.
1811 2605 2021 2668 opidis!
2076 2619 2158 2656 vr.
2188 2611 2269 2656 35.
2303 2608 2611 2672 ⁴AEthiopia
2653 2610 2726 2660 ri-

1648 2683 1820 2734 cissim
1844 2684 2193 2749 imperitando
2212 2688 2602 2754 serviendoque
2617 2690 2726 2740 cla·

1648 2774 1706 2809 ra
1741 2766 1799 2810 et
1838 2770 2053 2824 potens:
2076 2791 2119 2810 ..
2138 2795 2153 2811 .
2176 2770 2230 2813 et
2251 2763 2481 2828 Scythiae
2509 2765 2728 2830 imperi-

1647 2844 1786 2888 tasse
1806 2850 1942 2902 eam,
1957 2846 2237 2904 nostroque
2255 2840 2415 2904 litori,
2438 2848 2596 2905 patet
2613 2839 2725 2893 An·

1646 2913 1942 2964 dromacha!
1969 2914 2199 2966 fabulis!
2232 2917 2384 2967 Idem.

1712 2991 1947 3041 Fortuuoe
1986 2993 2288 3055 indulgentia
2323 2995 2538 3060 mouiat]
2591 2994 2723 3044 Om-

1646 3081 1759 3125 nes,
1783 3083 1910 3131 quos
1931 3072 2118 3130 evolvi,
2139 3071 2257 3120 libri
2277 3072 2522 3135 impressi
2537 3074 2721 3123 edide-

1649 3158 1703 3192 re
1727 3144 1990 3210 hucusque
2021 3147 2072 3195 in
2103 3161 2320 3197 numero
2343 3148 2720 3206 multitudinis,

1648 3220 1878 3270 Fortuna·
1900 3222 2217 3284 indulgentia
2240 3224 2473 3274 molliant.
2511 3224 2589 3275 At
2612 3226 2718 3275 sin-

1646 3299 1878 3361 gularem
1894 3299 2249 3362 reponendum
2267 3300 2411 3363 duxi,
2436 3303 2562 3365 quia
2577 3303 2717 3353 hunc

1642 3368 1820 3425 inveni
1853 3377 1904 3427 in
1941 3377 2211 3429 codicibus
2238 3379 2368 3429 Mss.
2405 3380 2715 3443 Parisiensi,

1643 3452 1853 3501 Veneto
1892 3456 1939 3502 1.
1977 3461 2032 3502 et
2071 3468 2205 3504 meo.
2270 3453 2355 3503 Ad
2390 3470 2522 3519 quos
2554 3458 2713 3506 etiam

1643 3528 1816 3578 refero
1857 3529 2065 3579 codices
2100 3531 2408 3588 vaticanos,
2441 3539 2498 3583 et
2542 3534 2713 3583 Vene-

1641 3611 1751 3653 tum
1766 3604 1815 3656 2;
1833 3606 1939 3669 qui,
1957 3606 2054 3655 etsi
2079 3599 2344 3659 invertant
2366 3623 2520 3658 casus
2549 3611 2714 3660 nomi·

1639 3694 1782 3743 num,
1818 3681 2032 3731 verbum
2069 3688 2247 3732 tamen
2276 3684 2542 3747 singulare
2568 3693 2711 3736 recte

1638 3758 1956 3824 exprimunt,
1988 3759 2207 3809 Fortuna
2243 3760 2563 3822 indulgentia
2596 3764 2710 3812 mol·

1636 3834 1745 3883 liat.
1809 3833 1998 3885 Altera
2037 3837 2169 3886 ratio
2192 3845 2296 3898 est,
2319 3853 2413 3887 cur
2437 3854 2468 3888 a
2493 3841 2707 3904 vulgata

1636 3906 1863 3959 lectione
1909 3913 2250 3973 recesserim;
2285 3915 2435 3976 qnia,
2468 3915 2702 3979 quamvis

1637 3985 1839 4036 Plinius
1883 3989 2091 4039 nomine
2145 3989 2462 4051 indulgentie.
2518 3991 2702 4053 sepius

1637 4068 1837 4125 utatur,
1859 4072 1912 4113 et
1939 4065 1990 4112 in
2016 4064 2371 4129 Panegyrico,
2408 4075 2465 4116 et
2494 4067 2547 4127 in
2583 4068 2703 4129 Epi·

1636 4139 1818 4199 stolis;
1849 4154 2110 4204 nunquam
2137 4149 2313 4191 tamen
2339 4143 2465 4191 alibi
2489 4154 2699 4192 numero

1633 4216 1978 4265 multitudinis
2003 4231 2119 4266 usus
2145 4218 2593 4282 deprehenditur3
2616 4233 2699 4268 ne-

1633 4305 1735 4357 que
1759 4292 1902 4353 mihi,
1927 4295 2126 4345 ex'ullo
2151 4296 2254 4345 alio
2280 4304 2496 4347 auctore
2528 4311 2696 4347 aureae
