3017 4942
486 418 619 487 580

487 574 616 626 dent
637 573 796 626 vitam
828 572 1143 638 longiorem:
1176 575 1366 639 partim
1397 582 1557 640 auget

486 652 773 704 dictionem
810 650 1149 713 admirantis3
1185 651 1306 701 dum
1331 652 1558 715 Plinius,

488 729 636 795 qttasi
686 717 1034 791 mirabundus,
1078 728 1275 779 indicat
1330 729 1556 780 futuram

487 807 754 870 ingentem
817 804 1206 856 multitudinem
1265 804 1557 864 infantium,

489 896 617 947 qnos
640 881 927 945 Trajanus,
963 882 1005 930 si
1029 883 1263 946 longiore
1288 881 1558 934 frueretur

486 958 618 1015 vita.
647 958 887 1022 jussurus
918 962 1062 1008 esset
1082 957 1268 1008 referri
1303 959 1354 1008 in
1378 973 1558 1009 nume·

487 1049 602 1085 rum
642 1034 1097 1086 alimentariorum·
1147 1035 1306 1098 -Ergo
1349 1042 1559 1086 senten-

489 1114 617 1166 tiam
643 1113 801 1164 Plinii
822 1113 960 1163 huuc
984 1114 1036 1162 in
1062 1112 1273 1164 modurn
1293 1115 1558 1178 explicare

489 1191 675 1241 velim:
711 1190 788 1248 Si,
825 1181 964 1255 quod
1005 1196 1265 1254 optamus,
1298 1194 1410 1241 dent
1446 1192 1557 1254 tibi,

492 1267 678 1321 C'oesnr,
698 1270 890 1319 <etatem
923 1267 1034 1329 Dii,
1051 1282 1190 1332 quam
1219 1268 1433 1325 mereris,
1455 1282 1557 1319 ser-

486 1348 688 1406 ventque
729 1344 960 1405 animum,
1013 1359 1151 1407 quem
1193 1346 1453 1395 dederunt.-
1507 1349 1559 1398 et

484 1424 680 1484 quanto,
695 1420 756 1486 [i.
770 1420 934 1481 e0hei,
953 1428 1147 1485 quanto
1163 1419 1314 1483 tum,]
1334 1421 1560 1483 mitiorem

485 1495 744 1555 wantiam
780 1496 988 1557 turbam,
1025 1510 1174 1560 quam
1216 1496 1426 1561 quidem
1459 1499 1559 1548 boc

485 1581 745 1637 tempore,
777 1574 952 1628 iterum
984 1580 1126 1639 atque
1155 1574 1347 1637 iterum,
1377 1573 1427 1624 in
1451 1575 1558 1632 sin-

482 1652 631 1714 gulos
660 1665 820 1712 anuos
840 1665 1023 1708 nonos,
1033 1653 1226 1713 jubebis
1245 1651 1436 1703 incidi!
1477 1651 1558 1703 Si·

482 1727 595 1794 mili
617 1725 727 1776 fere
747 1727 947 1786 ratione
966 1728 1192 1791 loquitur
1216 1728 1414 1778 Florus.
1451 1727 1558 1779 Hic

486 1805 645 1861 enim,
668 1812 939 1868 postquam
977 1819 1050 1854 tv.
1070 1807 1121 1854 2.
1144 1808 1226 1854 89.
1255 1805 1424 1856 varios
1447 1805 1482 1857 J
1489 1805 1558 1856 ul·

487 1881 714 1932 Caesaris
740 1880 1025 1943 triumphos
1050 1887 1422 1943 enumerasset,
1444 1886 1557 1930 tan·

485 1958 605 2012 dem
640 1959 786 2023 qnasi
816 1958 1236 2013 admirabundus.
1270 1966 1285 1988 ‘
1304 1960 1371 2012 Et
1395 1974 1557 2023 quan-

487 2045 545 2090 to
586 2038 786 2101 majora
823 2036 1008 2093 erant‚'
1033 2038 1220 2103 inquit,
1242 2038 1258 2065 ‘
1283 2039 1350 2087 de
1371 2039 1556 2103 quibus

482 2127 587 2164 non
623 2113 1022 2179 triumphavit?
1054 2114 1401 2177 Boxbornius,
1436 2114 1557 2165 Cel·

483 2191 663 2251 larius,
684 2198 739 2241 et
763 2192 847 2256 qui
872 2190 1006 2242 huuc
1028 2200 1150 2242 sunt
1174 2194 1365 2257 secuti,
1391 2207 1487 2259 pro
1507 2198 1558 2245 et

485 2274 680 2330 quanto,
715 2267 928 2318 edidere
958 2275 1024 2326 et,
1046 2272 1248 2333 quando.
1313 2262 1420 2321 Sed
1441 2271 1557 2321 baec

482 2345 703 2394 mutatio
728 2359 793 2394 ne
822 2345 972 2394 unius
1004 2346 1210 2410 quidem
1243 2346 1443 2397 codicis
1478 2348 1557 2397 in·

481 2419 622 2469 dicio
645 2420 937 2484 adjuvatur.
995 2422 1081 2471 De
1104 2422 1201 2472 hoc
1224 2429 1399 2474 autem
1421 2424 1557 2481 loco,

483 2510 548 2546 ac
573 2495 640 2545 de
661 2497 872 2546 notione
896 2503 1054 2561 atque
1077 2512 1172 2547 usu
1196 2498 1469 2563 particulae
1487 2504 1555 2556 et,

482 2571 742 2635 copiosius
763 2588 861 2637 ago
886 2573 937 2622 in
956 2574 1172 2624 Excurs.
1187 2587 1380 2624 xxxn.
1405 2575 1557 2626 Ident-

544 2648 749 2700 ,Iubebis
780 2648 956 2712 incidi]
1008 2649 1358 2714 cuspinianus
1395 2658 1556 2714 auget

480 2724 573 2774 has
595 2740 773 2787 voces,
798 2724 1000 2778 adscito
1026 2725 1128 2778 alio
1154 2727 1333 2792 verbo,
1351 2728 1556 2795 videbis,

469 2800 659 2862 jubebis
678 2801 846 2854 incidi.
911 2802 1052 2854 Quia
1084 2817 1205 2853 vero
1242 2803 1456 2853 verbum
1479 2804 1555 2853 oi·

478 2876 613 2927 debis
641 2880 752 2943 jam
788 2878 841 2927 in
885 2879 1118 2941 pluribus
1156 2880 1403 2945 antiquis,
1435 2894 1554 2932 cum

479 2955 707 3019 scriptis,
732 2962 841 3006 tum
862 2957 1064 3005 excusis
1089 2955 1237 3005 libris
1265 2956 1550 3020 invenitur,

483 3032 571 3082 vix
600 3031 811 3081 dubium
845 3037 946 3094 est,
969 3032 1091 3097 quin
1114 3032 1461 3095 cuspinianus
1495 3034 1554 3086 in

482 3108 705 3171 quodam
732 3114 932 3169 vetere,
949 3107 1041 3156 sed
1057 3108 1168 3171 jam
1193 3121 1258 3157 ex
1282 3109 1378 3158 bac
1401 3115 1553 3172 parte

479 3188 728 3247 corrupto
749 3182 950 3245 codice,
974 3183 1078 3232 ista
1099 3182 1201 3233 duo
1225 3183 1382 3234 verba
1400 3185 1553 3235 simul

467 3259 662 3324 juncta
684 3259 959 3322 repererit.
1005 3259 1103 3310 Est
1125 3260 1245 3309 mihi
1267 3267 1440 3310 antem
1465 3275 1550 3311 ve·

481 3332 864 3392 sisimillimnm,
885 3335 985 3386 hoc
1010 3334 1221 3392 verbum
1244 3336 1423 3387 videbis
1434 3337 1550 3400 jam

481 3410 607 3460 olim
646 3425 679 3461 a
721 3410 879 3460 sciolo
934 3410 1156 3476 quodam
1203 3412 1415 3463 librario
1458 3420 1551 3463 ant

483 3493 785 3560 correctore
811 3489 1079 3539 contextui
1111 3490 1360 3541 orationis
1387 3490 1553 3541 intru-

479 3578 593 3615 sum
615 3563 797 3628 fuisse,
818 3567 927 3631 qnig
949 3582 1067 3618 cnm
1096 3583 1264 3634 neque
1295 3570 1396 3620 vim
1433 3585 1552 3635 par·

478 3640 659 3694 ticulae
695 3647 763 3699 et,
799 3657 966 3708 neque
1006 3659 1184 3695 verum
1224 3661 1373 3696 usum
1414 3648 1554 3697 vocis

478 3722 679 3780 quanto,
699 3720 825 3768 satis
844 3720 1197 3781 intellexerit3
1229 3722 1364 3771 hunc
1379 3721 1552 3771 locum

481 3796 562 3844 ita
610 3795 1010 3858 emendandum,
1056 3812 1119 3847 ac
1163 3798 1352 3860 partim
1406 3798 1553 3861 quasi

481 3870 650 3919 animo
669 3872 1014 3935 supplendum
1032 3873 1258 3938 putavit,
1276 3874 1363 3936 Et,
1380 3879 1556 3937 quanto

483 3947 709 4007 majorem
740 3948 1003 4007 infantiam
1038 3948 1228 4000 turbam
1261 3949 1435 4001 iterum
1464 3950 1555 4000 ite·

480 4037 678 4087 rumque
709 4024 891 4074 videbis
906 4041 929 4084 ,·
973 4031 1123 4076 tanto
1157 4026 1408 4090 majorem
1447 4032 1555 4078 tnr-

484 4096 606 4148 bam
625 4098 819 4159 ,iubebis
853 4101 1020 4150 incidi.
1088 4102 1221 4152 Cum
1253 4100 1441 4150 deinde
1469 4100 1558 4151 alii

485 4172 983 4237 animadverterent,
998 4182 1275 4240 utrumque
1291 4174 1428 4228 istud
1445 4189 1558 4227 ver·

484 4248 609 4299 burn
647 4250 731 4300 vix
753 4251 1022 4302 commode
1049 4265 1152 4302 una
1174 4253 1338 4301 locum
1363 4251 1558 4301 babere

487 4338 658 4393 posse,
690 4327 1001 4380 alterutrum
1026 4326 1407 4380 exturbandum
1428 4341 1551 4381 cen-

1179 433 1409 508 ΝοίκειΙ
1450 433 1862 486 vautouust
1917 436 2002 486 nc

1630 581 1866 630 suerunt.
1916 577 2278 631 Estnrbarunt
2298 586 2472 632 sutem
2492 579 2700 645 plurimi

1633 654 1845 705 verbum
1854 655 2068 718 jubebis,
2084 662 2290 708 retento
2311 659 2480 709 altero
2498 661 2699 711 uidebis·

1630 730 1847 796 Verum,
1869 733 1990 783 milii
2022 746 2316 796 persuasum
2352 734 2542 797 babeo,
2562 737 2699 799 poti·

1631 821 1723 856 ore
1761 808 1886 870 jure
1926 809 2288 860 vindicandum
2333 825 2446 860 esse
2481 811 2698 862 verbum

1617 882 1837 943 Jubebie:
1872 886 2092 950 primum
2129 887 2357 952 quidem,
2376 889 2614 954 quoniam
2642 888 2698 940 id

1632 963 1929 1013 auctoritati
1970 964 2200 1028 Trajani,
2252 965 2398 1029 cujus
2449 965 2699 1030 auspiciis

1629 1037 1736 1088 ista
1756 1039 2004 1090 alimenta
2026 1040 2491 1100 distribuebantur,
2510 1056 2703 1092 conve-

1631 1114 1858 1166 nientius
1878 1122 1989 1168 est:
2026 1125 2270 1181 poterant
2286 1119 2422 1169 enim
2441 1119 2588 1172 multi
2605 1119 2700 1171 alii

1633 1191 1829 1249 videre,
1845 1193 2054 1244 nomina
2075 1194 2513 1246 alimentariorunr
2529 1192 2700 1245 insum

1632 1268 1759 1319 tium
1787 1269 1977 1320 tabulis
1997 1269 2351 1320 frumentariis
2375 1271 2569 1332 incidi3
2603 1272 2700 1320 aed

1631 1345 1786 1394 solius
1810 1346 2136 1408 imperatoris
2153 1353 2267 1396 erat
2281 1346 2472 1410 jubere
2488 1360 2552 1397 ea
2573 1346 2705 1397 inci·

1631 1420 1706 1471 di.
1772 1422 2001 1484 Deinde,
2035 1424 2161 1488 quia
2194 1422 2392 1472 Plinius
2420 1422 2702 1480 hocs-erbo

1631 1499 1791 1550 etiam
1835 1500 1964 1550 alibi
2004 1501 2055 1550 in
2095 1500 2279 1550 eadem
2314 1501 2535 1550 materia
2576 1511 2703 1551 usus

1631 1580 1734 1628 est-
1800 1577 1989 1640 Capite
2014 1576 2150 1628 enim
2177 1590 2343 1628 xxvi.
2363 1582 2412 1628 8.
2461 1583 2478 1608 ‘
2502 1578 2702 1629 Omnes

1633 1651 1845 1715 tamen‚'
1877 1654 2066 1719 inquit,
2109 1654 2421 1720 ‘antequam
2462 1663 2514 1706 te
2555 1656 2703 1706 vide·

1633 1737 1771 1790 rent,
1795 1731 2084 1788 adirentve,
2108 1731 2290 1795 recipi,
2319 1731 2500 1792 incidi,
2512 1732 2702 1796 jussis,

1632 1804 1711 1855 ti.’
1745 1806 1814 1855 Et
1835 1818 1907 1856 m.
1927 1812 1978 1858 6.
2013 1812 2029 1836 ⁸
2046 1806 2285 1860 Anseres
2304 1819 2573 1858 numerum
2587 1807 2700 1871 ejus

1630 1883 1878 1944 congiarii
1920 1882 2191 1947 facilitate,
2236 1885 2589 1948 majoremque
2641 1885 2700 1934 in

1632 1968 1899 2022 posterum
1951 1960 2163 2024 suscipi,
2208 1960 2537 2011 liberalitatis
2594 1968 2699 2011 tuse

1630 2032 1735 2084 tide
1760 2035 2006 2099 jussisti!
2076 2038 2367 2101 Praeterea,
2388 2051 2556 2102 neque
2582 2052 2698 2087 ver·

1630 2109 1752 2160 bum
1776 2111 1969 2172 jubebis
1999 2114 2136 2163 hunc
2159 2114 2212 2164 in
2246 2114 2414 2163 locum
2438 2127 2699 2176 reponen-

1630 2185 1775 2249 dum,
1821 2203 2032 2251 prorsus
2075 2188 2324 2254 suffragio
2370 2188 2698 2253 antiquitatis

1629 2262 1953 2317 destituitur.
1995 2265 2060 2315 Id
2085 2267 2221 2315 enim
2242 2266 2412 2317 codex
2437 2268 2697 2323 Venetus,

1630 2345 1686 2389 et
1708 2338 1842 2389 liber
1864 2341 2003 2403 prior
2021 2341 2202 2404 Gudii,
2226 2342 2499 2406 exhibent,
2534 2349 2695 2408 atque

1630 2417 1859 2479 Scaliger
1893 2427 1950 2470 et
1982 2419 2037 2471 J.
2071 2419 2132 2472 F.
2163 2419 2463 2470 Gronovius
2507 2420 2697 2483 proba·

1629 2500 1785 2556 rnnt;
1817 2493 2064 2559 idemque
2089 2496 2199 2560 jam
2236 2496 2289 2546 iu
2321 2496 2525 2546 excusis
2548 2494 2697 2546 libris

1628 2571 1857 2629 edidere,
1902 2571 2130 2636 Lipsius,
2178 2573 2527 2635 Parisienses,
2567 2572 2697 2623 Ber·

1627 2659 1848 2712 negger,
1888 2649 2125 2699 Patarol.
2195 2650 2314 2700 Non
2350 2663 2495 2710 vero,
2526 2648 2627 2699 nisi
2664 2660 2698 2700 e

1629 2723 1830 2774 librarii
1868 2725 2080 2776 audacis
2114 2725 2402 2778 mutatione
2438 2731 2537 2787 est,
2558 2724 2697 2788 quod

1630 2800 1847 2864 legimns
1882 2802 1936 2851 in
1969 2801 2156 2852 codice
2181 2801 2494 2864 Gnelpbieo,
2514 2800 2700 2853 videbis

1627 2877 1680 2927 ia
1710 2878 1831 2928 dies.
1897 2878 2168 2934 Ceterum,
2185 2877 2396 2928 verbnm
2417 2878 2570 2928 incidi
2592 2877 2697 2927 Pli-

1626 2953 1743 3004 nius
1765 2953 1938 3004 denno
1975 2954 2211 3010 adhibet.
2242 2954 2380 3019 quod
2400 2955 2513 3017 jam
2536 2968 2699 3019 snpra

1630 3035 1896 3093 posuerat,
1937 3044 2103 3081 xxvi.
2142 3034 2192 3080 8.
2224 3029 2418 3081 ‘incidi
2449 3030 2696 3095 jussisti?

1627 3106 1747 3157 Quo
1769 3107 1929 3158 verbo
1951 3107 2152 3158 Plinius
2172 3108 2408 3171 respexit
2426 3107 2698 3173 antiquum

1627 3197 1826 3234 morem
1850 3184 2116 3236 incidendi
2143 3184 2353 3234 nomina
2376 3184 2697 3233 alimentari-

1628 3273 1774 3310 orum
1807 3261 1861 3309 in
1895 3260 2080 3324 titulis,
2107 3260 2216 3309 sive
2252 3258 2441 3309 tabulis
2472 3257 2698 3314 frumen,

1628 3336 1791 3401 tariis,
1824 3337 1988 3402 iisque
2030 3337 2141 3388 siue
2185 3336 2345 3386 dubio
2382 3336 2566 3387 aeneis.
2630 3334 2700 3388 Id

1628 3414 1763 3463 enim
1789 3413 1956 3465 adhuc
1977 3429 2070 3465 suo
2093 3411 2328 3476 tempore
2350 3413 2599 3464 usitatum
2622 3415 2700 3463 in⁴

1627 3489 1772 3539 dicat
1786 3491 2180 3541 Valentinianus
2194 3489 2381 3539 Senior
2397 3490 2698 3553 imperator,

1627 3563 1682 3613 in
1706 3565 2078 3616 constitutione
2108 3564 2315 3615 Codicis
2345 3566 2606 3615 Titeodos.
2629 3564 2697 3615 de

1630 3637 1867 3690 Annonis
1912 3640 2128 3697 Civicis,
2170 3641 2288 3703 lege
2329 3645 2379 3689 5.
2451 3640 2694 3692 ‘Quibus

1630 3714 1965 3779 (gradibus)‚'
1993 3716 2180 3780 inquit,
2211 3719 2226 3745 ⁶
2251 3716 2432 3767 titulus
2459 3715 2696 3781 figendus

1632 3797 1716 3841 est
1735 3806 1932 3848 aeneus,
1950 3793 2003 3841 in
2028 3805 2204 3858 quem,
2236 3800 2289 3842 et
2315 3793 2464 3856 panis
2495 3791 2696 3849 modus,

1631 3874 1689 3920 et
1712 3867 2055 3932 percipientis
2087 3879 2296 3930 nomen,
2326 3868 2540 3919 debebit
2571 3868 2697 3920 inci-

1632 3943 1724 3996 die
1787 3944 1889 3994 Ille
1921 3947 1937 3974 ⁸
1955 3945 2139 3995 titulus
2171 3943 2383 4002 oeneusj
2412 3952 2473 3994 nt
2495 3945 2697 3996 Gotho«

1628 4021 1806 4071 fredus
1826 4021 1961 4071 bene
1990 4029 2389 4085 commentatur,
2416 4027 2549 4072 tom.
2571 4034 2623 4072 v.
2647 4036 2697 4085 p·

1630 4102 1747 4150 248.
1784 4105 1902 4150 erat
1940 4098 2119 4149 tabula
2151 4112 2334 4157 aenea3
2368 4097 2473 4154 nbi,
2504 4104 2699 4161 praetet·

1633 4176 1791 4226 Plinii
1808 4177 1940 4239 locs,
1960 4176 2120 4227 etiarn
2148 4172 2300 4224 affert
2322 4176 2492 4224 locum
2516 4189 2581 4223 ex
2603 4175 2696 4225 Se·

1632 4266 1764 4303 neca
1785 4252 1850 4301 de
1871 4250 2056 4303 Benef.
2069 4266 2190 4316 cap·
2206 4254 2292 4301 28.
2324 4252 2339 4280 ‘
2358 4252 2695 4304 Frumentum

1633 4328 1900 4393 publicum
1928 4335 2036 4379 tarn
2056 4327 2160 4394 fur,
2180 4340 2332 4394 quam
2357 4327 2622 4392 perjurus,
2638 4332 2696 4380 et
