3017 4942
750 386 817 434 c.
863 385 1106 436 vnum
1157 386 1496 438 saeuum
1550 384 1829 439 uuna.
1902 387 1957 437 ι.
1986 369 2098 437 42.

323 526 588 586 &roborem
616 525 695 579 ὅτι
732 528 902 580 &auron
935 529 1037 581 υἱὸν
1071 532 1195 582 Θεοῦ
1228 530 1389 592 ἐπίῃ·

323 621 428 655 σειν.
494 606 546 657 Ο
587 599 812 658 scelesta
851 609 1191 660 scelestorum
1229 610 1388 660 inter-

323 683 575 748 pretatio,
609 699 729 749 qum
757 685 856 736 nisi
894 687 962 736 ab
992 686 1235 750 imperito
1259 687 1390 751 legis

322 761 520 811 divinas
575 763 700 828 ipsis
754 762 938 815 fuisset
984 772 1195 828 negata.
1282 765 1390 815 Ubi

325 837 463 886 enim
495 838 582 888 lex
611 853 675 889 ea
706 840 834 902 lata,
862 840 935 891 ὅτι
955 843 1050 893 πᾶς
1069 841 1202 893 ὅστις
1222 842 1393 893 ἑαυτὸν

321 912 461 975 λέγει
496 914 597 965 vles·
627 918 764 975 Θεοῦ,
797 917 984 982 ὀφείλει
1013 918 1278 983 ἀποθανεῖν,
1301 926 1394 972 aut

325 1004 512 1040 eamne
538 993 812 1054 legislator
835 996 941 1047 Dei
974 995 1108 1047 tilius
1144 997 1392 1048 adversus

326 1077 385 1116 se
408 1065 522 1130 ipse
546 1068 708 1118 tulit?
742 1069 898 1121 Bern-

392 1143 672 1205 qu'eslutis
698 1148 902 1213 crimen]
937 1149 1069 1201 Cum
1095 1148 1308 1214 vigebat
1332 1150 1393 1202 li-

326 1217 509 1269 bertas
531 1221 584 1270 iu
609 1229 792 1273 vetere
822 1224 1009 1284 Roma,
1033 1226 1280 1290 majestas
1301 1225 1392 1278 tri-

326 1292 590 1347 buebatur
623 1300 818 1364 populo
841 1302 1107 1366 Romano;
1141 1309 1214 1362 at,
1252 1310 1392 1367 post-

328 1385 486 1436 quam
527 1375 748 1438 populus
789 1377 907 1441 lege
953 1380 1100 1442 regia
1140 1393 1393 1431 summam

329 1454 647 1511 potestatem
695 1454 964 1506 transtulit
1008 1455 1061 1506 in
1116 1456 1396 1521 principes,

326 1523 487 1574 etiam
511 1540 697 1578 nomen
721 1529 1006 1593 majestatis
1040 1532 1104 1581 iis
1129 1533 1395 1595 proprium

327 1600 492 1665 coepit
515 1603 785 1655 vindicari.
836 1606 900 1656 In
925 1607 1192 1672 republica
1214 1607 1396 1666 libera,

326 1690 495 1742 eaque
517 1680 753 1745 antiqua,
775 1695 876 1732 nou
898 1683 994 1733 uisi
1019 1684 1307 1748 perduellio
1329 1686 1397 1735 de

328 1754 654 1806 atrocissimo
709 1758 999 1822 majestatis
1049 1761 1267 1812 crimine
1309 1777 1398 1812 eo·

329 1845 463 1890 rum,
501 1833 594 1898 qui
650 1834 999 1898 prodidissent
1057 1838 1299 1901 patriam,
1340 1845 1399 1898 et

327 1916 515 1958 contra
570 1911 939 1975 rempublicam
992 1914 1187 1980 aliquid
1232 1915 1399 1965 moliti

328 1993 526 2042 esseut,
555 1986 957 2051 praedicabatur.
1010 1989 1279 2042 Adversus
1299 1992 1398 2042 boc

326 2063 529 2122 ,crimen
574 2064 772 2128 aliquot
812 2067 955 2131 leges
995 2075 1115 2117 sunt
1159 2069 1317 2130 latae3
1366 2084 1396 2119 e

330 2138 535 2203 quibus.
563 2147 882 2204 postremum
919 2142 1141 2194 maxime
1182 2144 1397 2195 eminuit

330 2216 419 2265 lex
452 2215 598 2266 Julia
630 2218 940 2282 majestatis,
958 2234 1109 2285 quam
1137 2222 1396 2273 Gundlin·

333 2293 468 2357 gius,
504 2294 557 2343 in
602 2296 809 2346 erudita
846 2300 1288 2351 commentatione
1329 2300 1396 2350 ad

332 2372 500 2435 legem
535 2372 845 2436 majestatis„
871 2388 912 2426 1.
943 2378 1022 2425 16.
1045 2389 1146 2425 non
1171 2376 1398 2427 immeri-

332 2454 388 2498 to
422 2463 490 2499 ex
525 2448 788 2500 Ciceronis
822 2450 1050 2516 Philipp.
1082 2466 1120 2502 ι.
1147 2458 1199 2503 9.
1234 2454 1398 2504 vindi·

332 2526 476 2576 cavit
518 2524 661 2578 Julio
706 2527 914 2583 Caesari,
958 2529 1034 2578 ita
1072 2527 1299 2593 quidem,
1339 2536 1399 2580 nt

332 2616 438 2652 non
461 2602 689 2666 negarit,
710 2603 828 2653 huic
863 2603 965 2668 legi
1001 2614 1183 2667 postea
1205 2605 1271 2655 ab
1292 2604 1399 2656 Au·

332 2686 486 2740 gusto
513 2694 611 2729 nou
628 2680 772 2730 nulla
793 2681 969 2743 capita
990 2678 1153 2730 fuisse
1175 2673 1401 2745 adjecta.

332 2757 494 2807 Utilis
518 2763 571 2806 et
601 2756 893 2806 necessaria
924 2766 1003 2806 est
1035 2757 1289 2821 ejusmodi
1314 2758 1401 2808 lex

331 2836 385 2886 in
410 2835 603 2901 quavis·
613 2834 898 2900 republica,
920 2848 988 2885 ne
1019 2835 1230 2900 impune
1253 2850 1402 2901 sper-

308 2907 494 2963 'natur
525 2913 809 2963 auctoritas
847 2913 1199 2978 sanctitasque
1236 2912 1401 2978 impe·

331 2990 578 3051 rentium,
602 2988 851 3055 civesque
876 2997 1072 3039 temere
1095 2989 1162 3040 ad
1186 2990 1400 3055 seditio·

333 3081 431 3118 nes
459 3073 747 3125 vocentur3
779 3075 835 3116 at
871 3066 1026 3117 noxia
1060 3066 1261 3129 evadit,
1282 3082 1400 3117 cru·

331 3143 669 3209 delitatisque
706 3143 925 3193 incurrit
964 3150 1162 3207 notam,
1187 3146 1231 3192 si
1263 3145 1400 3210 prin·

331 3223 479 3287 cipes
512 3237 580 3271 ea
615 3221 935 3283 abutantur-3
968 3220 1291 3286 eandemque
1331 3220 1400 3293 ad

332 3299 704 3364 opprimendos
745 3300 1070 3355 innocentes,
1110 3299 1400 3361 horumque

335 3376 472 3426 bona
494 3374 841 3439 corripienda,
866 3373 1234 3441 detorqueant.
1301 3375 1401 3424 Cu·

326 3452 556 3517 jusmodi
607 3451 798 3501 abusus
847 3451 1065 3499 maxime
1111 3450 1403 3500 invaluerat

336 3528 433 3580 sub
486 3527 748 3593 perversis
792 3526 1101 3592 quibusdam
1149 3528 1404 3577 Romano·

336 3620 450 3656 rum
473 3601 892 3670 imperatoribus.
938 3605 1096 3655 Teste
1119 3605 1255 3655 enim
1277 3607 1405 3655 Sue-

304 3732 309 3736 ,
336 3688 447 3732 ton.
471 3696 520 3731 c.
539 3686 622 3731 68.
642 3680 880 3731 Tiberius
912 3681 1136 3745 ‘judicia
1169 3690 1223 3732 et
1259 3682 1403 3747 leges

337 3758 631 3823 maJestatis
653 3758 971 3808 atrocissime
993 3758 1267 3809 exercuit!
1301 3759 1404 3810 Irn-

339 3851 441 3892 mo,
466 3845 710 3885 narrante
742 3835 942 3886 Seneca
964 3836 1030 3885 (le
1054 3835 1289 3886 Benefic.
1313 3851 1405 3887 ιιι.

337 3916 419 3962 26.
439 3914 454 3940 ‘
477 3911 588 3962 Sub
605 3911 818 3961 Tiberio
851 3910 953 3962 fuit
986 3913 1266 3963 accusandi
1301 3913 1402 3964 fre-

286 3987 307 4041 ‚⁴
337 4002 498 4053 quens
539 3995 590 4035 et
634 4001 787 4050 paene
822 3987 1033 4052 publica
1068 3990 1404 4056 rabiesfuquae

338 4065 477 4114 omni
500 4064 643 4115 civili
665 4064 802 4114 bello
836 4067 1046 4130 gravius
1078 4076 1308 4132 togatam
1333 4057 1406 4119 ci·

339 4141 558 4191 vitatem
579 4139 832 4191 confecit.
898 4143 1272 4207 Exeipiebatur
1297 4161 1406 4196 ser·

1461 529 1627 589 casio,
1649 531 1872 596 necjam
1895 544 2102 583 reorum
2123 531 2535 598 exspectabatur

1464 616 1708 674 eventus,
1730 625 1846 660 cum
1882 616 2023 661 esset
2053 609 2224 660 unus?
2287 612 2407 663 Nec
2440 612 2536 666 ni·

1466 686 1569 736 tius
1603 686 1795 751 agebat
1829 685 1988 737 Caius
2012 685 2270 750 Caligula.
2336 687 2536 740 Adane

1467 763 1634 824 Nero,
1656 763 1744 829 qui
1775 769 2027 825 monstro,
2049 775 2199 828 quam
2232 761 2443 820 bomini,
2468 763 2538 814 si-

1467 838 1655 897 milior.
1689 840 1973 891 secundum
2013 840 2233 890 Sueton.
2257 854 2304 889 c.
2337 843 2419 890 82.
2460 841 2539 891 in·

1464 916 1643 969 stituit
1664 918 1682 948 ‘
1701 924 1760 968 nt
1794 919 1911 982 lege
1935 916 2226 980 majestatis
2257 914 2401 966 facta
2423 916 2537 967 dic-

1468 999 1626 1059 taque
1668 995 1861 1056 omnia,
1906 994 2090 1061 quibus
2136 993 2287 1044 modo
2331 993 2540 1045 delator

1466 1085 1571 1123 non
1615 1065 1843 1137 deesset,
1877 1071 2234 1124 tenerentur.’
2313 1071 2540 1126 Remisit

1467 1150 1568 1200 iste
1606 1148 1754 1203 furor
1797 1152 1896 1204 sub
1936 1151 2175 1215 Claudio,
2216 1156 2272 1201 et
2310 1149 2538 1200 maxime

1467 1226 1567 1277 sub
1617 1229 1816 1287 Flavio,
1862 1243 1924 1279 ac
1967 1227 2112 1285 Tito.
2159 1227 2539 1290 Vespasianis3

1467 1302 1560 1352 sed
1588 1304 1833 1368 majorem
1868 1304 1920 1353 in
1955 1303 2158 1353 modum
2184 1302 2352 1354 denuo
2387 1316 2541 1353 exar-

1470 1388 1615 1430 serat
1636 1379 1733 1430 sub
1764 1380 2092 1442 Domitiano,
2117 1386 2298 1445 utpote
2322 1380 2431 1445 qui,
2456 1392 2540 1428 re·

1469 1455 1676 1509 ferente
1700 1459 1917 1508 Sueton.
1938 1472 1985 1507 c.
2008 1463 2088 1509 12.
2112 1463 2127 1490 ⁶
2147 1458 2279 1508 bona
2303 1457 2538 1508 vivorum

1471 1547 1535 1584 ac
1553 1541 1874 1585 mortuorum
1895 1547 2285 1599 usquequaque,
2302 1533 2541 1598 quolibet

1471 1618 1529 1662 et
1562 1620 1889 1673 accusatore,
1917 1618 1979 1661 et
2015 1609 2253 1671 crimine,
2286 1610 2539 1673 corripie-

1472 1687 1602 1751 bat;
1634 1688 1719 1738 cui
1754 1688 1880 1737 satis
1908 1692 2045 1749 erat,
2074 1686 2235 1752 objici
2258 1687 2539 1751 qualecun-

1469 1779 1574 1830 que
1605 1763 1805 1815 factum
1826 1763 2110 1821 dictumve,
2142 1763 2393 1813 adversus
2428 1776 2538 1812 ma·

1463 1840 1715 1905 jestatem
1756 1840 2052 1905 principis.'
2117 1840 2183 1891 Iu
2218 1854 2449 1890 summa:
2484 1840 2541 1891 in

1471 1918 1585 1968 dies
1606 1931 1739 1969 nova
1761 1917 2197 1983 excogitabantur
2218 1923 2543 1981 argumenta,

1472 2008 1591 2059 quoe
1624 1992 1689 2043 ad
1724 1995 2009 2060 majestatis
2043 1995 2238 2045 crimen
2278 1991 2541 2045 referren-

1470 2077 1591 2133 tnr3
1618 2070 1906 2136 cujusmodi
1924 2071 2168 2136 exempla
2179 2069 2413 2136 quedam
2426 2069 2541 2133 jam

1436 2199 1449 2212 ,
1471 2160 1657 2213 supra,
1680 2146 1745 2198 ad
1782 2163 1835 2213 p.
1858 2127 1974 2198 ssd.
1994 2148 2261 2198 annotavi.
2294 2146 2540 2197 Schmun.

1543 2225 1760 2275 Crimine
1773 2224 2021 2287 vacarem]
2053 2224 2278 2276 Codices
2293 2224 2423 2274 Mss.
2438 2224 2543 2274 Pa·

1474 2300 1726 2362 risiensis‚
1751 2302 2006 2358 Venetus,
2035 2309 2092 2352 et
2127 2315 2290 2365 meus,
2323 2301 2452 2351 item
2486 2305 2547 2351 et

1475 2378 1609 2428 liber
1627 2378 1923 2434 Vossianus,
1942 2391 2039 2442 pro
2055 2378 2274 2441 erimine,
2294 2376 2548 2428 exhibent

1436 2517 1441 2520 ,
1473 2453 1683 2506 mini.
1741 2455 1863 2507 Scio
1886 2455 2114 2520 quidem,
2136 2469 2310 2505 casum
2336 2460 2546 2504 sextum

1475 2531 1649 2581 tertioe
1690 2530 2053 2582 declinationis
2093 2530 2374 2594 aliquando
2408 2529 2463 2580 in
2500 2546 2549 2593 e,

1474 2614 1530 2656 et
1563 2606 1604 2668 ι’,
1637 2605 1914 2669 desinere;
1947 2606 2068 2657 vide
2102 2608 2254 2656 Voss.
2286 2606 2448 2657 Ansl.
2481 2619 2546 2657 11.

1474 2687 1557 2733 11.
1601 2688 1783 2734 ιιι-12.
1829 2682 1921 2734 sed
1967 2682 2270 2734 vocabulum
2314 2682 2548 2734 criminis

1474 2775 1578 2811 non
1600 2769 1682 2811 est
1717 2762 1820 2812 buc
1855 2760 2225 2822 referendum3
2259 2775 2436 2826 neque
2452 2761 2547 2811 hu·

1465 2838 1696 2902 jusmodi
1741 2838 2022 2888 insolentes
2057 2838 2322 2888 nominum
2357 2836 2549 2888 forma·

1477 2914 1664 2973 tiones,
1695 2912 1925 2978 itemque
1959 2913 2254 2977 archaismi,
2281 2911 2550 2979 quaerendi

1473 2998 1596 3040 sunt
1620 2990 1672 3040 in
1698 2990 1891 3041 Plinio.
1956 2989 2295 3041 Manifestum
2327 2990 2430 3040 hoc
2463 2994 2549 3040 est

1477 3067 1740 3124 mendum,
1762 3066 1899 3132 quod
1925 3066 1992 3118 ab
2013 3067 2278 3132 imperitia
2312 3068 2547 3117 librario·

1477 3159 1589 3194 rum
1613 3143 1794 3205 fluxitg
1824 3144 1915 3210 qui
1937 3159 2054 3195 cum
2078 3146 2434 3195 meminissent
2456 3144 2552 3194 ali·

1479 3225 1530 3275 bi
1569 3224 1695 3287 dici,
1728 3225 1965 3291 quamvis
2002 3227 2107 3276 alia
2150 3226 2551 3292 significatione,

1476 3303 1494 3333 ⁴
1516 3316 1703 3352 vacare
1728 3303 1954 3368 corpori,
1973 3302 2332 3369 philosophie,
2355 3317 2552 3353 sermo-

1444 3445 1447 3448 ·
1478 3377 1584 3442 ni,'
1619 3382 1723 3429 διο.
1762 3379 1797 3430 i.
1837 3394 1887 3429 e.
1919 3394 2127 3443 operam
2169 3380 2318 3439 dare,
2351 3378 2554 3445 opinati

1478 3464 1620 3513 suut,
1653 3456 1737 3505 hic
1759 3456 1918 3506 etiam
1955 3456 2285 3507 scribendum
2312 3471 2446 3521 esse,
2468 3472 2554 3508 uu-

1444 3595 1449 3601 Ι
1477 3547 1589 3583 cure
1608 3532 1818 3581 crimini.
1881 3531 1929 3582 Ii
1964 3541 2137 3583 autem
2161 3533 2405 3582 dicuntur
2428 3533 2444 3561 ‘
2463 3545 2551 3582 va·

1480 3623 1601 3659 care
1644 3606 1894 3669 crimine,’
1930 3615 1987 3659 et
2028 3607 2269 3672 ‘cnlpa,'
2300 3608 2400 3673 qui,
2431 3613 2553 3659 sunt

1479 3687 1806 3747 innocentes,
1837 3692 2083 3748 expertes
2118 3684 2284 3733 omnis
2320 3683 2553 3734 criminis

1481 3773 1537 3814 et
1557 3765 1747 3827 culpae,
1769 3770 1859 3812 aut
1881 3762 2032 3812 liberi
2055 3777 2087 3812 a
2105 3763 2340 3812 crimine.
2374 3762 2533 3828 Idem.

1547 3841 1752 3891 Peaitas
1768 3839 2030 3903 sustulisti]
2057 3839 2285 3889 Omnino
2301 3838 2398 3888 sub
2417 3839 2556 3889 Ner·

1476 3932 1547 3969 ,va
1569 3922 1626 3967 et
1647 3917 1875 3979 Trajano
1898 3929 2138 3979 repressa
2156 3923 2234 3965 est
2255 3915 2357 3965 ista
2378 3916 2552 3965 rabies

1481 4007 1548 4041 ex
1570 3991 1752 4055 quovis
1772 3990 1916 4040 dicto
1939 3988 2146 4040 factove
2172 4004 2289 4041 reos
2312 3990 2555 4055 majesta-

1481 4068 1552 4118 tis
1577 4067 1761 4130 agendi
1787 4065 2271 4131 pronuntiandique.
2334 4067 2553 4121 Tacitus

1478 4144 1616 4193 euim
1653 4144 1706 4193 in
1742 4142 2007 4207 Agricola,
2031 4157 2080 4193 c.
2114 4146 2165 4193 3.
2198 4144 2213 4170 ‘
2234 4143 2414 4194 Primo
2446 4149 2556 4196 sta·

339 4230 446 4281 mo,
469 4216 778 4281 simplicitas
793 4217 1113 4283 jocantium3
1145 4221 1275 4272 nibil
1291 4229 1409 4273 erat
1484 4221 1616 4283 tim,’
1647 4222 1834 4286 inquit,
1870 4220 2184 4271 ‘beatissimi
2218 4218 2399 4271 saeculi
2434 4227 2557 4271 ortu

309 4297 535 4353 ..tutum
566 4293 737 4362 omnis
771 4293 1017 4346 saeviendi
1049 4297 1294 4363 placebat
1319 4312 1407 4366 σοι,

1484 4298 1667 4352 Nerva
1700 4297 1885 4371 Caesar
1919 4311 2008 4349 res
2039 4297 2160 4349 olim
2198 4294 2557 4349 dissociabiles
