3017 4942
495 364 630 432 868

499 524 858 582 nominabant,
891 524 1002 576 sive
1045 523 1398 588 destinabant,
1431 524 1571 575 illos·

498 616 604 666 que
625 603 678 652 in
696 602 787 653 hos
806 610 861 657 et
884 603 999 652 illos
1017 616 1238 652 menses.
1284 603 1357 652 Et
1372 609 1568 660 tamen,

499 686 561 729 ut
585 685 763 745 patres
788 678 1090 728 viderentur
1111 679 1200 742 jus
1231 676 1440 743 aliquod
1475 677 1568 728 ha·

498 755 646 813 bere,
659 757 722 805 in
745 762 928 805 senatu
947 754 1389 820 proponebantur,
1411 762 1569 820 atque

496 831 536 883 ii
569 831 1023 896 suffragabantur:
1059 845 1176 895 quae
1211 831 1382 881 omnia
1419 831 1571 881 initio

497 909 641 966 tnui,
663 916 752 959 aut
772 909 930 965 circa,
963 915 1131 970 gesta.
1196 907 1324 956 Tum
1358 906 1571 965 deinde,

499 1000 724 1052 qunque
759 986 904 1050 paria
939 982 1360 1048 producebantur
1392 983 1444 1032 in
1481 996 1569 1033 co·

497 1062 728 1125 mitium,
756 1068 815 1112 et
847 1061 976 1111 dicis
1008 1074 1192 1110 caussa
1223 1060 1443 1123 populus
1464 1060 1569 1109 coi-

501 1138 594 1190 bat
611 1156 624 1187 ε
642 1138 823 1203 ibique
836 1136 1287 1198 renunciabantur‚
1297 1135 1570 1200 jurabant,

499 1221 559 1266 et
594 1231 714 1267 mox
743 1231 839 1281 suo
876 1215 1093 1281 quiaque
1132 1227 1309 1263 mense
1345 1213 1569 1265 inibant.

498 1293 638 1344 Hac
661 1307 692 1343 e
717 1293 888 1344 Plinio
910 1291 1041 1350 fere,
1062 1292 1130 1342 de
1154 1291 1469 1341 consulibus.
1501 1290 1567 1341 In

400 1384 405 1391 0
498 1369 832 1432 praetoribns‚
852 1367 1096 1429 tribunis,
1110 1374 1266 1432 atque
1281 1367 1568 1431 aliis‚plus·

498 1445 670 1495 culum
686 1444 823 1509 ⁸iuris
846 1453 1058 1493 senatus
1081 1443 1294 1506 habaitg
1328 1441 1394 1491 ad
1413 1457 1567 1506 quem

497 1536 529 1571 a
551 1523 743 1586 populo
771 1520 982 1571 comitia
1005 1520 1272 1576 translata,
1294 1519 1389 1570 sub
1410 1519 1569 1569 Tibe·

496 1599 593 1648 rio.
642 1598 734 1648 Me
759 1597 897 1660 vide,
920 1596 1089 1658 sodes,
1112 1595 1177 1645 ad
1195 1595 1363 1646 Taciti
1380 1594 1571 1646 Annal-

495 1686 539 1724 ι.
562 1674 800 1727 Excursu
825 1674 887 1723 E.
911 1687 1033 1737 pag.
1053 1675 1169 1722 493.
1205 1671 1342 1736 Dips-

497 1777 510 1785 -
559 1751 664 1802 Aac
706 1750 974 1800 consumat·
1016 1748 1201 1811 habuit,
1240 1754 1329 1798 eat
1371 1748 1570 1815 papale]

493 1825 696 1879 vitiose
733 1826 843 1875 haec
873 1825 1069 1887 scripta
1104 1831 1224 1874 sunt
1256 1825 1308 1874 in
1342 1840 1458 1875 meo
1481 1839 1569 1875 co·

494 1901 640 1971 dice,
655 1907 748 1957 unt,
760 1902 1053 1951 consulatum
1076 1900 1260 1965 habuit,
1278 1905 1363 1950 out
1380 1903 1569 1964 populo.

495 1979 571 2033 Et
592 1978 788 2035 nescio,
811 1992 978 2028 annon
1008 1976 1244 2027 vitiosius
1281 1977 1333 2026 in
1358 1977 1569 2027 Veneto

497 2059 548 2105 1.
563 2060 622 2105 et
639 2055 772 2105 libro
794 2053 1088 2109 vossiano:
1110 2052 1209 2102 etsi
1227 2059 1439 2103 nasutus
1456 2052 1568 2117 qui·

493 2131 617 2183 dam
652 2132 896 2182 librarius
917 2131 1006 2180 isti
1040 2131 1169 2180 vitio
1193 2130 1392 2180 mederi
1414 2144 1569 2180 cona·

492 2218 581 2262 tus
602 2215 706 2275 est,
732 2218 791 2260 ut
812 2208 1187 2273 qualiscunque
1210 2209 1471 2259 sententia
1492 2209 1570 2258 in·

451 2300 456 2303 “
493 2287 561 2338 de
597 2286 1003 2352 procudet-etur,
1036 2290 1122 2335 aue
1154 2287 1448 2336 consulatum
1479 2286 1567 2335 ha-

492 2365 598 2417 buit
633 2380 665 2413 a
686 2365 890 2429 populor
922 2363 1107 2413 Potius
1145 2362 1443 2426 significare
1475 2378 1567 2414 vo·

492 2441 594 2495 luit
632 2440 855 2504 Plinius,
901 2454 1094 2506 paucos
1140 2439 1565 2490 antecedentium

493 2516 814 2583 principum,
854 2524 944 2566 ant
983 2517 1328 2575 consulatum,
1358 2523 1448 2567 aut
1473 2531 1567 2582 po-

493 2594 673 2658 pulum
711 2595 1017 2650 Romanum,
1045 2594 1173 2644 tanti
1207 2592 1432 2657 fecisse,¹
1452 2602 1567 2644 tan·

491 2679 654 2736 toque
687 2670 928 2736 dignatos
966 2684 1083 2721 esse
1125 2672 1335 2726 bonore,
1370 2678 1431 2721 ut
1465 2669 1566 2735 ipsi

491 2747 826 2801 interfuerint
860 2747 1158 2812 huJusmodi
1192 2747 1436 2810 comitiis,
1471 2755 1591 2809 aut,

494 2828 654 2877 talem
700 2840 897 2877 moram
949 2825 1363 2877 caerimoniaruru
1412 2839 1564 2889 aequo

491 2904 666 2954 animo
688 2904 920 2967 perpessi
933 2902 1058 2963 sint,
1075 2901 1289 2968 fierique
1308 2901 1568 2952 voluerint

490 2980 728 3030 consules
750 2993 893 3029 more
917 2985 972 3029 et
995 2979 1098 3028 ritu
1118 2978 1312 3041 vulgari
1332 2976 1565 3041 privato·

489 3068 605 3105 rum
628 3060 940 3105 senatorum.
974 3053 1221 3103 Schwartz.

501 3148 512 3161 ·
557 3131 672 3181 Non
706 3130 795 3180 elii
827 3130 1027 3179 marcidi
1048 3129 1232 3194 somno]
1263 3130 1395 3179 Tres
1418 3129 1564 3180 codi-

461 3219 581 3256 2ccs
617 3205 770 3255 Vatt.
800 3208 948 3255 1775.
987 3209 1132 3254 1776.
1166 3213 1222 3255 et
1262 3210 1411 3256 3461.
1435 3207 1564 3256 item

491 3279 1011 3344 Gnelpherbytanus,
1033 3294 1197 3343 meus,
1212 3288 1265 3330 et
1285 3281 1419 3329 liber
1433 3281 1565 3330 Vos·

491 3356 691 3418 siamus,
730 3357 844 3407 loco
890 3356 1163 3420 particulas
1207 3357 1567 3422 interrogandi

489 3449 603 3491 m,
628 3433 661 3482 i.
682 3447 732 3483 e.
752 3436 765 3462 ⁸
783 3430 993 3492 nonne,’
1015 3432 1264 3483 exhibent
1283 3434 1565 3483 caassalem

487 3525 600 3561 nam
616 3525 641 3569 ,-
671 3509 836 3561 ceteri
876 3508 1069 3558 habent
1108 3523 1218 3557 non.
1281 3509 1402 3560 Jam
1439 3510 1564 3560 alibi

486 3587 689 3648 notavi,
747 3600 850 3636 non
903 3599 1024 3635 raro
1079 3584 1208 3635 istas
1264 3586 1566 3648 particulas,

488 3663 668 3722 enon?
689 3664 707 3693 ‘
727 3662 891 3721 num‚'
913 3670 970 3713 et
992 3671 1009 3693 ⁸
1029 3662 1187 3724 nam,'
1215 3666 1353 3714 inter
1366 3679 1422 3714 se
1444 3679 1564 3727 per·

486 3740 698 3791 misceri
713 3756 730 3800 3
762 3747 818 3790 et
843 3753 1024 3803 parum
1049 3738 1236 3802 abfuit,
1257 3741 1383 3805 quin
1420 3755 1565 3790 rece·

485 3816 651 3880 perim
675 3830 803 3864 nam.
869 3814 1087 3864 Mer-cidi
1118 3829 1280 3864 somno
1315 3815 1564 3865 dicuntur

487 3892 799 3954 languentes
811 3891 967 3939 nimio
983 3897 1180 3940 somno.
1198 3891 1567 3942 Ovid.Met.x-

491 3968 606 4018 192.
621 3966 755 4016 dixit
771 3968 787 3995 ‘
806 3966 915 4016 lilia
927 3966 1156 4015 marcida
1176 3966 1221 4027 ς’
1246 3975 1383 4016 etex
1403 3967 1565 4018 Pont-

488 4055 557 4093 rr.
574 4048 624 4091 9.
648 4046 731 4091 61.
787 4041 802 4069 ⁴
827 4041 948 4090 Nec
986 4049 1075 4090 tua
1116 4051 1442 4093 marcescant
1468 4058 1564 4107 per

492 4119 693 4168 inertes
708 4118 816 4167 otia
840 4117 1084 4166 somnos.'
1118 4118 1337 4177 Seneca,
1354 4121 1563 4178 Medea,

488 4207 564 4245 vs.
586 4197 668 4242 69.
705 4194 723 4223 ⁴
749 4190 871 4241 Huc
894 4192 1079 4241 incede
1114 4192 1276 4255 gradu
1301 4197 1563 4248 marcidus

393 4320 402 4329 ,
490 4265 672 4337 §bsh-³
717 4266 915 4320 Justin·
934 4280 1088 4335 xxx..
1110 4272 1153 4319 1.
1189 4276 1205 4299 ‘
1230 4271 1359 4323 Otio
1383 4286 1446 4324 ac
1471 4272 1563 4325 de·

504 4608 586 4695 k

1194 381 1416 434 NOTAE
1461 381 1871 443 vammum
1924 381 2004 433 tn

1644 522 1780 575 sidia
1796 522 2032 588 corrupti
2050 521 2390 574 marcebant.'
2419 523 2547 572 Mox
2561 520 2699 573 addit

1645 602 1787 652 Plin.
1805 602 1821 631 ‘
1838 603 2078 650 hesterna
2098 612 2246 650 coeua
2264 597 2648 662 redundantes‚'
2667 599 2701 650 i.

1642 691 1767 728 e0ex
1786 678 2030 729 hesterna
2050 679 2261 741 crapula
2276 690 2475 740 graves.
2505 676 2703 725 Plinius

1643 755 1839 819 Major,
1856 770 1974 806 cum
1991 762 2007 785 ‘
2026 753 2407 805 redundatione
2429 753 2675 803 stomachi
2690 750 2706 776 ’

1643 833 1916 897 conjungit
1944 840 1960 863 ⁴
1980 831 2262 888 nauseam,'
2299 833 2333 880 l.
2360 842 2555 881 xxxu-
2590 845 2641 879 e.
2661 833 2704 880 ⁸.

1643 912 1659 937 ⁸
1686 907 1895 958 Nausea
1936 914 1993 958 et
2037 907 2413 957 redundatione
2456 904 2704 955 stomachi

1642 985 1824 1036 vitium
1855 985 2130 1037 fatentur-⁸
2185 987 2391 1049 Nempe
2430 986 2707 1033 ‘besterna

1643 1077 1790 1114 coena
1809 1065 2164 1114 redundantes
2177 1063 2193 1087 ’
2205 1065 2470 1124 dicuntur,
2483 1063 2574 1127 qui
2593 1062 2708 1112 cibo

1645 1138 1869 1203 vinoque
1894 1141 2047 1190 nimis
2071 1142 2261 1204 repleti
2284 1141 2585 1189 hesternam
2605 1153 2709 1189 cra·

1644 1217 1819 1279 pulam
1865 1218 2090 1267 nondum
2129 1218 2257 1267 satis
2293 1217 2627 1277 exhalarunt,
2660 1221 2714 1265 et

1644 1290 1708 1343 ad
1736 1298 1910 1344 ructus
1933 1295 2258 1359 vomitusque
2280 1293 2545 1343 feruntur.
2578 1292 2711 1343 vide

1643 1381 1799 1432 supra
1822 1382 1986 1419 xmx.
2005 1373 2056 1419 6.
2094 1370 2259 1420 Notat
2283 1370 2591 1431 Catanaeus,
2609 1367 2709 1417 Ne··

1643 1458 1824 1496 runem
1857 1447 1942 1496 bic
1976 1460 2128 1510 posse
2161 1445 2403 1507 intelligi,
2422 1444 2574 1508 cujus
2603 1458 2711 1494 cra·

1643 1522 1819 1586 pnlam
1842 1523 2115 1574 ,luvenalis
2137 1528 2342 1586 carpat,
2364 1521 2480 1570 Sat.
2500 1523 2713 1571 ιν..137.

1643 1598 1662 1627 ‘
1685 1598 1926 1648 Noverat
1949 1598 2036 1647 ille
2071 1597 2352 1646 Luxuriam
2388 1592 2598 1658 imperii
2631 1610 2715 1645 ve·

1640 1681 1826 1737 terem,
1863 1681 2150 1739 noctesque
2183 1672 2408 1724 Neronis
2442 1672 2567 1723 Jam
2607 1687 2713 1722 ine·

1645 1748 1792 1801 dias:
1820 1752 1914 1801 “Et
1936 1752 2155 1802 Sueten.
2192 1751 2320 1800 Ner.
2342 1763 2391 1798 c.
2410 1753 2495 1798 27.
2529 1751 2546 1777 ‘
2569 1749 2715 1813 Epu-

1642 1828 1721 1878 las
1755 1843 1785 1877 e
1820 1828 1992 1879 medio
2029 1827 2115 1877 die
2149 1827 2213 1876 ad
2243 1827 2470 1877 mediam
2509 1831 2714 1876 noctem

1644 1904 2031 1972 protrahebat.’-
2061 1905 2216 1954 Idem.

1706 1982 1982 2043 Pervigiles
2000 1987 2048 2031 et
2070 1978 2325 2043 insomnes]
2373 1979 2599 2029 Sueton-
2613 1978 2716 2029 Ca-

1641 2059 1736 2123 lig.
1768 2074 1887 2124 cap.
1908 2060 2021 2108 5⁰..
2050 2065 2066 2088 ⁸
2092 2056 2425 2108 Incitabatut
2461 2056 2716 2106 insomnio

1643 2137 1904 2198 maxime3
1939 2150 2107 2200 neque
2131 2137 2269 2185 enim
2287 2136 2424 2198 plus,
2448 2147 2604 2198 quam
2625 2133 2718 2182 tri·

1644 2212 1740 2265 bus
1777 2214 2047 2263 nocturnis
2086 2213 2245 2272 horis,
2279 2210 2604 2276 quiescebat,
2652 2222 2719 2259 ac

1644 2301 1712 2339 ne
1734 2289 1813 2338 his
1834 2289 2042 2354 quidem
2062 2287 2274 2355 *placida
2290 2288 2488 2351 quiete,
2510 2285 2605 2336 sed
2625 2298 2716 2347 pas

1645 2364 1767 2414 vida
1784 2366 1923 2414 miris
1945 2379 2115 2417 rerum
2130 2363 2456 2428 imaginibus.
2472 2393 2487 2409 .
2507 2393 2550 2412 ..
2565 2360 2719 2413 Ideo·

1642 2456 1743 2507 qne
1780 2456 1980 2508 magua*
2002 2450 2155 2506 parte
2193 2442 2362 2495 noctis
2402 2440 2592 2505 vigiliae
2625 2453 2720 2491 cu·

1643 2517 1908 2584 bandique
1946 2518 2121 2575 taedio,
2150 2528 2286 2567 nunc
2321 2524 2438 2567 toro
2465 2516 2721 2579 residens,

1639 2608 1777 2645 nunc
1798 2609 1893 2658 per
1916 2586 2237 2658 longissimas
2266 2594 2505 2656 porticus
2529 2606 2715 2656 vagus,

1642 2670 1888 2721 iuvocare
1911 2670 2211 2721 idemtidem
2229 2678 2386 2733 atque
2404 2675 2720 2732 exspectare

1642 2747 1812 2797 lucem
1857 2745 2236 2798 consueverat!
2297 2746 2369 2795 Et
2411 2745 2479 2794 de
2524 2744 2723 2794 Domit·

1643 2838 1691 2874 c.
1712 2828 1798 2874 21.
1843 2824 1859 2853 ‘
1880 2823 1965 2873 Ad
2003 2823 2176 2873 boram
2211 2820 2376 2871 somni
2403 2819 2533 2868 nihil
2556 2806 2718 2873 aliud,
2798 2810 2807 2819 '

1640 2915 1797 2965 quam
1853 2907 2062 2951 secreto
2116 2898 2253 2948 solus
2308 2892 2717 2949 deambulabat(

1646 2978 1923 3029 Catauoeas.

1638 3096 1647 3107 .
1703 3055 1846 3104 Intra
1866 3054 2047 3105 cubilia
2065 3053 2175 3118 aaa]
2231 3052 2431 3103 Plinius
2457 3051 2713 3117 potuisset

1641 3129 1836 3188 dicere,
1858 3134 2004 3182 intra
2032 3131 2246 3182 cubicula
2277 3145 2362 3181 aaa
2376 3145 2399 3188 ,-
2434 3128 2530 3178 aed
2568 3134 2713 3178 certo

1633 3208 1841 3273 judicio
1879 3208 2070 3259 dixisse
2108 3207 2318 3257 videtur
2352 3205 2555 3265 cubilia,
2591 3205 2714 3267 quia

1642 3285 1855 3349 proprie
1893 3291 1907 3313 ⁸
1929 3284 2110 3334 bestiae
2134 3283 2187 3332 in
2212 3280 2471 3331 cubilibus
2496 3280 2710 3333 delites·

1640 3374 1761 3412 cere
1780 3361 1794 3384 ³
1818 3360 2083 3421 dicuntur,
2105 3360 2220 3411 Cic.
2239 3359 2304 3408 de
2321 3358 2447 3408 Nat.
2466 3359 2626 3408 Deor.
2645 3369 2713 3406 n.

1637 3441 1724 3488 49.
1748 3444 1802 3488 et
1828 3436 1967 3488 infra
1993 3437 2129 3487 Plin.
2154 3448 2348 3486 mxxxi.
2375 3438 2422 3484 1.
2458 3434 2551 3484 Sic
2576 3434 2708 3485 enirn

1642 3519 1891 3578 tyrannos
1927 3513 2042 3562 illos
2074 3519 2346 3575 comparat
2370 3511 2571 3569 bestiis,
2591 3524 2711 3575 quo

1639 3590 1964 3641 immanitate
1987 3588 2244 3648 efferatae,
2269 3597 2326 3638 et
2359 3604 2425 3638 ex
2449 3588 2709 3639 cubilibus

1639 3667 1745 3716 suis
1786 3679 2099 3730 progressae,
2150 3664 2372 3715 saeviunt
2428 3664 2483 3713 in
2532 3662 2709 3714 obvios

1641 3756 1873 3807 quosque
1898 3743 1980 3791 vel
2010 3742 2259 3796 homines,
2295 3740 2379 3789 vel
2403 3740 2710 3791 animantes·

1637 3819 1808 3882 Supra
1823 3832 1978 3869 xntv.
2002 3822 2051 3867 1.
2074 3817 2091 3845 ‘
2110 3819 2291 3881 Longe
2314 3818 2608 3867 arcanaills
2620 3829 2709 3866 cu·

1639 3895 1783 3953 bilia,
1826 3895 2057 3958 soevique
2090 3892 2357 3944 secessus.'
2407 3891 2493 3942 Cf.
2533 3900 2704 3945 uotam

1639 3970 1704 4022 ad
1731 3987 1782 4033 p.
1807 3974 1922 4020 728.
1948 3970 2190 4020 Schmun.

1704 4047 1858 4103 Quem
1877 4046 2193 4109 concupieris]
2248 4046 2554 4108 Catanaeus,
2577 4046 2703 4097 Cus-

1636 4124 1900 4188 pinianus,
1925 4123 1997 4173 Η.
2022 4123 2336 4187 Stephanus,
2359 4122 2704 4179 Boxhornius,

1638 4200 1916 4254 Cellarius,
1958 4203 2014 4248 et
2055 4195 2195 4248 forte
2235 4197 2339 4260 alii,
2374 4197 2707 4261 evulgarunt,

1637 4289 1776 4343 quem
1815 4274 2133 4345 concupiscas.
2200 4273 2276 4324 At
2319 4272 2532 4325 codices
2573 4274 2704 4326 Mas.
