3017 4942
431 363 569 430 536

432 528 552 577 loco
594 539 698 576 non
743 511 850 577 tam
893 525 1156 577 notionem
1191 528 1503 588 causalem,

433 618 585 669 quam
633 604 733 653 vim
773 604 1181 653 continuationis
1213 610 1271 653 et
1305 603 1500 654 ordinis

431 680 641 742 lrabeat,
658 694 772 744 qun
795 680 1047 730 inserviat
1072 678 1384 746 transitioni‚
1399 681 1518 731 dis-·

432 757 635 822 qniram
670 757 723 807 in
760 758 979 808 Excurs.
1013 771 1181 808 xxrx.
1233 758 1500 823 Ceterum,

431 833 532 883 hac
551 833 823 883 occasione
853 848 956 884 non
988 848 1193 898 possum
1217 849 1318 884 non
1344 850 1500 890 anno-

433 917 571 973 tare,
593 917 870 975 postquam
894 925 1068 976 operm
1093 913 1502 977 typographica,

434 996 657 1051 propter
675 986 912 1051 qnoedam
941 987 1331 1053 impedimenta,
1351 990 1502 1040 alios·

431 1077 536 1127 que
561 1078 700 1114 meos
723 1063 947 1129 labores,
965 1064 1032 1114 ab
1053 1065 1149 1116 boc
1167 1065 1298 1117 libro
1316 1080 1503 1131 procu·

432 1138 605 1189 dendo
646 1141 785 1190 nltra
819 1141 1180 1206 sesquiannum
1225 1144 1500 1200 cessarint,

422 1203 580 1277 'tunc‚
601 1230 758 1281 quum
780 1217 895 1268 baec
917 1217 1263 1279 excuderent,
1281 1219 1499 1283 primum

432 1293 561 1343 mibi
579 1294 852 1358 contigisse
876 1294 1005 1345 duas
1028 1294 1267 1346 conferre
1286 1296 1502 1346 eximias

432 1370 587 1435 bujns
613 1371 935 1437 Panegyrici
966 1372 1244 1434 editiones,
1269 1388 1397 1438 quas
1422 1374 1499 1423 in-

434 1449 591 1499 terim
631 1450 727 1499 viri
759 1450 1092 1501 eruditissimi
1129 1450 1501 1501 humanissimi·

433 1539 558 1592 que,
581 1525 894 1578 Arntaenius
927 1536 985 1579 et
1017 1528 1302 1591 Gesnerus,
1330 1525 1505 1578 felici·

433 1604 533 1655 bus
557 1605 798 1669 auspiciis
823 1605 1154 1670 evulgarunt.
1186 1606 1338 1655 Idem.

504 1682 637 1731 Nam
655 1682 856 1747 names]
907 1683 955 1732 li
995 1696 1199 1747 quoque
1235 1681 1505 1746 stipabant

435 1759 746 1822 principem,
780 1766 837 1810 et
879 1756 1143 1808 ferociter·
1172 1759 1345 1808 solent
1380 1758 1500 1808 sub·

433 1850 683 1886 moveres
743 1836 864 1886 Non
896 1834 1025 1885 fecit
1067 1835 1362 1899 Trajanus;
1403 1848 1503 1885 nec

434 1911 689 1962 Pertinax
735 1911 965 1977 quidem,
1006 1910 1073 1961 de
1109 1926 1210 1974 quo
1246 1910 1503 1961 Herodia-

435 2002 554 2051 nus,
572 1985 827 2038 Ἐκέλευσε
841 1987 957 2038 τους
974 1986 1271 2052 στρατιώτας
1287 1987 1505 2037 παύσασ-

438 2066 516 2111 θαι
532 2065 619 2122 τῆς
637 2063 754 2128 apos
772 2063 885 2116 τοὺς
899 2062 1074 2126 δήμους
1093 2063 1290 2129 ὕβρεως,
1317 2063 1397 2115 καὶ
1415 2064 1505 2126 μή·

435 2158 496 2190 τε
526 2143 685 2191 παίειν
714 2145 811 2192 τῶν
837 2141 1115 2206 παριόντων.
1148 2141 1339 2194 Milites
1355 2144 1508 2204 ,iussit

437 2220 675 2269 abstinere
707 2220 768 2269 ab
800 2220 928 2269 omni
961 2223 1245 2271 contumelia
1280 2222 1333 2270 ia
1359 2237 1504 2285 popu-

438 2296 555 2360 lum,
594 2302 642 2346 et
678 2311 764 2347 nec
790 2299 982 2362 pulsare
1012 2298 1212 2362 aliquem
1239 2301 1518 2350 adeuntem.-

441 2373 650 2500 basi-m
669 2466 699 2501 α
717 2450 866 2515 plebe,
894 2452 1084 2518 habitu]
1113 2452 1318 2505 Quiane
1343 2455 1504 2518 togati

440 2528 629 2578 erant?
683 2529 1009 2593 Capitolinus
1044 2530 1096 2579 in
1120 2530 1194 2580 M.
1220 2530 1507 2586 Antonino,

440 2621 560 2671 cap.
587 2610 671 2657 27.
696 2621 780 2670 pr.
812 2610 828 2636 ‘
849 2607 914 2657 In
951 2608 1159 2659 ltaliam
1189 2609 1403 2659 veniens
1429 2617 1512 2660 to·

440 2700 558 2750 gam
592 2691 648 2734 et
673 2685 787 2750 ipse
815 2687 1016 2745 sumsit,
1051 2692 1107 2735 et
1130 2692 1335 2751 togatos
1346 2686 1507 2750 jussit

440 2776 555 2812 esse
586 2762 811 2813 milites:
842 2777 940 2813 nec
969 2776 1194 2827 unquam
1217 2763 1400 2825 ,sagati
1425 2761 1506 2811 fn-

439 2845 593 2888 erunt
624 2838 722 2890 snb
755 2837 857 2889 eo.’
922 2838 1077 2892 Quod
1115 2839 1294 2888 lionori
1333 2839 1507 2889 ltaliae

321 2951 332 2959 .
437 2922 496 2967 et
518 2915 660 2965 urbis
694 2916 894 2979 datum,
929 2916 980 2966 in
1010 2931 1113 2982 qua
1133 2917 1246 2979 ipsa
1271 2917 1509 2966 custodia

438 2992 695 3056 principis
720 2998 913 3056 togata.
977 2993 1189 3042 Tacitus
1217 2993 1355 3042 Hist.
1377 2996 1511 3043 ι.38.

439 3079 455 3101 ·
492 3069 609 3119 Nec
652 3084 754 3118 una
807 3069 994 3119 cohors
1040 3076 1222 3134 togata
1270 3068 1512 3120 defendit

439 3160 580 3196 nunc
610 3144 845 3206 Galbam,
870 3146 963 3195 sed
986 3145 1222 3197 detinet.’
1255 3147 1409 3199 Idem·

510 3224 658 3272 Nihil
676 3238 706 3272 a
724 3224 880 3290 plebe]
917 3224 1104 3289 Moris,
1124 3234 1180 3274 ut
1199 3225 1289 3275 illa
1305 3227 1509 3293 cohors,

441 3313 559 3364 qnae
584 3313 725 3349 more
751 3300 948 3350 militim
969 3293 1284 3367 excubabat,
1300 3303 1412 3354 sine
1430 3315 1512 3353 ar·'

439 3375 561 3436 mis,
597 3375 782 3438 gladiis
823 3382 1021 3427 tantum
1055 3379 1358 3444 lanceisque
1387 3394 1512 3430 con·

441 3459 611 3512 tenta,
633 3460 688 3502 et
709 3453 858 3518 togis,
879 3466 976 3503 non
999 3456 1157 3518 sagis,
1177 3454 1379 3514 induta,
1405 3471 1511 3507 mo·

441 3529 627 3579 destiae
652 3543 824 3592 cansa,
848 3544 914 3579 ne
945 3531 1093 3580 Mars
1117 3533 1285 3596 palam
1308 3534 1358 3583 in
1384 3534 1512 3584 urbe

440 3606 680 3657 habitare
707 3605 987 3657 videretur.
1025 3608 1158 3658 Vide
1182 3610 1252 3659 sis
1274 3611 1514 3663 Martial-

441 3697 522 3733 vr.
546 3687 630 3734 76.
650 3683 794 3748 Lips.
813 3683 867 3734 in
891 3691 999 3736 not.
1017 3683 1101 3736 48.
1113 3687 1279 3737 Tacit.
1302 3687 1445 3739 Hist.
1469 3702 1511 3739 1.

443 3763 528 3811 38.
550 3765 601 3812 4.
635 3762 786 3812 Beris.

512 3837 659 3887 Nihil
687 3855 720 3888 a
753 3838 886 3902 plebe
920 3840 1112 3904 habitu]
1150 3842 1332 3893 Codex
1368 3858 1511 3894 meus

444 3924 543 3975 pro
572 3913 723 3975 plebe,
748 3914 929 3965 vitiose
950 3916 1106 3967 babet
1125 3918 1297 3981 plebis.
1364 3920 1509 3970 Bene

445 3992 621 4037 autem
654 3990 762 4051 jam
799 3991 1098 4043 observavit
1135 3996 1337 4058 Lipsius
1368 3996 1432 4045 ad
1457 3997 1512 4047 li‘.

445 4063 481 4112 l.
502 4071 559 4113 et
580 4063 647 4113 ad
667 4065 835 4116 Tacit.
867 4067 1009 4118 Hist.
1032 4083 1072 4118 1.
1093 4073 1176 4120 38.
1197 4072 1376 4122 honori
1401 4072 1512 4122 Ita·

444 4141 530 4189 liae
565 4151 621 4190 et
651 4141 794 4191 urbis
817 4142 992 4194 datum
1016 4144 1194 4211 fuisse,
1218 4157 1274 4197 ut
1303 4150 1514 4212 milites,

446 4217 672 4267 maxime
696 4219 1013 4281 praetoriani,
1035 4236 1177 4272 more
1202 4223 1375 4273 liberae
1402 4225 1512 4287 ple-

449 4293 553 4360 his,
573 4293 734 4362 togati
756 4294 970 4347 Romam
987 4296 1296 4351 introierint.
1322 4300 1512 4352 Casan-

1303 4501 1332 4523 Ο

445 4727 549 4889 ἑ

1128 379 1355 430 ΝΟΤΕ
1402 380 1817 431 vammum
1868 382 1948 431 m

1578 525 1744 578 bonns
1780 527 1846 578 ad
1869 528 2043 593 Spart.
2065 525 2250 579 Sever.
2274 540 2392 593 cap.
2414 531 2464 577 6.
2502 532 2664 578 uota:

1576 604 1672 661 vit,
1696 605 1848 656 istam
1874 605 2303 670 pretorianorum
2329 612 2529 654 vestem
2555 619 2648 654 vo-

1576 686 1749 731 catam
1789 695 1901 731 esse
1945 680 2199 745 εἰρηνικὴν,
2244 680 2461 730 habitam
2496 682 2653 744 pacis.

1577 757 1759 823 Ipsum
1796 760 1956 809 etiam
1985 759 2354 822 imperatorem
2400 767 2531 808 tnnc
2556 759 2649 808 ali·

1576 835 1786 899 quando
1809 850 1988 901 sagum
2010 841 2239 885 mittasse
2263 842 2403 897 toga,
2421 848 2513 884 sen
2538 842 2662 884 tra··

1577 912 1695 976 bea,
1728 914 2025 976 exemplum
2062 912 2143 961 Μ.
2168 910 2421 961 Antonini
2467 911 2664 961 declai

1576 995 1681 1054 rat,
1698 989 1766 1040 de
1790 1005 1893 1055 quo
1916 990 2241 1054 Capitolinus
2277 989 2333 1039 in
2361 989 2476 1053 ejus
2500 988 2649 1052 Vita,

1578 1081 1697 1130 cap.
1720 1070 1803 1117 2¹1.
1841 1068 1954 1118 baec
1988 1068 2183 1118 tradit:
2218 1068 2236 1095 ‘
2256 1066 2554 1117 Revertens
2579 1065 2648 1116 ad

1576 1143 1784 1193 Italiam
1808 1145 2038 1209 navigio,
2061 1150 2429 1208 tempestatem
2449 1144 2651 1207 gravis·

1578 1220 1757 1269 simam
1784 1233 1966 1284 passus
1996 1228 2112 1269 est.·
2160 1220 2270 1271 Per
2294 1220 2647 1270 Brundusium

1578 1296 1795 1345 veniens
1837 1296 1893 1347 in
1935 1296 2170 1357 Italiam,
2212 1303 2389 1361 togam
2434 1303 2488 1345 et
2532 1296 2653 1361 ipse

1579 1374 1819 1438 sumpsit,
1842 1380 1899 1424 et
1922 1373 2115 1423 milites
2158 1379 2360 1436 togatos
2391 1386 2505 1422 esse
2537 1372 2650 1436 jus·

1577 1450 1647 1499 sit
1668 1464 1684 1510 ;
1717 1463 1814 1499 nec
1839 1463 2060 1515 unquam
2084 1447 2326 1514 (Rome)
2342 1450 2516 1513 sagati
2536 1448 2651 1498 fne-

1578 1531 1700 1575 runt
1721 1526 1819 1576 sub
1842 1540 1907 1576 eo
1921 1524 2149 1575 milites.’
2171 1526 2342 1574 Etiam
2368 1525 2432 1573 de
2450 1524 2655 1574 Severo

1578 1603 1892 1668 imperatore
1907 1604 2017 1653 ltrec
2032 1611 2207 1653 narrat
2225 1604 2322 1653 Dio
2338 1602 2427 1652 lib.
2445 1615 2656 1652 uxur-

1580 1695 1632 1745 p.
1654 1684 1769 1730 839.
1806 1680 1956 1745 cnjus
1986 1681 2163 1737 verba,
2200 1686 2258 1729 ut
2299 1681 2494 1729 cliartae
2532 1693 2652 1743 par·

1579 1770 1714 1818 cam,
1738 1770 1802 1805 ex
1827 1756 2016 1806 Latina
2037 1755 2296 1806 duntaxat
2329 1757 2654 1819 interpreta-

1581 1834 1723 1884 tione
1749 1832 1995 1885 afferam:
2026 1837 2042 1863 ‘
2063 1833 2163 1883 His
2184 1832 2339 1883 rebus
2366 1832 2654 1890 confectis,

1577 1911 1801 1961 Severus
1825 1911 2037 1960 Romam
2062 1911 2225 1972 venit,
2260 1925 2480 1975 cumque
2517 1912 2656 1960 inse·

1580 1988 1745 2038 disset
1785 2002 1922 2053 equo
1954 2003 2115 2053 usqne
2146 1987 2212 2038 ad
2256 1996 2436 2052 portas
2469 1988 2655 2050 Urbis,

1580 2070 1729 2115 veste
1753 2065 1985 2130 equestri
2006 2066 2263 2127 amictns3
2296 2066 2418 2115 inde
2454 2065 2655 2114 urbana

1579 2139 1761 2205 (toga)
1785 2140 2013 2197 indutus,
2038 2140 2260 2205 pedibus
2282 2141 2504 2192 introiit.
2553 2140 2655 2191 Co·

1580 2215 1868 2267 mitabatn'r
1883 2232 2000 2267 enm
2019 2219 2183 2268 omnis
2220 2219 2486 2269 exercitus
2507 2233 2528 2279 3·
2557 2231 2653 2282 pe·

1579 2294 1718 2344 dites
1740 2294 2051 2360 eqnitesque
2069 2295 2251 2344 armati
2267 2293 2659 2359 sequebamini-3

1579 2371 1683 2421 Sed
1724 2372 2032 2435 Spartianus
2067 2372 2119 2421 in
2160 2373 2378 2429 Severo,
2408 2387 2454 2423 c.
2474 2377 2524 2423 7.
2566 2386 2655 2423 re-

1583 2448 1710 2510 fert,
1746 2447 1902 2498 fuisse
1939 2449 2229 2511 ingressum
2270 2450 2382 2512 ejus
2414 2448 2652 2514 odiosum

1583 2534 1741 2591 atque
1766 2525 2088 2587 terribilem3
2120 2526 2240 2591 quia
2274 2524 2654 2575 introduxisset

1581 2604 1772 2654 milites
1794 2611 2037 2660 armatos,
2060 2603 2509 2667 vastationemque
2533 2601 2656 2652 urbi

1582 2685 1857 2733 minantes.
1925 2683 2014 2732 Sic
2060 2689 2117 2732 et
2160 2682 2385 2732 Vitellio
2426 2682 2653 2745 impera·

1584 2763 1684 2812 tori
1711 2760 1837 2811 vitio
1856 2759 2182 2816 vertebatur,
2205 2758 2365 2824 quod,
2388 2757 2654 2809 referente

1583 2839 1802 2887 Sueton-
1823 2851 1871 2887 c.
1895 2839 1976 2886 11.
1996 2837 2012 2864 ‘
2036 2835 2235 2899 urbem,
2259 2835 2323 2884 ad
2351 2836 2651 2899 classicum,

1580 2911 1748 2978 [quod
1775 2912 2138 2962 buccinatores
2178 2927 2273 2976 per
2309 2926 2472 2962 cornu
2498 2924 2655 2962 cane·

1586 2990 1754 3079 bant,]
1780 2990 1979 3041 introiit
2005 2989 2299 3053 paludatus,
2321 2989 2498 3054 [veste
2519 2988 2655 3040 mili·

1587 3067 1687 3117 tari
1735 3068 1946 3116 indutus
1952 3065 1992 3130 ,]
2039 3064 2284 3132 ferroque
2333 3066 2656 3129 succinctus,

1584 3143 1724 3193 inter
1767 3143 1918 3206 signa
1952 3149 2110 3207 atque
2155 3142 2367 3205 vexilla,
2406 3143 2658 3205 sagulatis

1585 3220 1884 3279 comitibus,
1908 3234 1969 3268 ac
2000 3220 2222 3269 detectis
2246 3220 2656 3270 commilitonum

1586 3296 1778 3348 armis.’
1843 3298 2029 3358 Putes,
2046 3297 2201 3346 istum
2225 3304 2359 3359 togas
2384 3312 2527 3347 usum
2548 3297 2656 3349 Ro-

1585 3388 1722 3425 mam
1741 3373 2144 3438 ingredientium
2157 3373 2269 3437 jam
2292 3373 2343 3423 in
2381 3374 2654 3437 republica

1583 3451 1752 3501 libera
1774 3450 2030 3514 viguisse3
2052 3464 2169 3500 cnm
2193 3449 2310 3500 Cic.
2329 3450 2382 3499 in
2404 3450 2513 3502 Pis.
2533 3464 2656 3515 cap.

1584 3532 1878 3589 280uarret,
1893 3526 2073 3576 Pisoni
2100 3540 2167 3576 ex
2188 3526 2462 3590 provincia
2478 3540 2656 3576 rever·

1586 3619 1664 3662 so,
1686 3612 1742 3655 at
1763 3606 1904 3655 nullo
1926 3602 2211 3654 comitatus
2240 3602 2438 3653 honore
2461 3602 2657 3654 conde·

1584 3690 1784 3745 corato,
1801 3682 1938 3731 solos
1963 3681 2193 3736 lictores,
2216 3680 2404 3743 tegulis
2427 3680 2658 3743 indutos,

1584 3760 1732 3826 quasi
1773 3765 2037 3809 catervam
2077 3756 2394 3821 prebuisse:
2441 3762 2457 3784 ⁸
2475 3757 2655 3820 Togu-

1585 3835 1688 3901 lae,’
1738 3837 1927 3900 inquit,
1982 3841 1998 3865 ⁸
2017 3834 2289 3884 lictoribus
2337 3833 2404 3883 ad
2445 3843 2655 3899 portam

1587 3923 1781 3980 praesto
1804 3912 2050 3974 fuerunt3
2085 3911 2270 3978 quibus
2307 3911 2385 3961 illi
2422 3911 2656 3976 acceptis

1585 3993 1766 4054 sagula
1790 3993 2105 4054 rejecerunt,
2130 3996 2184 4039 et
2206 3995 2473 4038 catervam
2492 3990 2654 4053 impe-

1587 4069 1749 4119 ratori
1769 4084 1861 4119 suo
1881 4083 2063 4118 novam
2090 4064 2463 4131 praebnernnt.’
2496 4065 2654 4120 Quod

1589 4161 1710 4197 vero
1736 4146 1934 4196 Plinius
1959 4144 2311 4207 dicit‚milites
2328 4143 2539 4208 Trajani
2556 4143 2655 4193 eti·

1588 4235 1669 4274 sm
1698 4222 2082 4286 tranquillitate
2117 4226 2173 4270 et
2197 4219 2453 4271 modestia
2473 4219 2597 4269 nihil
2621 4234 2656 4269 a

1591 4301 1741 4365 plebe
1766 4299 2066 4362 distulisse3
2097 4297 2151 4349 id
2174 4312 2237 4349 eo
2264 4296 2423 4363 valet,
2458 4301 2516 4347 ut
2547 4291 2655 4363 ‘sig-2
