3017 4942
478 369 611 437 484

473 533 609 581 cium
633 528 852 592 alicujus
878 526 1160 578 varietatis.
1226 528 1374 578 Solus
1399 529 1537 578 Rbe'·

474 621 636 657 nanus
670 605 804 654 bunc
840 605 1028 661 locum,
1049 611 1292 655 manente
1326 602 1536 669 quidem

475 682 656 733 eadem
678 682 961 737 sententia,
998 682 1072 730 ita
1101 680 1283 743 edidit,
1311 697 1368 729 ac
1399 681 1537 731 indu·

470 759 574 811 cias
613 758 818 822 quidem,
853 757 951 807 uisi
991 758 1144 821 aquis
1174 756 1541 822 conditionibus,

473 850 569 885 non
597 834 799 883 inibunt.
866 834 1083 895 Verumg
1114 834 1251 882 haud
1290 833 1537 883 receden-

475 912 598 962 dum
637 920 718 962 est
752 927 783 961 a
824 911 1024 974 vulgari
1061 909 1308 962 lectione.
1370 914 1558 976 AEqm“

476 988 805 1039 conditiones
845 988 944 1038 boc
988 989 1104 1039 loco
1147 1002 1251 1039 non
1293 987 1540 1037 dicuntur

477 1065 660 1130 ‘justae
679 1065 711 1127 ς’
747 1064 841 1114 sed
875 1072 891 1095 ⁸
911 1064 1176 1129 aequales‚'
1197 1067 1213 1094 ⁴
1236 1065 1425 1131 pares,’
1450 1065 1540 1115 ubi

472 1143 716 1193 neutrius
753 1143 918 1208 partis
960 1143 1333 1205 paciscentium
1366 1144 1543 1207 aliqua

477 1227 560 1269 est
584 1219 963 1284 proerogativa3
997 1225 1151 1284 prout
1175 1234 1224 1268 v.
1246 1236 1296 1284 g.
1327 1220 1541 1269 Tacitus

474 1295 667 1349 Annal.
704 1312 744 1348 1.
774 1303 857 1347 63.
889 1297 1045 1361 dixit,
1077 1298 1093 1326 ‘
1116 1298 1348 1347 manibus
1381 1298 1543 1362 aequis

474 1373 775 1423 abscessum
792 1372 829 1435 ς’
853 1372 887 1420 i.
900 1388 949 1424 e.
974 1387 1122 1436 aequo
1143 1383 1196 1423 et
1214 1374 1327 1436 pari
1346 1373 1545 1434 Marte,

476 1451 695 1516 parique
720 1460 911 1503 eventu
932 1451 1121 1515 prelii,
1142 1458 1422 1513 pugnatum
1440 1450 1542 1498 dis·

412 1586 421 1604 =
477 1541 781 1592 cessumque
805 1535 905 1578 est.
969 1527 1058 1577 Sic
1081 1534 1135 1577 et
1158 1528 1272 1578 Cic.
1296 1526 1365 1576 de
1387 1524 1545 1577 Offic.

474 1617 517 1654 1.
535 1605 617 1654 3⁴.
651 1604 666 1630 ‘
685 1604 956 1655 Privatum
975 1610 1146 1653 autem
1167 1610 1382 1669 oportet
1395 1619 1544 1667 aeqno

477 1686 534 1731 et
590 1679 703 1745 pari
758 1695 876 1730 cum
911 1680 1124 1730 -civibus
1164 1680 1289 1744 jure
1334 1678 1548 1729 vivere!

472 1754 632 1809 Quod
649 1754 688 1803 si
706 1755 867 1819 igitur
883 1754 1209 1805 retineantur
1225 1755 1383 1804 verba
1402 1755 1544 1804 evul-

368 1862 381 1879 .
474 1837 602 1894 gata
621 1849 636 1893 ;
670 1831 721 1880 id
746 1831 857 1895 jam
876 1834 1001 1881 satis
1019 1831 1288 1895 iudignum
1312 1833 1547 1882 Romano

483 1909 697 1958 nomine
736 1907 896 1960 fuisse
940 1909 1110 1959 innuit
1147 1909 1372 1971 Plinius,
1408 1908 1546 1974 quod

482 1982 584 2033 sub
628 1983 953 2046 Domitiano,
1007 1985 1228 2049 aliisque
1280 1984 1549 2036 desidibus

480 2059 912 2125 imperatoribus,
956 2075 1040 2110 res
1094 2061 1439 2110 Romanorum
1481 2076 1548 2111 eo

478 2135 683 2189 fuerint
706 2136 957 2200 redactae,
978 2145 1038 2187 ut
1071 2137 1124 2186 hi
1148 2137 1422 2202 aliquando
1447 2152 1547 2187 nou

480 2212 709 2276 amplius
734 2213 999 2276 potuerint
1023 2227 1140 2262 cum
1171 2213 1406 2263 barbaris
1429 2214 1548 2263 hos·

483 2290 623 2341 tibus
648 2290 860 2352 pacisci,
887 2289 1225 2354 induciasque
1255 2290 1411 2350 inire,
1447 2290 1547 2341 nisi

481 2365 694 2431 paribus
730 2365 1155 2427 conditionibus3
1202 2371 1258 2415 et
1295 2371 1352 2415 ut
1397 2380 1547 2430 reque

480 2444 629 2505 leges
663 2441 904 2507 accipere
928 2455 1139 2492 necesse
1162 2441 1461 2504 habuerint,
1483 2457 1547 2494 ac

480 2519 757 2581 dederiut3
788 2533 906 2569 cum
935 2526 1089 2568 autea
1113 2520 1335 2584 populus
1362 2518 1548 2568 Roma·

480 2607 597 2651 nus,
623 2602 866 2661 tauquam
891 2595 1128 2658 potentia
1151 2600 1205 2644 et
1232 2594 1548 2647 auctoritate

483 2669 722 2734 validior,
757 2670 1080 2721 conditiones
1107 2670 1282 2733 potius
1307 2683 1400 2733 pro
1422 2670 1548 2719 lubi·

485 2751 540 2795 tn
569 2744 905 2810 praescribere
938 2745 1185 2809 barbaris,
1215 2760 1365 2809 quam
1398 2747 1462 2796 ab
1486 2746 1550 2797 iis

480 2837 633 2885 pares
653 2822 916 2889 accipere,
930 2822 1302 2874 consuevisset.
1328 2822 1548 2873 Schwar-

485 2917 609 2953 τινε.
1334 2944 1345 2951 .

550 2978 669 3026 Nisi
702 2978 876 3042 aquis]
925 2978 1156 3028 Erautne
1196 2977 1417 3027 induciae
1456 2977 1549 3026 ini-

482 3055 596 3118 quis
625 3053 1045 3104 conditionibus?
1081 3054 1234 3103 immo
1252 3053 1552 3117 imparibus.

483 3128 676 3178 Foedus
698 3128 836 3178 enim
860 3128 1055 3192 duplex
1090 3128 1448 3192 potissimurm
1482 3142 1552 3177 te-

482 3219 660 3267 quam,
705 3204 802 3253 hoe
842 3210 947 3264 est,
992 3203 1209 3266 aequale,
1252 3201 1342 3251 ubi
1387 3202 1551 3265 justis

482 3278 688 3339 legibus
713 3284 768 3327 et
790 3277 954 3339 aequis
977 3291 1176 3334 eorum,
1198 3277 1286 3341 qui
1322 3277 1552 3340 pacisce·

484 3353 697 3409 bantur,
716 3351 1120 3410 condnionibus,
1140 3366 1234 3415 per
1257 3366 1440 3416 pacem
1459 3359 1553 3405 aut

483 3428 741 3488 inducias,
780 3428 1036 3484 icebatur,
1080 3429 1234 3492 quale
1283 3435 1391 3477 tum
1434 3426 1554 3478 bar-

485 3504 602 3555 bari
639 3517 754 3553 cum
792 3503 1069 3554 Romanis:
1115 3510 1170 3553 et
1212 3503 1396 3567 impar,
1433 3518 1551 3554 cum

482 3580 683 3631 foedere
725 3595 788 3630 eo
826 3579 1367 3643 comprehenderetur,
1407 3588 1466 3631 ut
1505 3582 1551 3633 is

484 3657 708 3720 populus
765 3656 981 3706 alterius
1027 3654 1206 3720 populi
1250 3655 1552 3706 libertatem

485 3734 708 3783 comiter
760 3739 1113 3782 conservaret.
1183 3732 1323 3782 Vide
1372 3732 1439 3781 sis
1485 3732 1554 3783 P.

487 3807 616 3856 Fab.
642 3821 682 3856 1.
705 3811 755 3857 7.
791 3808 1044 3858 Semestr.
1069 3806 1174 3872 Ap.
1199 3808 1314 3857 Liv.
1349 3820 1556 3859 xxxxv.

487 3885 572 3931 56.
610 3883 712 3935 duo
751 3897 945 3943 genera
983 3881 1233 3933 foederum
1267 3883 1555 3948 Menippus

491 3955 677 4021 refert.
724 3959 879 4009 Rern.

555 4032 820 4096 Legesque]
855 4033 992 4086 Quid
1012 4034 1110 4084 hoc
1134 4032 1296 4097 aliud,
1313 4032 1412 4082 nisi
1430 4047 1556 4098 pop,

492 4107 643 4157 Rom.
677 4116 918 4174 tanquam
947 4110 1097 4160 bellis
1120 4110 1279 4173 victo,
1300 4110 1443 4173 leges
1476 4109 1553 4161 di·

489 4186 647 4235 cere?
687 4185 837 4237 Idem.
1543 4220 1546 4223 -

559 4262 692 4317 Cat».
737 4275 844 4313 κη.
912 4262 1082 4313 Rediit
1124 4262 1335 4313 omnibus
1376 4262 1555 4328 terror]

494 4337 702 4402 Lipsius
723 4337 1024 4391 vocabulum
1043 4339 1256 4389 omnibus
1272 4338 1421 4390 nimis
1442 4340 1551 4391 late

1178 383 1397 434 NOTA-2
1447 384 1859 435 vAmoRUM
1912 387 1987 437 lu

1616 535 1671 581 et
1695 530 1932 580 absolute
1958 530 2179 593 dictum,
2207 536 2371 594 atque
2401 541 2559 578 voces
2595 531 2699 578 ter·

1609 621 1693 656 ror
1728 616 1775 658 et
1817 613 1971 658 metus
2010 606 2319 657 cumulatius
2360 605 2677 670 conjunctas

1610 685 1935 734 existimasse
1981 684 2189 733 videtur
2205 700 2223 744 ς
2277 682 2518 747 adeoque
2565 671 2699 743 pro:

1613 772 1802 823 pensus
1846 760 1949 811 fuit
1984 760 2049 810 ad
2091 774 2181 810 eas
2218 761 2294 810 sic
2331 757 2700 826 stringendas,
2749 750 2762 761 ‘

1610 836 1758 885 rediit
1791 837 2010 887 omnibus
2042 837 2208 900 terris,
2238 841 2289 886 et
2321 841 2493 891 metus,
2530 838 2582 885 et
2613 847 2698 882 vo·

1613 915 1831 976 {tranq-c.
1900 912 2155 978 Equidem
2188 915 2351 962 etiam
2390 921 2705 975 pronomen

1612 988 1694 1046 r'r's,
1713 988 1850 1053 quhd
1872 997 2088 1054 propter
2106 988 2504 1040 similitudinem
2529 1000 2699 1052 qnan-

1615 1062 1733 1114 dam
1779 1068 2126 1129 posteriorum
2176 1064 2499 1129 syllabarum
2543 1060 2699 1113 verbi

1616 1142 1963 1204 precedentis
2007 1141 2172 1202 rediit,
2215 1140 2481 1191 excidisse
2524 1136 2701 1189 videri

1618 1226 1796 1281 queat,
1813 1217 1966 1269 facile
1986 1219 2161 1280 inseri,
2182 1217 2547 1282 premittique
2572 1229 2700 1279 pos·

1616 1295 1687 1344 sit
1708 1296 1823 1344 voci
1847 1296 2079 1352 omnibus,
2103 1301 2162 1345 nt
2186 1310 2250 1345 eo
2286 1294 2604 1343 luculentius
2627 1291 2703 1342 ci.-

1621 1371 1824 1436 tinsque
1850 1379 2053 1437 pateat,
2081 1373 2213 1422 banc
2244 1384 2426 1421 vocem
2460 1368 2702 1419 referen-

1619 1448 1737 1500 dam
1770 1465 1883 1500 esse
1918 1452 1982 1501 ad
2021 1452 2195 1508 hostes,
2224 1450 2314 1515 qui
2351 1449 2405 1500 in
2440 1446 2700 1513 proximis

1620 1526 1795 1575 verbis
1819 1527 2135 1577 dicebantur
2154 1526 2408 1577 sustulisse
2427 1524 2638 1580 animos,
2653 1529 2707 1577 et

1618 1602 2084 1664 excussiseejugum.
2118 1602 2335 1663 Verum,
2350 1615 2455 1652 nou
2479 1612 2705 1650 necesse

1622 1684 1725 1740 est,
1758 1686 1817 1728 ut
1852 1681 1948 1729 boc
1982 1681 2405 1743 supplementum
2430 1679 2704 1741 exprima-

1622 1758 1737 1815 tur3
1772 1769 1889 1804 cum
1916 1755 2105 1811 Plinio,
2134 1753 2410 1805 brevitatis
2445 1753 2708 1817 studioso,

1622 1829 1747 1879 nibil
1770 1830 2050 1894 proclivius
2069 1829 2252 1895 fuerit,
2264 1843 2419 1895 quam
2440 1830 2706 1893 ejusmodi

1623 1908 2032 1969 praetermittere
2058 1920 2361 1970 pronomen,
2383 1906 2526 1971 quod
2561 1908 2709 1971 quis·

1622 1996 1722 2047 qne
1745 1997 1809 2032 ex
1834 1989 2084 2032 contextu
2115 1983 2366 2034 orationis
2401 1997 2497 2031 suo
2521 1984 2706 2037 Marte

1624 2058 1923 2122 intelligere
1948 2067 2003 2108 et
2029 2060 2275 2123 supplere
2308 2058 2497 2123 possit.
2552 2058 2707 2110 Prae·

1624 2142 1792 2197 terea,
1818 2150 1916 2186 uec
1948 2135 2239 2200 putandum
2274 2143 2378 2193 est,
2410 2149 2567 2187 voces
2604 2142 2708 2187 ter-

1622 2227 1706 2261 ror
1724 2218 1774 2266 et
1795 2220 1947 2263 metus
1975 2214 2234 2264 inutiliter
2260 2213 2544 2277 conjungit
2578 2226 2706 2264 cum

1623 2292 1779 2338 terrm·
1824 2289 2147 2352 potissimum
2202 2289 2340 2339 mala
2390 2291 2708 2353 praesentia,
2747 2299 2758 2308 ·

1621 2370 1774 2414 noetus
1796 2362 1973 2415 futura
1997 2364 2278 2430 respiciat3
2312 2374 2369 2415 et
2399 2380 2521 2417 cum
2557 2367 2706 2421 idem

1623 2438 1826 2489 Plinius
1859 2440 2064 2490 easdem
2096 2454 2269 2503 voces,
2293 2440 2430 2491 infra
2467 2455 2631 2495 zxvt.
2650 2447 2707 2494 4.

1623 2515 1983 2578 conjunxerit:
2029 2523 2044 2546 ⁸
2069 2523 2256 2575 terror,
2301 2525 2360 2569 et
2400 2526 2600 2582 metus,
2643 2526 2708 2572 et

1623 2592 1813 2642 misera
1835 2593 1923 2643 illa
1943 2608 2010 2643 ex
2035 2594 2283 2657 periculis
2304 2593 2450 2645 facta
2468 2594 2707 2660 pruden-

1625 2668 1697 2719 tia
1720 2667 2002 2720 monebat!
2047 2670 2298 2721 Schmun.

1698 2745 1878 2797 Vident
1908 2747 2034 2797 enim
2059 2748 2328 2799 &muntem
2355 2748 2550 2813 ducem]
2586 2748 2712 2803 Ista

1624 2826 1680 2870 et
1722 2822 1979 2873 Martialis
2025 2824 2265 2875 versibus
2310 2826 2610 2890 amplexus,
2650 2827 2709 2879 in

1540 2914 1548 2925 ’
1622 2897 1834 2961 Trajani
1860 2900 2128 2964 popularis
2158 2901 2240 2951 sui
2262 2901 2502 2952 laudem2
2537 2901 2710 2951 ‘Ter-

1627 2987 1796 3023 rarum
1824 2977 1937 3025 Dea
1971 2978 2309 3042 gentiumque
2333 2979 2524 3041 Roma,
2550 2977 2712 3029 Dixit

1626 3048 1859 3100 Praeside
1914 3053 2140 3115 gloriosa
2191 3055 2313 3105 tali:
2380 3056 2710 3107 Parthorum

1626 3136 1887 3186 proceres.
1918 3127 2181 3193 ducesque
2214 3131 2422 3189 Serum,
2443 3130 2712 3195 Thraces,

1624 3199 1964 3260 Sauromata»,
1995 3204 2166 3265 Getae,
2186 3206 2451 3268 Britanni,
2475 3207 2710 3262 Possum

1627 3277 1902 3327 ostendere
1927 3280 2208 3342 Cesaram,
2230 3282 2444 3333 venite.’
2488 3283 2639 3347 Lips.
2703 3308 2710 3317 ·

1689 3351 2056 3417 Imperatorium
2089 3359 2282 3422 nomen]
2316 3359 2442 3408 Non
2465 3358 2590 3416 nisi,
2614 3359 2713 3424 qui

1625 3428 1768 3478 mille
1801 3439 1893 3481 aut
1927 3432 2091 3483 millia
2119 3435 2426 3487 occidisset.
2493 3436 2614 3487 Cic.
2635 3436 2712 3487 ad

1628 3504 1756 3554 coel.
1775 3514 1826 3556 et
1854 3508 1906 3558 in
1930 3509 2164 3575 Philipp.
2207 3512 2358 3561 Ber-rr.
2699 3550 2706 3559 ι

1691 3582 2059 3646 Imperator-ium
2087 3588 2277 3651 nomen]
2313 3589 2583 3640 Romanos
2613 3590 2715 3641 du·

1624 3670 1713 3706 ces
1747 3668 1863 3722 post
1889 3661 2161 3712 victoriam
2199 3665 2499 3728 quampiam
2522 3666 2715 3731 Impe-

1627 3744 1826 3786 ratores
1862 3740 2179 3804 appellatos,
2213 3748 2271 3792 et
2307 3742 2469 3791 toties
2508 3757 2722 3801 nomen.

1626 3809 1723 3859 hoc
1758 3812 2078 3876 assumsisse,
2113 3820 2242 3880 quot
2279 3814 2532 3866 victorias
2562 3825 2718 3868 retu-

1627 3885 1830 3948 lissent,
1868 3888 2214 3940 notissimum.
2277 3890 2517 3943 Pulcher
2554 3894 2718 3948 locus

1626 3975 1715 4024 ap.
1736 3962 1847 4012 Cic.
1871 3962 2016 4017 Fam.
2039 3966 2142 4031 Ep.
2165 3979 2229 4018 ιι.
2253 3969 2335 4018 10.
2369 3969 2387 3999 ⁶
2406 3968 2541 4019 Cum
2578 3973 2720 4025 meis

1628 4038 1792 4101 copiis
1834 4039 2067 4090 omnibus
2113 4044 2301 4094 vexavi
2342 4044 2722 4109 Amanieusesj

1626 4111 1802 4163 hostes
1855 4117 2238 4181 sempiternos:
2307 4122 2461 4171 multi
2518 4125 2721 4189 occisi,

1627 4189 1802 4251 capti·;
1837 4189 2022 4255 reliqui
2042 4191 2315 4258 dissipati3
2345 4197 2572 4247 castella
2595 4215 2719 4251 mu·

1626 4262 1736 4313 nita
1757 4264 2037 4329 improviso
2060 4268 2293 4321 adventu
2323 4281 2487 4335 capta
2503 4281 2567 4324 et
2589 4290 2722 4327 suc-2

1632 4353 1806 4391 censa.
1868 4340 1957 4395 Ita
1984 4342 2205 4395 victoria
2225 4345 2380 4410 justa
2397 4345 2728 4414 Imperator
