3017 4942
677 375 685 386 ’
728 379 796 429 ο.
843 375 1088 427 emm!
1138 373 1478 427 saeuum
1526 374 1804 424 Patrue.
1881 373 1929 421 t.
1974 355 2085 423 28.

292 537 397 575 noa
428 529 537 574 tam
569 523 626 574 id
654 537 804 574 suum
827 523 993 575 videri
1027 521 1191 573 debet
1221 520 1360 587 quod

291 602 529 657 abstulit,
571 616 724 667 quam
769 600 920 665 quod·
950 598 1121 649 dedit.
1198 599 1360 660 Nam,

294 691 413 727 cum
434 678 578 727 intra
602 678 767 742 ipsum
793 677 1064 726 volvantur
1085 675 1329 731 omnia...
1344 706 1360 723 .

291 756 541 820 quicquid
578 756 629 803 in
665 754 806 804 cives
836 758 1011 803 manat
1042 766 1073 801 a
1107 750 1362 814 principe,

291 830 558 884 redundat
582 831 637 884 in
659 829 981 894 principem;
1013 834 1070 877 et
1092 827 1190 890 rei,
1210 837 1264 876 et
1285 825 1361 877 fa·

290 921 411 964 ωε.
433 907 570 962 bene
602 908 822 960 consulit
848 904 1115 958 munificus
1139 905 1361 967 impera·

295 989 396 1034 tor.
446 984 709 1034 Luci-atur
730 982 866 1036 enim
887 981 1118 1045 gloriam,
1137 995 1252 1029 cum
1270 981 1367 1031 dat·

288 1060 568 1125 pecuniam
596 1058 955 1114 reversuram!
988 1059 1232 1110 Schmun-z.

361 1138 517 1199 Caius
544 1137 643 1201 est]
682 1139 813 1188 Seu.
849 1139 982 1189 Ben.
1015 1150 1115 1187 vn.
1148 1141 1207 1186 4.
1241 1134 1363 1185 ‘Ad

288 1228 446 1279 reges
477 1220 713 1280 potestas
740 1216 963 1268 omnium
997 1215 1264 1278 pertinet;
1295 1212 1365 1263 ad

290 1293 526 1356 singulos
570 1291 902 1357 proprietas-⁹
947 1293 1078 1355 Cap.
1115 1297 1166 1341 5.
1215 1297 1231 1321 ⁸
1253 1290 1364 1340 Sub

292 1369 496 1432 optimo
529 1383 673 1433 rege,
697 1369 867 1419 omnis
888 1383 981 1432 rex
1004 1368 1224 1431 imperio
1249 1381 1365 1432 pos-

289 1443 452 1500 sidet,
477 1443 671 1508 singuli
692 1444 951 1493 dominio.’
968 1433 1139 1493 ‘Berm

361 1523 572 1572 Tantum
587 1522 713 1588 ipse]
742 1522 1077 1572 Constantius
1097 1520 1272 1571 amicis
1289 1520 1366 1571 iu-

289 1598 655 1662 crepantibus,
668 1597 803 1663 quod
820 1596 996 1652 fiscum
1014 1599 1367 1662 indiligentius

298 1680 534 1730 curaret,
556 1674 845 1738 respondit,
874 1681 889 1705 ‘
907 1674 1083 1724 Bonus
1106 1676 1369 1739 princeps,

294 1753 386 1817 qui
412 1752 580 1816 magia
606 1768 638 1802 a
661 1752 766 1801 suis
785 1752 1019 1824 diligitur
1041 1767 1193 1817 quam
1218 1753 1367 1801 time·

297 1836 408 1891 tur,
429 1829 590 1878 habet
611 1829 866 1894 quidquid
899 1830 1038 1880 cives
1065 1829 1371 1895 possident.'

297 1906 452 1955 Idem.

362 1983 612 2038 Quantum
625 1982 972 2048 omnes‚habet]
994 1983 1142 2035 Idem
1160 1984 1212 2035 in
1228 1999 1374 2040 mene

299 2064 353 2109 te
393 2057 579 2108 habuit
619 2059 742 2109 Lat.
777 2060 964 2110 Pacat.
1004 2063 1038 2111 l.
1068 2077 1115 2112 c.
1164 2062 1369 2115 ‘Quam

299 2131 452 2184 affert
501 2148 741 2184 caussam
796 2135 1405 2203 concupiscendi,‚qui,-

298 2218 552 2276 quantum
576 2211 769 2278 ubique
787 2221 889 2275 est,
904 2213 1106 2263 habet?
1128 2215 1370 2266 Schmun-z.

366 2288 505 2338 Car.
525 2300 738 2337 xxvm.
771 2288 882 2338 Atio
904 2290 1146 2352 meoocnt]
1183 2290 1370 2342 Atten-

300 2362 430 2413 dant
472 2363 702 2412 rhetores
740 2364 1030 2426 elegantem
1072 2367 1372 2417 transeundi

299 2438 608 2501 formulam3
645 2455 952 2505 quamquam
976 2443 1233 2506 ,singulari
1256 2450 1372 2494 arta

299 2515 393 2565 hic
419 2521 604 2568 utatur
637 2525 829 2565 orator.
892 2517 1027 2566 Dum
1062 2518 1195 2567 enim
1232 2520 1374 2569 laudi

298 2591 641 2644 liberalitatis
683 2594 914 2657 Trajani,
954 2597 1236 2660 congiariis
1281 2598 1374 2647 ali·

301 2670 603 2735 mentisque
643 2669 827 2719 dandis
870 2680 1056 2734 partae,
1093 2673 1241 2722 nimis
1284 2674 1375 2724 diu

302 2745 561 2796 inhaerere
600 2747 765 2797 videri
806 2756 1042 2812 poterat3
1082 2765 1240 2815 nunc,
1271 2767 1373 2802 non

301 2837 433 2872 vera
472 2821 706 2887 quidem,
738 2817 831 2873 sed
868 2828 1106 2877 simulata
1150 2830 1379 2878 transiti-

304 2913 401 2949 one
426 2899 495 2949 ad
522 2909 882 2964 argumentum
902 2917 1110 2966 novum,
1128 2919 1267 2967 usus,
1286 2919 1375 2953 ex·

303 2976 437 3026 citat
469 2976 615 3040 quasi
648 2977 922 3028 auditores
949 2987 1007 3029 et
1039 2981 1291 3045 lectores,
1309 2996 1376 3032 ne

302 3052 537 3117 longiore
557 3053 711 3108 unius-
726 3055 929 3105 virtutis
951 3058 1248 3107 laudatione
1272 3057 1374 3107 for-

308 3135 367 3179 te
384 3131 763 3193 languescantz
804 3132 966 3183 nihilo
994 3136 1160 3186 minus
1188 3142 1379 3199 tamen,

305 3202 493 3255 idonea
517 3219 636 3254 usus
661 3209 1020 3272 excusatione,
1046 3211 1380 3276 prosequitur

306 3280 446 3330 idem
485 3291 868 3344 argumentum,
906 3284 1377 3352 liberalitatemque

307 3358 529 3423 Trajani
559 3359 728 3407 adhuc
759 3361 1081 3423 potissimum
1109 3378 1139 3412 a
1161 3362 1265 3414 fine
1289 3364 1376 3414 ho-

308 3434 603 3485 nestissimo
617 3437 960 3486 commendat.
985 3437 1381 3497 Ceterum,‘nu·

307 3525 507 3566 mer-osa
546 3509 744 3574 gloria’
769 3512 940 3563 Plinio
968 3514 1164 3566 dicitur
1187 3517 1379 3581 ampla,

307 3588 611 3652 multiplex,
650 3595 705 3638 et
746 3590 961 3653 copiosa
997 3593 1208 3655 ςιοιπίιι·ἢ
1240 3595 1382 3645 sicut

311 3663 506 3719 eidem,
526 3665 697 3727 Epist.
724 3678 817 3716 ιιι.
837 3671 888 3718 9.
924 3669 938 3695 ‘
962 3671 1382 3722 numerosissima

310 3740 525 3794 caussa’
549 3743 893 3808 dicitur,quae
919 3748 1080 3797 multa
1097 3750 1276 3813 capita
1291 3750 1380 3799 ha-

311 3817 422 3883 bet,
439 3826 498 3869 et
516 3819 764 3869 latissime
789 3829 955 3884 patet.
982 3859 987 3870 .
1011 3825 1100 3874 Sic
1120 3833 1177 3874 et
1199 3831 1382 3877 auctor

313 3898 556 3946 carminis
595 3898 660 3947 ad
704 3900 880 3949 Pison.
919 3915 1000 3950 vs..
1023 3905 1107 3952 66.
1141 3902 1232 3960 ait,
1267 3910 1282 3934 ‘
1305 3904 1382 3953 Te

314 3987 588 4024 numerosa
619 3975 771 4025 laude
800 3985 1013 4029 senatus
1036 3979 1235 4044 excipit
1254 3979 1288 4028 ε’
1327 3986 1381 4031 et

317 4063 391 4099 vs.
433 4055 550 4101 125.
603 4050 621 4079 ‘
646 4052 831 4103 Virtus
875 4068 1152 4105 numerosa
1191 4056 1383 4120 juvat:

319 4124 466 4175 Idem.
1124 4171 1129 4174 ,

380 4202 642 4254 Pecuniam
655 4204 935 4270 profudisti]
953 4207 1153 4259 Plinius
1169 4211 1382 4270 verbum

320 4275 338 4304 ⁸
353 4279 689 4341 profundere’
708 4282 792 4335 hic
809 4283 863 4335 in
882 4283 1034 4337 laude
1053 4286 1201 4352 ponit
1217 4302 1241 4351 ἱ
1267 4302 1385 4341 cum

2363 357 2499 442 ⁵75

1435 519 1561 576 alibi
1592 519 1923 584 prodigorum
1953 532 2070 568 esse
2103 516 2310 567 dicatur
2339 516 2357 544 ‘
2374 532 2500 582 pro-

1432 595 1673 648 fundere'
1712 605 1803 647 aut
1838 604 1855 627 ⁴
1879 594 2151 646 effundere
2187 591 2498 658 pecnniamss
2583 585 2590 590 ⁵

1435 674 1550 724 Cic.
1574 671 1684 724 Off.
1707 688 1776 725 n.
1802 676 1881 722 15.
1915 679 1930 702 ⁶
1954 670 2152 728 Multi:
2172 671 2356 736 inquit,
2382 674 2501 736 ‘paq

1436 750 1679 801 trimonia
1710 749 2007 801 effuderunt
2034 748 2321 798 inconsulte
2343 748 2501 810 largi·

1437 826 1608 877 endo.'
1671 829 1744 877 Et
1768 842 1812 878 c.
1834 830 1913 876 16.
1949 825 1964 853 ‘
1988 824 2224 887 Prodigi,
2249 823 2338 889 qui
2371 838 2504 887 epu—

1435 903 1520 959 lis,
1544 910 1598 954 et
1633 901 2077 957 viscerationibus,
2099 905 2155 950 et
2181 900 2505 964 gladiatoriis

1438 980 1753 1042 muneribus,
1788 979 2027 1028 ludorum
2066 978 2502 1041 venationumque

1437 1064 1717 1121 apparatu,
1744 1056 1989 1119 pecunias
2019 1052 2381 1118 profundunt,'
2400 1056 2501 1105 ὅτε.

1439 1134 1543 1185 Sed
1582 1137 1748 1184 utitur
1786 1134 1985 1204 Plinius
2019 1132 2174 1184 nihilo
2206 1132 2370 1184 minus
2395 1133 2510 1192 boe

1441 1212 1600 1261 verbo
1635 1211 1697 1260 ad
1738 1210 2152 1275 magnitudinem·
2176 1208 2504 1260 liberalitatis

1437 1288 1653 1352 Trajani
1695 1285 2117 1351 exprimendam3
2157 1286 2293 1336 haud
2331 1300 2505 1349 secus,

1440 1377 1503 1414 ac
1538 1364 1651 1413 Cic.
1682 1362 1914 1426 Philipp.
1938 1376 2025 1411 ιιι.
2047 1366 2097 1412 2.
2123 1362 2279 1411 verbo
2300 1369 2316 1393 ⁸
2340 1359 2507 1411 effun-

1361 1455 1367 1462 ‘
1437 1439 1598 1494 dere’
1631 1454 1752 1490 usus
1788 1447 1868 1489 est
1890 1439 1954 1489 ad
1984 1437 2404 1503 exaggerandam
2439 1438 2502 1489 C.

1443 1516 1569 1567 Oct.
1597 1516 1818 1568 Caesaris
1850 1514 2303 1580 magnificentiam.
2366 1515 2504 1566 Vide

1441 1592 1582 1720 1122?
1615 1594 1743 1647 obs.
1766 1602 1995 1645 nostram
2024 1592 2092 1643 ad
2116 1607 2236 1657 cap.
2259 1605 2436 1642 xxxv.
2456 1596 2512 1641 6.

1454 1791 1463 1796 -
1506 1704 1983 1816 Averteressdmam]
2013 1749 2179 1801 Notat
2199 1749 2284 1801 hie
2303 1717 2510 1800 Plinius

1443 1827 1657 1877 solenne
1700 1828 1975 1879 artificium
2019 1828 2270 1879 malorum
2315 1826 2509 1890 princi·-

1364 1933 1371 1942 .
1444 1918 1597 1968 pum,
1619 1906 1730 1970 qni,
1758 1906 2011 1957 variorum
2044 1904 2296 1954 scelerum
2335 1902 2511 1958 crimiff

1442 1995 1669 2047 numque
1707 1982 1808 2032 sibi
1851 1981 2064 2045 conscii,
2103 1980 2169 2030 ad
2213 1979 2508 2029 leniendam

1445 2059 1625 2123 populi
1649 2059 2074 2124 indignationem,
2092 2063 2182 2107 aut
2201 2056 2265 2107 ad
2290 2056 2510 2120 compri-

1444 2135 1682 2186 mendam
1704 2136 1962 2190 sinistram
1992 2133 2199 2192 famam,
2221 2133 2517 2183 identidem·

1447 2211 1808 2274 largitionibus
1855 2213 1935 2262 usi
1980 2218 2126 2262 sunt.
2206 2209 2518 2275 cujusmodi.

1447 2291 1686 2353 exempla
1711 2291 1817 2356 jam
1852 2290 1935 2340 alii
1968 2290 2208 2339 attulere.
2272 2287 2385 2338 Nos
2419 2301 2511 2338 aur

1446 2372 1554 2417 tem
1589 2366 1919 2417 observamus
1951 2366 2114 2415 varias
2136 2365 2383 2431 loquendi
2404 2363 2509 2415 for·

1447 2446 1632 2506 mulas,
1653 2459 1782 2509 quas
1805 2444 2006 2493 Plinius
2028 2441 2094 2491 ad
2116 2442 2249 2492 hanc
2281 2456 2390 2490 rem
2421 2455 2511 2491 ex.-

1450 2522 1767 2586 primendam
1802 2513 2029 2573 adhibet.
2094 2522 2328 2571 Primum
2361 2519 2520 2581 dicit,

1448 2599 1464 2626 ‘
1492 2600 1711 2663 pecunia
1741 2597 1949 2663 profusa
1969 2598 2161 2647 samam
2182 2604 2422 2647 avertere
2446 2595 2518 2645 ab

1449 2675 1795 2725 insectatione
1834 2673 2064 2739 flagitii3’
2113 2687 2250 2730 mox,
2291 2672 2517 2722 ‘tristes

1448 2752 1708 2801 hominum
1753 2746 2015 2801 sermones
2054 2750 2253 2798 laetiore
2297 2747 2516 2797 materia

1451 2828 1737 2891 detinere;'
1784 2827 1995 2885 deinde,
2028 2834 2043 2858 ‘
2065 2826 2338 2889 congiariis
2376 2825 2516 2874 redi·

1450 2919 1597 2974 mere
1630 2905 1834 2969 culpam
1861 2911 1916 2954 et
1942 2901 2351 2964 crudelitatem3’
2386 2909 2524 2959 tum,-

1452 2990 1468 3012 ‘
1493 2981 1828 3046 benefacere,
1863 2990 1949 3045 ut,
1978 2996 2093 3046 quae
2125 2981 2258 3030 male
2293 2977 2522 3043 feceras,
2571 2977 2574 2980 “

1452 3058 1663 3123 impune
1683 3056 1899 3108 fecisses
1916 3057 1949 3119 ;'
1982 3072 2088 3121 prae
2098 3066 2263 3119 terea,
2282 3056 2299 3084 ‘
2319 3056 2519 3120 impen-

1453 3134 1540 3185 dio
1577 3137 1778 3188 veniam
1809 3134 2080 3201 quaereuess
2100 3141 2190 3184 aut
2212 3141 2227 3163 ‘
2250 3145 2470 3183 exorare
2486 3131 2522 3194 ς’

1454 3213 1655 3270 adhaec,
1681 3214 1697 3241 ‘
1719 3214 2054 3279 congiarium,
2076 3211 2186 3261 sive
2218 3210 2427 3271 donum,
2449 3208 2528 3259 aff

1453 3289 1626 3339 odium
1648 3289 1726 3338 sui
1743 3289 2058 3349 leniendum,
2075 3285 2394 3337 tumentibus
2411 3286 2520 3349 ple·

1453 3364 1532 3416 bis
1571 3365 1753 3415 animis
1789 3363 2094 3431 obiectare?
2173 3363 2303 3415 Quae
2343 3377 2525 3412 omnes

1453 3440 1687 3494 formulae
1712 3443 1826 3494 fere
1856 3444 1994 3494 idem
2020 3440 2353 3507 significant-2.
2383 3440 2528 3490 unde

1453 3520 1515 3571 in
1532 3521 1652 3586 ipsa
1669 3520 1941 3571 brevitate⁴
1956 3520 2198 3570 Pliniana
2220 3517 2421 3582 copiam
2443 3516 2526 3565 di-

1454 3599 1611 3649 cendi
1655 3612 1919 3662 agnoscas.
2002 3597 2111 3647 Cic.
2148 3595 2301 3645 Verr.
2341 3607 2396 3642 v.
2439 3596 2526 3643 16.

1454 3675 1549 3733 ait,
1570 3676 1587 3703 ‘
1616 3675 1732 3726 Nou
1766 3675 1883 3725 ullis
1919 3683 2061 3724 recte
2091 3670 2266 3733 factis,
2296 3684 2396 3720 non
2429 3666 2528 3718 de*

1457 3752 1614 3815 nique
1649 3751 1822 3817 aliquo
1856 3750 2104 3801 mediocri
2134 3748 2287 3809 bono,
2309 3753 2385 3796 tot
2410 3753 2523 3796 tan-

1456 3834 1623 3894 taque
1650 3829 1764 3892 ejus
1797 3827 1924 3877 vitia
1944 3827 2214 3877 sublevata
2234 3837 2368 3887 esse,
2387 3823 2528 3872 exis-

1455 3903 1812 3956 timabuntur-³
1856 3904 2004 3954 Idem
2031 3903 2181 3952 Verr.
2204 3913 2259 3950 x.
2281 3905 2330 3949 9.
2355 3907 2370 3931 ‘
2389 3899 2530 3949 Haec:

1454 3995 1583 4032 uero
1604 3981 1737 4046 (tam
1761 3980 1951 4030 acerba
1972 3976 2150 4043 mala,)
2169 3991 2284 4043 quoe
2310 3976 2392 4025 vel
2418 3976 2526 4023 vita

1456 4057 1642 4108 redimi
1665 4063 1811 4106 recte
1834 4061 2069 4119 possunt,
2089 4055 2345 4103 aestimare
2370 4064 2525 4115 pecu⁴

1455 4136 1540 4186 nia
1573 4149 1676 4184 non
1709 4133 1886 4199 queo.’
1913 4155 1916 4160 ·
1955 4131 2105 4182 Idem
2137 4131 2290 4181 Verr.
2316 4141 2422 4179 vu.
2443 4131 2528 4176 ⁷8.

1457 4215 1478 4244 ‘
1499 4212 1821 4264 Avaritiaene
1844 4211 2053 4261 crimina
2075 4207 2386 4273 frugalitatis
2416 4205 2534 4254 lau-t

1460 4290 1611 4343 dibus
1632 4286 1998 4356 deprecetur?
2065 4287 2184 4341 Quo
2207 4282 2414 4348 verbo,‘
2438 4280 2527 4331 de·
