3017 4942
714 358 776 404 c.
823 356 1068 406 ammi
1117 355 1452 407 saeuum
1500 356 1777 407 nnnc.
1855 357 1906 405 1.
1947 342 2059 409 67.

270 498 463 549 civium
487 497 806 550 mentionem
826 500 1169 563 precessisse.
1191 501 1344 553 Idem.

249 620 254 626 .
334 577 443 624 »Ρνο
461 577 621 627 salute
639 577 929 642 principum]
966 579 1071 629 Pro
1103 580 1255 629 solute
1273 578 1342 627 ci·

267 653 417 704 oium.
503 654 694 717 Inepta
735 655 913 718 lectio,
958 653 1216 719 quomodo
1260 661 1343 704 est

271 738 453 781 tamen
477 731 535 781 in
558 733 621 782 C.
637 731 704 782 G.
724 733 789 781 R.
843 734 922 782 Tu
939 731 1167 783 fidenter
1187 747 1253 782 ex
1276 733 1344 781 V.

260 821 354 871 pro
384 809 551 858 salute
563 809 833 873 principuus
865 808 1115 859 rescribe.
1180 808 1343 858 Patet

269 885 337 934 de
377 887 731 945 correctione,
766 902 921 953 quam
960 886 1159 944 subdit,
1201 887 1344 947 immo

263 975 354 1024 pro
372 963 537 1012 adure
554 962 841 1026 principuus,
861 965 946 1026 ξε.
978 961 1148 1012 Livin-

334 1038 653 1105 Principum]
714 1039 924 1090 Civium.
992 1038 1084 1088 Ait
1139 1036 1343 1104 aliquis,

264 1115 511 1179 ineptam
552 1115 684 1166 banc
722 1116 993 1167 lectionem
1027 1130 1163 1173 esse,
1193 1124 1248 1165 et
1283 1115 1344 1165 fi-

266 1191 466 1242 denter
504 1193 892 1244 rescribendum
915 1193 1203 1258 principum.
1268 1190 1343 1242 At

265 1268 392 1319 mibi
416 1284 525 1320 non
549 1270 763 1333 probat:
801 1278 856 1320 et
872 1278 1002 1334 puto
1017 1270 1244 1319 Plinium
1265 1269 1342 1318 di·

269 1358 415 1407 cere,
451 1347 652 1410 antiqui
691 1347 918 1396 instituti
940 1345 1120 1408 fuisse,
1139 1352 1200 1395 ut
1220 1352 1345 1395 vota

265 1435 363 1484 pro
384 1422 612 1487 imperio
628 1431 685 1478 et
704 1424 903 1474 civibus
924 1426 1342 1487 susciperentur-3

261 1506 325 1548 ut
360 1514 508 1549 nunc
544 1514 640 1563 pro
674 1502 839 1551 salute
864 1501 1174 1564 principum.
1239 1501 1344 1550 Res

267 1589 397 1625 sene
435 1577 516 1626 ita
550 1575 670 1632 fuit,
701 1585 759 1627 et
791 1578 912 1627 olim
947 1579 1182 1627 consules
1221 1585 1345 1627 vota

259 1651 664 1715 nuncupabant,
699 1660 759 1702 nt
783 1653 959 1702 Livius
990 1654 1080 1703 lib.
1104 1642 1253 1704 xxu'.
1271 1653 1343 1703 de

266 1725 546 1779 Varrone:
591 1736 607 1759 ⁴
636 1730 950 1795 Capitolium
986 1738 1044 1781 et
1078 1732 1341 1782 solennem

197 1822 202 1828 ·
264 1808 517 1854 -votorum
590 1806 1029 1870 nuncupationem
1097 1804 1344 1871 fugisse.'

260 1880 411 1931 -Οιιίᾶ
452 1888 630 1932 antem
662 1882 756 1932 nisi
794 1897 890 1947 pro
913 1897 1025 1948 rep.
1045 1888 1103 1933 et
1122 1883 1341 1948 imperio

268 1955 324 2006 S.
344 1957 413 2006 Ρ.
434 1959 507 2011 Q.
528 1960 593 2009 R.
616 1960 635 2007 ἓ
667 1959 804 2023 Lips.

331 2033 646 2099 Principum]
697 2034 927 2099 Cori-igit
960 2034 1179 2098 dictum,
1220 2035 1342 2101 quia

242 2108 345 2173 ‚ini
372 2111 575 2174 priores
599 2112 665 2162 de
688 2127 780 2163 sua
812 2113 981 2162 salute
1010 2114 1341 2176 satagebant,

268 2188 440 2237 securi
467 2187 713 2252 publicoe.
747 2188 819 2239 Et
834 2189 1026 2254 alioqui
1046 2190 1205 2255 verba
1226 2190 1343 2254 ipsa

264 2273 422 2314 erant
445 2266 513 2314 de
540 2265 796 2330 principe.
860 2266 1029 2317 Tacit.
1051 2266 1237 2316 Annal.
1261 2279 1360 2325 tv.

267 2338 285 2366 ‘
303 2340 596 2392 Pontifices
615 2356 897 2409 eorumque
915 2343 1155 2407 exemplo
1179 2343 1342 2393 ceteri

268 2418 595 2481 sacerdotes,
657 2434 772 2470 cum
832 2434 927 2483 pro
980 2419 1342 2471 incolumitate

266 2495 530 2559 principis
564 2502 684 2546 vota
724 2495 1078 2559 susciperent.'
1145 2497 1340 2548 Paulus

266 2569 712 2623 Jurisconsultusz
748 2573 764 2601 ‘
788 2572 918 2622 Post
952 2572 1219 2623 Kalendas
1251 2573 1344 2626 Ja-

262 2648 510 2711 nitarias,·.
520 2648 605 2698 die
626 2648 802 2711 tertio,
827 2662 923 2712 pro
955 2650 1126 2699 salute
1151 2649 1342 2713 princi-

271 2721 352 2784 pis
398 2732 521 2774 vota
561 2723 944 2788 suscipiuntur.'
1029 2725 1230 2777 Plinius
1285 2728 1341 2776 in

274 2799 515 2864 Epistola
534 2802 927 2866 ad'Traffianume
953 2802 970 2831 ⁶
987 2803 1235 2853 solennia
1251 2817 1340 2852 vo-

273 2881 332 2925 ta
354 2892 451 2941 pro
473 2878 835 2928 incolumitate
873 2886 976 2935 tua,
1004 2893 1106 2944 qua
1129 2879 1341 2941 publica

274 2953 414 3003 salus
433 2956 756 3018 continetur,
791 2961 848 3004 et
880 2957 1215 3019 suscepimus,
1248 2955 1342 3006 do-

277 3030 435 3095 mine,
474 3037 532 3081 et
574 3032 772 3096 pariter
810 3030 1088 3082 solvimus:
1137 3035 1340 3095 precati

275 3105 444 3169 Deos,
467 3116 526 3159 ut
546 3109 704 3157 velint
727 3122 791 3158 ea
812 3122 1021 3173 semper
1036 3109 1187 3173 solvi,
1207 3123 1340 3161 scm-

276 3195 476 3249 perque
502 3182 722 3247 signari.’
754 3185 905 3235 Idem.

340 3259 493 3311 Immo
531 3276 618 3325 pro
656 3263 829 3326 solute]
862 3262 1031 3311 Immo
1068 3262 1350 3326 ‘Caligula

272 3347 373 3385 non
390 3336 548 3386 modo
566 3351 661 3401 pro
683 3351 741 3386 se
759 3352 822 3387 sc
838 3337 1121 3400 republica,
1136 3336 1230 3388 sed
1249 3352 1340 3401 pro

279 3413 383 3463 suis
406 3415 565 3464 etiam
586 3413 847 3464 sororibus
871 3413 1169 3463 annuatim.'
1232 3415 1340 3464 Dio

278 3487 365 3539 lib.
384 3503 550 3541 nvm-
582 3491 737 3540 Rern.

342 3566 445 3616 Pro
484 3566 681 3630 imperio
711 3564 897 3629 nostro]
930 3565 1199 3617 Gesnerns
1233 3581 1339 3617 ma·

268 3642 398 3691 ,νιιΙι
412 3645 608 3707 legere,
637 3657 728 3706 pro
748 3641 1032 3706 imperatore
1050 3649 1239 3702 nostr-05
1272 3644 1338 3695 ad

281 3715 413 3768 bunc
445 3718 585 3767 enim
626 3718 704 3767 ait
749 3718 1014 3781 pertinere
1047 3717 1341 3777 formulam,

281 3791 300 3820 ⁸
322 3794 535 3845 si·bcnc
551 3826 593 3844 ..
612 3827 627 3844 .
642 3794 876 3845 rexeris!
898 3812 901 3816 “
942 3796 1118 3845 Putat.
1138 3810 1344 3860 nempe,

283 3868 433 3922 facile
448 3879 574 3923 tunc
589 3886 818 3922 errorem
834 3873 1073 3923 accidere
1090 3874 1341 3939 potuisse,

282 3960 397 4000 cum
430 3949 569 4003 forte
611 3950 798 4016 aliquis
840 3965 951 4014 per
977 3954 1341 4016 compendium

282 4025 551 4088 scripserit
583 4025 708 4089 Imp.
749 4028 886 4077 alter
923 4034 1098 4079 autem
1135 4032 1343 4080 ultimas

275 4100 457 4154 »literas
475 4102 632 4166 huJus
654 4102 794 4153 vocis
821 4101 1105 4155 infeliciter
1132 4108 1344 4170 supple·

286 4168 457 4231 verit.
491 4177 667 4230 Testis
700 4185 784 4230 est
815 4176 1150 4245 Amtzemus,
1161 4194 1342 4248 quam

2346 341 2477 410 891
2547 286 2552 291 θ

1417 500 1494 553 vis
1538 501 1653 566 ipse
1692 501 1851 553 etiam
1897 501 2155 566 vulgatam
2198 500 2477 552 lectionem

1416 578 1592 628 Plinio
1613 579 1978 642 vindicaverit,
2009 578 2246 629 similiter
2267 578 2479 629 Perizo-

1415 654 1555 703 nium
1578 655 1788 718 legisse,
1807 670 1895 719 pro
1914 655 2221 719 Imperatore.
2273 653 2478 706 Admit-

1417 738 1582 780 terem
1606 741 1662 780 et
1685 746 1783 794 ego
1816 734 1951 782 lianc
1985 732 2280 790 lectionem,
2312 732 2355 782 si
2384 732 2478 798 qui

1415 807 1531 857 libri
1576 814 1901 870 annuerent;
1954 808 2079 859 alias
2116 823 2220 859 non
2259 822 2479 863 necesse

1415 889 1519 944 est,
1541 891 1600 933 nt
1622 883 1687 934 de
1705 885 1991 935 mutatione
2005 885 2315 950 cogitemus.
2374 886 2480 936 Pr·

1414 959 1609 1024 imperio
1642 961 1882 1023 nostro,i.
1905 974 1954 1010 e.
1989 976 2087 1026 pro
2125 961 2345 1025 imperio
2370 960 2481 1013 Ro-

1414 1051 1587 1086 mano.
1651 1037 1867 1089 Poterat
1891 1039 2046 1089 etiam
2076 1045 2301 1091 senator
2308 1039 2385 1091 ita
2404 1040 2482 1089 lo-

1414 1114 1522 1178 qui,
1548 1121 1607 1164 ut
1637 1129 1703 1163 ne
1726 1121 1898 1165 tamen
1926 1116 2026 1165 sibi
2056 1115 2398 1179 senatuique
2384 1112 2481 1166 ιἰιι·

1415 1192 1618 1255 perium
1638 1193 1864 1242 tribuere
1881 1193 2163 1243 videretur.
2230 1192 2316 1241 Sic
2341 1191 2481 1242 idem

1414 1269 1618 1319 Plinius
1648 1278 1843 1330 noster,
1865 1270 1960 1320 sub
1982 1270 2187 1320 initium
2207 1268 2357 1334 hujus
2374 1269 2481 1319 Pa-

1415 1359 1538 1408 neg.
1569 1359 1612 1396 1.
1644 1350 1694 1396 6.
1729 1347 1747 1374 ‘
1767 1344 1963 1410 Aptum
2002 1345 2249 1410 piumque
2281 1351 2384 1408 est,
2405 1352 2482 1403 te,

1415 1421 1630 1484 Jupiter
1649 1422 1848 1485 optime
1866 1422 2109 1484 maxime,
2129 1426 2286 1472 antea
2305 1421 2483 1472 condi·

1418 1505 1602 1556 torem,
1639 1510 1777 1550 nunc
1815 1505 2231 1549 conservatorem
2274 1497 2484 1561 imperii

1415 1577 1598 1633 nostri,
1624 1575 1863 1640 precari.’
1917 1588 2036 1625 xvt.
2057 1578 2108 1624 4.
2157 1575 2176 1604 ⁸
2201 1576 2482 1624 contemta

1416 1654 1619 1718 imperii
1640 1654 1806 1703 nostri
1830 1652 2021 1704 t'a‘ctum
2044 1659 2149 1717 est,
2163 1659 2224 1701 ut
2245 1650 2480 1700 vincere-

1414 1730 1564 1782 mus?
1629 1733 1703 1781 Et
1746 1731 1870 1780 alibi
1916 1730 2124 1793 passim.
2188 1727 2311 1778 Huc
2352 1740 2480 1779 sane

1414 1808 1647 1873 pertinet
1677 1806 1899 1857 formula
1924 1807 2043 1865 ista,
2067 1807 2083 1834 ‘
2102 1805 2162 1855 Si
2191 1803 2324 1854 bene
2345 1818 2480 1854 rem-

1417 1886 1675 1949 publicam
1696 1893 1753 1934 et
1775 1899 1840 1934 ex
1857 1885 2088 1933 utilitate
2104 1881 2350 1936 omnium,
2364 1892 2478 1930 rex-

1413 1962 1552 2014 eris-⁸
1615 1963 1824 2026 Nempe
1847 1961 2053 2011 Plinius
2073 1957 2370 2024 significare
2392 1971 2482 2007 vo·

1415 2039 1532 2102 luit,
1570 2053 1687 2088 cnm
1709 2038 1965 2102 Trajanus
1983 2035 2218 2100 jusserit,
2236 2041 2362 2086 vota
2384 2047 2481 2097 pro

1414 2129 1472 2165 se
1496 2129 1600 2164 nou
1631 2115 1730 2164 nisi
1767 2129 1880 2164 cum
1919 2113 2220 2164 conditione
2253 2109 2368 2161 fieri
2390 2110 2481 2160 de·

1411 2191 1565 2255 bere,
1595 2192 1611 2220 ‘
1647 2192 1689 2239 si
1728 2188 1861 2240 bene
1905 2188 2297 2254 rempublicam,
2334 2186 2378 2236 si
2412 2199 2483 2236 ex

1416 2268 1647 2318 utilitate
1678 2268 1924 2329 omnium,
1961 2263 2219 2327 rexerit3’
2266 2279 2331 2314 eo
2365 2263 2483 2327 ipso

1417 2353 1541 2396 vota
1564 2346 1652 2394 illa
1677 2346 1835 2408 magis
1852 2345 2072 2394 salutem
2086 2342 2313 2408 imperii,
2326 2354 2485 2405 quam

1416 2422 1760 2486 imperatoris,
1796 2421 2090 2484 respicere;
2121 2433 2239 2469 cum
2270 2418 2348 2467 sic
2381 2416 2480 2467 snb

1416 2501 1586 2549 salute
1621 2499 1827 2563 imperii
1855 2493 2383 2560 comprehenderetur
2401 2506 2484 2542 sa·

1411 2577 1494 2626 lus
1519 2575 1785 2638 principis.
1850 2573 1967 2622 Etsi
2005 2585 2130 2621 vero
2159 2575 2285 2620 tunc
2307 2582 2370 2618 ea
2392 2581 2483 2617 vo-

1416 2659 1472 2702 ta
1506 2652 1604 2714 sic,
1638 2650 1716 2701 nti
1762 2648 1968 2700 Plinius
2010 2645 2189 2702 tradit,
2224 2650 2482 2707 concepta

1415 2728 1575 2778 fnisse
1610 2725 1903 2789 credamus,
1934 2731 2091 2788 atque
2130 2719 2484 2784 recordemur,
2572 2715 2578 2721 ’

1411 2807 1631 2856 Sueten.
1667 2817 1791 2867 cap.
1813 2806 1896 2853 37.
1932 2798 2128 2851 Neroni
2165 2798 2222 2849 in
2252 2796 2481 2851 deterio-

1416 2897 1525 2931 rem
1551 2887 1753 2946 partem
1773 2880 2176 2942 interpretatum
2196 2888 2332 2936 esse,
2345 2871 2483 2945 quod

1416 2960 1459 3009 is
1480 2959 1535 3008 in
1561 2955 1877 3022 auspicando
1901 2969 2061 3018 opere
2089 2952 2258 3004 isthmi
2280 2950 2481 3015 optarit

1415 3037 1432 3064 ⁸
1457 3044 1515 3085 ut
1538 3034 1637 3084 sibi
1662 3049 1725 3084 ac
1749 3032 1941 3096 populo
1975 3032 2206 3081 Romano
2240 3029 2373 3079 bene
2396 3040 2480 3076 res

1417 3110 1687 3172 verteret,’
1720 3108 2041 3158 dissimulata
2061 3113 2272 3156 senatus
2293 3103 2484 3153 menti·

1417 3203 1549 3249 one;
1583 3188 1741 3237 nihilo
1775 3187 1946 3236 minus
1969 3192 2145 3234 tamen
2169 3183 2252 3233 vel
2281 3183 2346 3231 ex'
2369 3181 2481 3244 ipso

1415 3263 1592 3314 Plinio
1609 3261 1962 3327 intelligimus,
1977 3274 2226 3310 summam
2244 3265 2483 3307 votorum

1418 3341 1759 3405 publicorum,
1794 3352 1911 3402 quse
1951 3335 2053 3386 alia
2088 3335 2364 3385 occasione
2382 3330 2482 3381 sub

1416 3415 1518 3465 hoc
1533 3416 1599 3464 im
1607 3419 1842 3479 peratore
1855 3418 2151 3474 nuncupata
2167 3417 2307 3473 sunt,
2321 3407 2482 3458 fuisse

1415 3505 1586 3555 teque,
1603 3505 1663 3539 ac
1681 3489 1776 3537 sub
1799 3488 1914 3537 aliis
1934 3485 2357 3549 imperatoribus,
2370 3484 2389 3513 ⁸
2405 3496 2484 3532 sa-

1415 3567 1576 3616 lutem
1614 3563 1868 3628 principis
1886 3578 1902 3623 3
1919 3562 1933 3584 ’
1967 3577 2015 3611 v.
2038 3576 2088 3624 g.
2112 3574 2288 3623 supra,
2309 3570 2484 3609 xxut.

1416 3648 1465 3692 ⁶.
1518 3649 1532 3671 ⁶
1558 3642 1632 3691 Ut
1662 3642 1711 3688 in
1742 3639 1892 3688 nnius
1915 3638 2131 3686 salutem
2155 3636 2483 3686 collata-om-

1414 3718 1556 3766 nium
1580 3724 1734 3776 vota;
1758 3729 1883 3763 cum
1907 3712 2004 3762 sibi
2023 3725 2081 3761 se
2101 3725 2162 3760 ac
2180 3710 2356 3761 liberis
2375 3709 2483 3761 suia

1414 3792 1773 3853 intelligerent
1797 3787 2021 3852 precari,
2040 3800 2153 3850 quae
2175 3799 2270 3849 pro
2295 3792 2346 3834 te
2361 3799 2484 3850 pre-

1416 3879 1684 3923 curentur.
1687 3869 1702 3891 ’
1757 3866 1923 3922 Infra,
1945 3878 2100 3915 xciv.
2120 3868 2171 3914 2.
2207 3864 2480 3933 ‘Simplex

1415 3955 1710 4011 cunctaque
1733 3947 1832 3994 ista
1856 3944 2183 4006 complexum
2202 3956 2358 3992 unum
2373 3956 2482 3992 om·

1416 4027 1558 4076 nium
1614 4030 1790 4072 votum
1845 4027 1948 4082 est,
2001 4020 2136 4069 salus
2184 4018 2483 4107 principis!

1417 4104 1590 4169 Epist.
1613 4114 1667 4151 x.
1691 4102 1804 4147 101.
1854 4097 1872 4126 ‘
1897 4097 2059 4159 Vota,
2079 4095 2307 4157 domine,
2341 4096 2480 4158 prio-

1417 4193 1528 4230 rum
1565 4189 1827 4237 annorum,
1840 4178 2140 4239 nuncupata
2168 4172 2364 4224 alacres
2391 4172 2481 4223 lm·
