3017 4942
763 399 865 455 c.
914 404 1159 455 enum
1210 397 1547 456 securim
1597 407 1874 459 Panae.
1952 410 1999 455 ι.
2044 396 2155 462 90.

366 550 590 604 constat,
624 547 794 600 adbuc
829 549 1071 600 Pliniano
1110 564 1242 609 aevo,
1275 551 1434 602 ‘con-

363 624 531 673 sules'
570 632 624 674 et
666 624 1009 688 ‘senatores,’
1042 626 1193 691 quasi
1236 627 1434 678 solenni

366 700 539 764 titulo,
568 701 860 766 appellatos
893 715 1009 751 esse
1046 700 1063 728 ‘
1086 702 1223 751 viros
1258 703 1434 753 claris-

364 777 570 829 simos.'
637 778 793 829 Unde
834 779 971 829 Plin.
1010 778 1184 842 Epist.
1219 793 1318 847 Vl!-
1351 785 1435 831 82.

363 854 637 913 ‘Vereor-,⁹
672 856 864 921 inquit,
898 857 914 884 ‘
935 856 1208 905 clarissimi
1251 871 1436 908 consu·

362 931 541 994 les,ne
573 932 698 982 mibi
734 933 915 983 Massa
948 934 1432 997 praevaricationem

364 1006 658 1071 objecerit!
728 1009 877 1059 Idem
913 1010 1081 1072 Epist.
1107 1024 1162 1061 x.
1181 1016 1257 1061 69.
1285 1014 1301 1042 ‘
1322 1014 1433 1076 Ego

360 1083 572 1135 interim
598 1087 882 1149 Calpurnio
916 1087 1119 1145 Macro,
1147 1089 1434 1139 clarissimo

362 1162 494 1218 viro,
527 1163 749 1227 scripsi.'
814 1164 884 1215 Et
919 1158 1184 1230 Lampridl
1207 1181 1328 1231 cap.
1349 1171 1433 1219 21.

363 1244 609 1300 testatur,
654 1242 821 1292 adhuc
872 1242 1223 1292 Alexandrum
1279 1246 1433 1294 Seve-

363 1327 477 1364 rum
524 1315 789 1380 proefectis
832 1320 1080 1382 praetorio
1117 1323 1433 1372 senatoriam

361 1392 629 1445 addidisse
658 1396 991 1463 dignitatem,
1014 1409 1072 1449 ut
1107 1407 1122 1428 ‘
1140 1402 1234 1449 viri
1258 1404 1433 1454 claris·

360 1469 477 1518 simi
498 1477 694 1527 essent,
716 1482 771 1522 et
796 1475 1136 1525 dicerentur.'
1166 1476 1408 1528 Schwen-

430 1547 547 1597 Non
579 1548 760 1612 minus]
807 1550 1078 1601 Particula
1118 1567 1212 1601 non
1248 1569 1435 1618 perpe-

365 1635 475 1671 ram
512 1624 699 1673 omissa
739 1634 822 1675 est
868 1627 918 1676 in
957 1628 1140 1678 codice
1176 1630 1436 1681 Vaticano

366 1701 513 1748 1475.
532 1705 586 1749 et
611 1700 662 1749 in
685 1700 963 1752 Patavino.
1013 1705 1211 1756 Noster
1225 1722 1435 1773 quoque

364 1774 557 1836 codex,
580 1778 632 1826 in
658 1779 831 1828 verbis
854 1782 1197 1844 sequentibus
1223 1784 1370 1848 ‘qnae
1394 1785 1437 1834 si

365 1853 609 1917 tantum‚'
644 1869 739 1918 pro
763 1861 970 1921 tantam,
999 1861 1134 1910 male
1159 1861 1339 1911 retulit
1360 1867 1434 1911 ta-

362 1945 491 1982 men.
527 1931 699 1983 Idem.
807 1996 810 2001 μ

435 2008 726 2072 Concordia]
766 2009 1031 2072 Amicitia,
1052 2026 1144 2061 sen
1179 2015 1434 2065 societate

363 2086 582 2138 aliarum
628 2088 971 2153 dignitatum
1026 2089 1241 2143 fuerunt
1294 2095 1433 2144 enim

363 2163 581 2227 collegae
607 2164 769 2214 etiam
803 2165 856 2223 in
893 2167 1216 2230 praefectura
1247 2171 1433 2220 aerarii.

364 2241 570 2292 Noster
600 2243 771 2307 Epist.
796 2258 868 2294 ιν.
892 2249 974 2297 16.
1006 2253 1063 2296 et
1086 2260 1139 2295 v.
1164 2252 1244 2297 15.
1279 2248 1434 2298 Pata-

360 2319 451 2369 rol.

430 2392 547 2457 Ille]
582 2395 925 2447 Domitianus.
959 2397 1128 2448 Livia.

429 2468 524 2520 Ille
554 2472 721 2534 optimi
753 2473 975 2538 annsqne
1006 2475 1234 2537 spoliator
1254 2481 1303 2526 et
1328 2492 1434 2528 aar·

363 2548 527 2612 nifex]
564 2549 699 2600 Haec
731 2551 905 2613 gravis
941 2558 1021 2601 est
1048 2550 1347 2616 παράφρασις
1378 2563 1436 2604 et

364 2623 651 2689 descriptio
685 2627 993 2692 Domitiani,
1013 2631 1118 2695 qni.
1145 2637 1283 2681 teste
1305 2633 1434 2682 Sne·

366 2701 529 2764 tonio‚
556 2703 609 2752 in
630 2702 737 2752 vita
761 2703 896 2767 ejus,
920 2719 1039 2770 cap.
1055 2710 1104 2756 9.
1129 2708 1145 2735 ‘
1164 2708 1434 2771 aliquanto

365 2779 586 2829 celerius
620 2779 687 2828 ad
721 2782 1000 2844 saevitiarn‚
1021 2799 1173 2847 qnam
1199 2785 1262 2835 ad
1288 2789 1435 2851 cupi·

365 2853 607 2913 ditatem,
639 2856 892 2908 descivit!
960 2861 1030 2928 Et
1057 2861 1229 2913 Tacit.
1257 2863 1438 2927 Agric-

363 2944 482 2994 cap.
503 2935 586 2982 44.
615 2932 880 2996 Agricola,
912 2934 1102 3000 inquit,
1134 2945 1149 2966 ‘
1170 2937 1436 2990 festinatae

341 3009 543 3059 'mortis
567 3011 764 3073 grande
787 3012 1032 3062 solatium
1055 3014 1190 3071 tulit,
1208 3017 1434 3066 evasisse

366 3092 683 3150 postremum
719 3088 846 3138 illud
873 3095 1098 3152 tempus,
1120 3107 1223 3156 quo
1253 3094 1437 3143 Domi·

366 3163 540 3212 tianus
561 3177 663 3212 non
687 3164 799 3227 jam
830 3179 927 3227 per
945 3166 1220 3217 intervalla
1247 3184 1308 3218 ac
1330 3171 1435 3234 spi-

364 3246 602 3289 ramenta
633 3246 947 3303 temporum,
974 3242 1063 3290 sed
1100 3245 1344 3307 continuo
1377 3253 1436 3313 et

365 3316 636 3379 velutuno
659 3317 766 3366 ictu
803 3331 913 3366 rem
947 3318 1206 3380 publicam
1241 3323 1435 3372 exhau-

362 3391 454 3443 sit.
533 3392 654 3442 Non
699 3393 830 3443 vidit
874 3392 1122 3458 Agricola
1173 3397 1434 3449 obsessam

365 3468 585 3531 curiam,
619 3476 675 3518 et
710 3471 943 3519 clausum
984 3471 1139 3525 armis
1175 3483 1435 3531 senatum,

362 3551 421 3595 et
443 3545 626 3595 eadem
650 3552 825 3610 strage
850 3553 931 3597 tot
960 3550 1307 3600 consularium
1333 3566 1438 3601 cae·

366 3619 486 3683 des,
525 3627 608 3671 tot
654 3622 1087 3673 nobilissimarum
1130 3624 1438 3676 feminarum

366 3699 552 3748 exsilia
603 3706 658 3749 et
711 3699 881 3764 fugas.
903 3699 920 3721 ’
994 3702 1199 3752 Plinius
1242 3711 1441 3765 noster,

363 3767 541 3838 Epist.
574 3789 665 3825 ιιι.
694 3779 775 3825 11.
806 3784 821 3806 ‘
840 3775 1081 3828 Ardebat
1114 3780 1438 3832 Domitianus

364 3856 425 3901 et
461 3852 810 3907 crudelitatis,
851 3860 907 3903 et
950 3854 1263 3919 iniquitatis,
1306 3854 1439 3905 infa-

364 3927 508 3978 mia.’
546 3928 785 3980 Schwnrz.

443 4004 710 4066 Stragibus
746 4005 1029 4071 amicorum]
1097 4008 1435 4064 Senecionem

363 4081 635 4143 intelligit,
676 4081 966 4139 Rusticum,
1007 4082 1438 4149 Helvidinmque,

366 4157 457 4223 qni
481 4157 638 4211 occisi
654 4175 671 4219 ς
704 4158 1015 4214 Mauricum.
1033 4159 1326 4219 Gratillam,
1345 4164 1437 4211 Ar·

365 4233 520 4294 riam,
542 4234 891 4306 et‘Fanniam‚
907 4235 997 4300 qui
1021 4236 1262 4302 relegati.
1300 4239 1437 4288 Vide

243 4342 250 4345 -
366 4310 511 4361 Plin.
535 4311 705 4377 Epist·
728 4325 814 4363 ιιι.
835 4316 918 4363 11.
957 4313 1108 4367 Idem.

2396 397 2574 464 1069

1577 553 1840 616 Sti-agionis
1854 553 2138 617 annom-i]
2172 553 2275 605 Adi
2297 553 2573 619 epistolam
2667 621 2683 637 ο

1508 630 1743 694 ejusdem
1767 645 1852 682 ιιι.
1878 636 1959 681 11.
1991 632 2152 681 Livia.

1575 706 1873 770 Amicorum]
1928 708 2174 765 Helvidii,
2215 708 2439 771 Rustici,
2481 709 2574 760 Se-

1509 784 1765 849 necionis,
1805 787 2045 842 Maurici,
2081 786 2324 849 plurium,
2359 802 2486 851 quos
2520 787 2573 837 in

1505 863 1746 925 epistolis
1767 864 1883 928 ipse
1899 863 2151 926 nominat,
2168 878 2328 915 caesos
2347 872 2438 917 aut
2463 865 2576 929 pul-

1508 951 1593 987 sos
1616 953 1646 986 a
1668 939 1989 990 Domitiano.
2023 939 2159 1003 Lips.
2346 998 2350 1003 ,

1572 1016 1719 1065 Jaoto
1740 1015 1974 1079 suintino]
2008 1016 2131 1080 Ipse
2155 1017 2207 1066 in
2231 1017 2462 1080 epistolis
2488 1032 2575 1080 pa-

1508 1090 1664 1140 riter:
1704 1093 1838 1142 ‘Tot
1869 1092 2010 1141 circa
2050 1107 2132 1142 me
2158 1092 2319 1156 jactis
2352 1092 2575 1144 fulmini-

1508 1163 1779 1232 bns'quasi
1804 1169 2084 1229 ambustus,
2104 1170 2230 1220 mihi
2254 1185 2458 1234 qnoque
2484 1173 2577 1221 im-

1508 1245 1738 1308 pendere
1768 1245 1906 1295 idem
1939 1247 2152 1295 exitium
2187 1247 2346 1297 certis
2368 1249 2575 1313 quibus-

1508 1321 1628 1383 dam
1654 1321 1792 1370 notis
1818 1321 2144 1383 auguraban'
2176 1323 2328 1373 Idem.

1574 1399 1716 1446 Jacto
1747 1395 1958 1457 fulmine
1999 1397 2273 1463 afflaverat]
2330 1399 2417 1449 Sic
2461 1397 2574 1449 fere

1507 1473 1715 1525 Plinius
1748 1475 1905 1523 etiam
1939 1474 2168 1537 loquitur
2190 1475 2359 1535 Epist.
2385 1489 2475 1524 ιιι.
2499 1480 2580 1526 11.

1513 1550 1642 1599 ‘Tot
1664 1549 1805 1599 circa
1827 1564 1909 1600 me
1924 1548 2085 1612 jactis
2109 1547 2406 1599 fulminibus
2428 1552 2574 1614 quasi

1511 1626 1796 1688 ambustus,
1846 1626 1971 1676 milri
2014 1640 2218 1692 quoque
2274 1626 2575 1690 impendere

1513 1702 1649 1752 idem
1675 1703 2085 1764 exitium,certis
2109 1701 2414 1765 quibusdam
2436 1703 2575 1753 notis

1512 1778 1837 1843 augurabsr:
1883 1778 2000 1827 Hac
2017 1777 2320 1842 metaphora
2337 1778 2576 1844 frequen-

1511 1863 1597 1907 ter
1634 1864 1850 1907 utuntur
1887 1863 2144 1906 auctores.
2213 1857 2371 1907 Ovid.
2416 1859 2578 1911 Trist.

1511 1947 1550 1982 1.
1575 1936 1622 1985 1.
1644 1937 1727 1983 87.
1751 1935 1767 1963 ‘
1784 1933 2020 1984 venitin
2055 1933 2152 1984 boc
2179 1934 2270 1984 illa
2291 1934 2486 1984 fulmen
2509 1935 2576 1985 ab
2666 1975 2673 1981 .

1513 2024 1634 2060 arce
1675 2017 1837 2074 caput
1861 2009 1897 2061 ε’
1937 2010 2047 2066 ubi,
2102 2017 2317 2060 notante
2353 2010 2577 2067 Bandio,

1509 2091 1527 2115 ‘
1542 2083 1790 2137 fulmina'
1818 2095 2070 2138 vocantur
2105 2087 2575 2141 animadversiones

1509 2169 1568 2214 et
1582 2179 1750 2229 poenae
1768 2179 2071 2229 magnarum
2087 2172 2423 2228 potestatum,
2439 2165 2577 2230 qnod

1511 2241 1616 2291 late
1653 2249 1875 2304 terrent,
1896 2249 2208 2308 nocentque.
2273 2242 2427 2293 ‘Tria
2456 2249 2580 2293 sunt

1493 2315 1783 2366 „fulminum
1818 2321 2051 2381 genera,’
2072 2323 2131 2367 ut
2160 2319 2367 2369 Servius
2399 2318 2477 2368 ait
2510 2317 2578 2369 ad

1508 2392 1693 2456 Virgil.
1716 2394 1831 2443 AEn.
1853 2407 1920 2445 ιι.
1943 2399 2060 2444 649.
2092 2401 2107 2424 ‘
2126 2402 2230 2456 est,
2256 2395 2392 2460 qnod
2416 2393 2576 2451 afflat,

1508 2469 1648 2532 quod
1684 2470 1939 2531 incendit,
1974 2470 2110 2534 quod
2147 2470 2336 2522 findit:
2403 2473 2576 2522 Etiam

1512 2546 1828 2611 Gronovius,
1850 2562 2002 2612 quem
2016 2548 2128 2610 jam
2149 2550 2331 2599 citavit
2356 2547 2578 2599 Arntze-

1508 2625 1648 2684 nius,
1670 2624 1900 2674 Diataib.
1932 2624 1985 2673 in
2018 2624 2154 2676 Stat.
2191 2639 2239 2673 c.
2262 2628 2344 2674 33.
2376 2624 2577 2686 docuit,

1495 2699 1915 2763 damnationem,
1934 2703 2044 2751 sive
2069 2701 2306 2750 exsilium
2333 2702 2439 2764 illa,
2467 2702 2578 2752 sive

1509 2791 1716 2839 poenam
1772 2778 1978 2841 capitis,
2028 2779 2341 2841 respexerit,
2385 2780 2577 2841 passim

1499 2854 1763 2916 „appellari
1798 2853 2064 2905 ‘fulmem’
2128 2854 2229 2903 Sed
2269 2863 2327 2905 et
2359 2856 2576 2906 verbum

1511 2933 1526 2962 ‘
1547 2929 1723 2980 afflare
1739 2929 1880 2981 'non
1902 2946 2023 2981 raro
2044 2931 2236 2982 dicitur
2261 2933 2327 2982 de
2350 2930 2579 2982 fulmini-

1508 3007 1623 3058 bus.
1691 3009 1905 3059 Sueton.
1925 3008 2045 3061 Tib.
2063 3024 2112 3060 c.
2129 3014 2212 3060 69.
2235 3017 2250 3038 ‘
2266 3009 2577 3061 Turbatiore

1508 3086 1643 3134 coelo
1666 3100 1921 3151 nunquam
1943 3100 2046 3135 non
2079 3087 2310 3136 lauream
2333 3088 2579 3152 gestavit,

1511 3162 1648 3226 quod
1673 3162 1882 3212 fulmine
1904 3160 2068 3212 afflari
2093 3169 2314 3226 negetur
2341 3163 2390 3215 id
2414 3178 2579 3228 genus

1509 3238 1730 3288 frondis.
1751 3236 1766 3259 '
1833 3239 2020 3301 Vir-gil.
2054 3237 2172 3287 AEn.
2207 3251 2271 3287 ιι.
2303 3243 2419 3289 649.
2453 3240 2579 3289 ‘Me

1509 3315 1697 3364 Divom
1723 3324 1874 3383 pater
1893 3325 2047 3380 atque
2069 3317 2328 3366 bominum
2349 3331 2440 3369 rex
2463 3317 2583 3369 Ful·

1512 3391 1663 3443 minis
1687 3389 1884 3447 afflavit
1910 3393 2098 3456 ventis,
2121 3400 2176 3444 et
2197 3395 2421 3456 contigit
2440 3392 2584 3457 igni.’

1516 3468 1638 3518 Non
1693 3470 1830 3518 enim
1877 3469 2145 3533 jaciuntur
2201 3469 2438 3528 fulmina,
2486 3470 2587 3521 nisi

1512 3559 1632 3595 cum
1654 3543 1781 3594 flatu
1802 3554 2095 3594 ventorum.
2144 3546 2304 3596 Ovid.
2320 3560 2384 3594 ex
2406 3547 2580 3597 Ponto

1514 3634 1602 3670 ιιι.
1636 3624 1686 3669 6.
1726 3623 1743 3650 ‘
1771 3621 2023 3670 Fulminis
2069 3620 2273 3671 afflatos
2318 3624 2580 3673 interdum

1515 3697 1691 3747 vivere
1730 3699 1846 3746 telis
1873 3696 2148 3746 Vidimus.'
2216 3699 2423 3763 Itaque,
2445 3701 2580 3765 affla-

1512 3779 1665 3836 oerat,
1690 3776 1992 3837 explicante
2017 3776 2287 3832 Catanaeo,
2310 3783 2411 3838 est,
2436 3775 2578 3826 flam-

1515 3865 1601 3899 ma
1632 3852 1948 3912 strinxerat3
1985 3851 2122 3914 quia,
2147 3853 2231 3914 qui
2257 3850 2472 3902 fulmine
2506 3851 2583 3902 af-

1511 3925 1724 3992 flantur,
1769 3942 1869 3977 non
1915 3928 2055 3977 illico
2099 3924 2357 3977 feriuntur
2378 3946 2393 3992 ;
2442 3929 2579 3991 quod

1513 4004 1879 4067 Berneggerus'
1916 4018 1982 4054 ex
2019 4004 2357 4054 Freinshemii
2395 4005 2584 4060 Indice
2685 4070 2688 4072 v

1513 4081 1577 4129 ad
1603 4081 1809 4131 Florum
1830 4080 2219 4130 animadvertit.
2252 4080 2494 4133 Schwarz.

1564 4157 1855 4224 Afflavernt]
1889 4157 1971 4207 Ad
1992 4157 2212 4208 eundem
2233 4173 2440 4209 sensnm
2462 4161 2581 4213 Flo-

1514 4248 1599 4284 rus
1639 4249 1727 4284 nr.
1766 4239 1820 4286 9.
1852 4238 1868 4266 ‘
1895 4234 2104 4284 Italiam
2140 4233 2274 4298 jam,
2312 4235 2579 4300 ipsamque

1513 4311 1693 4363 urbem
1738 4312 1976 4367 Romam,
2013 4311 2186 4376 regius
2229 4319 2399 4363 terror
2436 4311 2576 4364 affla-
