3017 4942
439 430 572 498 530

450 593 539 643 tiri
586 605 793 656 possum
830 591 1085 650 Livineio,
1140 592 1293 657 cujus
1337 585 1520 653 verba,

448 671 466 697 ⁴
494 669 659 733 Capio
690 668 757 718 de
798 669 1061 733 gradibus,
1097 670 1184 735 qui
1220 671 1274 718 in
1311 681 1519 734 quaque

448 747 593 802 urbis
615 747 821 811 regione
838 746 903 797 ad
925 762 1068 796 usum
1091 746 1351 811 publicum
1376 759 1518 797 ert-c·

449 824 512 882 ti,
558 823 776 888 panibus
820 824 872 873 in
930 824 1140 888 plebem
1187 819 1523 873 dividundis?

453 902 675 951 Patarol.

517 979 654 1029 cn.
678 987 856 1027 xxm.
893 976 1089 1040 Oscula]
1115 975 1317 1027 Amoris
1343 977 1516 1041 signo:

455 1064 638 1105 contra
660 1055 725 1103 ab
751 1055 851 1105 illis
886 1055 1089 1103 humani
1127 1053 1329 1116 generis
1361 1054 1518 1103 hosti-

453 1132 552 1181 bus
577 1132 890 1196 praestitum,
915 1131 1059 1193 Caio,
1084 1131 1318 1194 Nerone,
1344 1129 1521 1179 Domi-

455 1210 616 1266 tiano,
660 1215 720 1259 ut
767 1208 948 1258 videre
988 1217 1072 1258 est
1119 1207 1257 1273 apud
1303 1208 1521 1258 sueton.

459 1287 614 1337 Idem.

527 1363 702 1413 Oscula
727 1361 991 1428 exciperes]
1022 1362 1187 1413 Moris
1209 1357 1418 1426 quidem
1445 1363 1518 1413 in·

462 1449 545 1492 ter
588 1443 779 1491 amicos
817 1449 873 1490 et
915 1442 1053 1504 paris
1098 1443 1250 1489 sorti's
1287 1439 1521 1490 homines

457 1519 575 1577 fuit,
600 1526 655 1567 ut
691 1520 827 1568 inter
859 1520 1231 1569 occurrendum
1267 1519 1443 1567 osculo
1466 1533 1523 1568 se

458 1599 766 1657 salutarent,
806 1598 881 1646 ita
917 1597 1146 1662 quidem,
1186 1604 1243 1646 ut
1289 1596 1525 1659 inprimis

459 1675 742 1739 digressuri
776 1675 996 1724 invicem
1022 1675 1219 1730 osculo,
1240 1674 1385 1739 qnasi
1410 1675 1524 1723 vale

459 1753 715 1816 dicerent,
754 1760 807 1802 et
840 1767 1062 1818 peregre
1102 1752 1298 1801 reversi
1334 1749 1525 1801 osculis

440 1821 848 1894 exciperentur.
916 1829 1052 1880 Vide
1079 1829 1309 1879 Martial.
1340 1842 1417 1878 xi.
1438 1832 1522 1879 98.

460 1916 523 1958 et
554 1909 741 1958 Horat.
766 1922 802 1958 ι.
839 1907 943 1958 od.
967 1912 1049 1956 36.
1081 1915 1135 1957 et
1173 1905 1330 1957 Ovid.
1354 1908 1527 1970 Epist.

462 1995 630 2035 xvm.
678 1988 793 2035 100.
858 1973 1012 2034 Unde
1051 1984 1208 2032 etiam
1242 1983 1524 2046 Trajanus,

459 2075 579 2112 cum
602 2063 805 2126 legatus
841 2060 1265 2125 proficisceretur
1302 2062 1353 2110 in
1388 2060 1524 2110 Ger-

458 2139 700 2200 maniam,
723 2145 968 2203 tanquam
998 2145 1223 2193 senator,
1257 2152 1285 2187 a
1310 2133 1525 2203 reliquis

366 2227 372 2232 '
460 2215 809 2271 senatoribus,
834 2215 993 2265 veluti
1017 2231 1114 2280 par
1135 2230 1166 2265 a
1189 2211 1419 2279 paribus,
1443 2227 1523 2264 os-

460 2296 580 2343 culo
617 2293 855 2348 dimissus
893 2301 991 2344 est.
1071 2293 1145 2343 At
1178 2305 1280 2341 non
1319 2292 1419 2341 nisi
1457 2291 1522 2341 ad

460 2370 702 2433 exempla
733 2370 1008 2434 singularis
1035 2369 1369 2420 humanitatis
1406 2383 1522 2433 per-

456 2447 682 2509 tinebat,
707 2447 752 2496 si
778 2446 1040 2511 principes
1063 2446 1240 2509 etiam,
1262 2454 1315 2494 et
1341 2453 1524 2509 poten-

460 2523 643 2587 tiores,
661 2523 827 2574 osculi
855 2525 1051 2573 honore
1085 2523 1425 2585 dignarentur
1449 2523 1525 2571 in·

456 2599 710 2651 seriores:
765 2600 1196 2665 quemadmodum
1255 2600 1353 2649 hoc
1406 2602 1524 2650 loc'o

459 2677 662 2728 Plinius
684 2677 909 2742 Trajano
946 2692 1144 2740 magnae
1179 2677 1325 2727 ducit
1363 2676 1526 2741 laudi,

460 2755 618 2820 quod,
674 2754 905 2820 quamvis
961 2756 1161 2805 interea
1211 2753 1399 2804 absens
1458 2754 1523 2804 ad

455 2847 707 2883 summum
734 2834 1084 2898 imp‘eratoriae
1119 2832 1402 2897 majestatis
1423 2831 1526 2882 fas·

455 2910 640 2974 tigium
679 2911 867 2960 fuisset
903 2918 1141 2973 evectus,
1174 2921 1409 2959 reversus
1443 2916 1525 2959 ta·

454 2997 574 3036 men
615 2986 751 3037 haud
788 3000 957 3049 secus,
986 3001 1047 3036 ac
1089 2987 1255 3038 adhuc
1297 2990 1526 3049 senator,

451 3070 689 3113 senatum
710 3049 1021 3112 salutantem
1040 3062 1311 3124 exceperit
1329 3062 1525 3112 osculo.

452 3139 628 3196 Certe,
686 3139 950 3203 Augustus
996 3139 1312 3201 Agricolam,
1369 3129 1525 3189 rebtis

450 3218 706 3280 praeclare
751 3217 926 3279 gestis·
963 3215 1230 3275 reducem,
1276 3229 1379 3264 non
1426 3216 1525 3265 nisi

454 3295 471 3322 ⁸
498 3291 643 3342 brevi
669 3294 843 3343 osculo
861 3290 877 3313 '
912 3292 1185 3354 excepisse
1211 3292 1401 3343 dicitur
1424 3293 1524 3342 Ta-

455 3368 579 3429 cito,
603 3367 783 3432 Agl-ic.
801 3382 846 3416 c.
862 3370 946 3416 40.
1017 3368 1182 3429 Nero,
1204 3374 1338 3417 teste
1361 3357 1522 3417 Tran-

456 3445 633 3510 quillo,
650 3457 695 3493 c.
715 3448 796 3495 3⁷.
817 3445 832 3472 ⁸
853 3457 1020 3509 neque
1040 3444 1340 3505 adveniens,
1355 3451 1544 3510 neque.

457 3519 816 3585 proficiscens,
858 3536 1167 3586 quemquam
1213 3524 1389 3572 osculo
1428 3524 1522 3571 im·

457 3596 707 3661 pertivit!
770 3597 1071 3661 Cujnsmodi
1105 3599 1344 3662 exempla
1375 3598 1525 3660 plura

447 3675 558 3739 jam
599 3675 811 3739 collegit
843 3676 1047 3740 Lipsiu's
1080 3675 1144 3725 ad
1184 3676 1235 3724 h.
1258 3677 1292 3725 Ι.
1359 3676 1525 3725 Istam

458 3766 580 3801 vero
630 3752 1043 3815 dedignationem
1090 3752 1375 3813 osculandi,
1420 3751 1524 3802 fo'r·

457 3833 600 3877 tasse
625 3829 676 3878 in
702 3829 919 3892 gratiam
945 3829 1159 3885 Tiberii,
1182 3830 1418 3892 exemplo
1444 3843 1525 3878 re·

458 3918 578 3967 gum
606 3905 887 3963 Numidiae,
911 3907 1182 3955 excusavit
1212 3893 1270 3955 et
1296 3905 1527 3954 laudavit

457 3981 580 4031 Val.
623 3982 769 4031 Max.
811 3996 875 4032 ιι.
912 3986 961 4032 6.
996 3988 1075 4033 17.
1106 3984 1123 4012 ‘
1148 3983 1234 4032 Ne
1261 3981 1523 4031 Numidiae

457 4057 665 4121 quidem
703 4058 885 4122 reges,'
911 4060 1097 4124 inquit,
1134 4067 1149 4090 ⁸
1176 4057 1525 4121 vituperandi,

460 4134 570 4198 qui,
593 4148 732 4182 more
749 4136 917 4196 gentis
936 4150 1059 4193 suae,
1083 4136 1208 4186 nulli
1230 4136 1524 4186 mortalium

456 4209 686 4259 osculum
710 4209 968 4258 ferebant.
1024 4209 1285 4274 Quicquid
1311 4211 1446 4260 enim
1470 4211 1523 4259 in

457 4285 663 4335 excelso
701 4282 912 4347 fastigio
958 4285 1186 4349 positum
1215 4291 1316 4347 est,
1346 4285 1524 4335 humili

457 4370 515 4412 et
564 4362 693 4412 trita
730 4362 1131 4426 consuetudine,
1169 4375 1270 4427 quo
1319 4362 1389 4412 sit
1435 4376 1523 4412 ve-

456 4438 754 4504 nerabilius,
807 4452 1026 4490 vacuum
1074 4453 1191 4489 esse
1241 4438 1524 4492 convenit?

1145 445 1364 498 ⁸0¹1·AE
1414 441 1827 496 vAmole
1878 446 1958 500 m

1597 589 1846 642 Schmun.

1661 667 1895 717 Senatum
1929 667 2107 733 osculo]
2139 668 2370 719 Pacatus
2402 666 2469 719 de
2499 668 2667 720 Theo·

1597 741 1759 800 doeio,
1794 751 1808 773 ‘
1829 745 1931 795 Ille
1964 746 2331 797 cohonestatus
2368 743 2545 809 affatu,
2576 746 2668 797 ilie
2750 772 2760 779 ·

1594 833 1773 870 mensa
1809 821 2016 884 beatus,
2051 822 2141 871 ille
2179 823 2357 873 osculo
2400 836 2671 872 consecra·

1598 902 1683 945 tus
1714 895 1838 948 est.'
1902 899 1973 948 Et
1997 898 2260 962 digniores
2293 899 2457 964 igitur
2486 901 2668 949 osculo

1597 976 1772 1026 solent
1805 979 2085 1043 excipere:
2123 980 2225 1028 etsi
2265 980 2412 1043 pravi
2452 987 2544 1030 aut
2583 994 2669 1029 su·

1598 1053 1746 1116 perbi
1770 1055 2035 1120 principes
2060 1055 2413 1108 fastidierunt.
2465 1058 2550 1107 'De
2574 1058 2669 1108 Ca-

1598 1131 1758 1195 ligula
1798 1135 1935 1185 Dio:
1987 1136 2365 1186 ‘Paucissimos
2408 1138 2671 1187 osculatus

1596 1216 1699 1271 est,
1740 1211 2004 1277 plerisque
2045 1219 2238 1275 amem,
2270 1213 2425 1263 etlam
2462 1218 2673 1263 senato·

1596 1300 1732 1349 rum,
1757 1288 1838 1337 vel
1876 1303 2081 1339 manum
2106 1291 2189 1339 vel
2223 1289 2408 1353 pedem
2443 1289 2673 1353 praebuit

1598 1365 1973 1416 osculandum!
2039 1369 2124 1418 De
2159 1369 2370 1419 Nerone
2395 1368 2673 1433 Tranquil-

1598 1439 1699 1504 lus,
1729 1441 1950 1507 ‘Neque
1986 1444 2287 1502 adveniens,
2310 1459 2478 1511 neque
2512 1444 2672 1510 profi-

1598 1520 1817 1584 ciscens,
1860 1527 2166 1587 quemquam
2212 1523 2392 1572 osculo
2437 1522 2671 1586 imperti-

1602 1596 1710 1647 vit.'
1759 1597 1899 1649 Quid
1923 1599 2285 1648 Domitianus?
2317 1600 2424 1663 ille,
2448 1599 2671 1648 necdum

1581 1675 1863 1739 princeps,
1896 1681 1911 1704 ‘
1928 1667 2319 1738 Caenidi‘patris
2345 1676 2675 1739 concubium,

1601 1752 1852 1815 osculum,
1891 1760 1951 1802 ut
1988 1753 2139 1809 solet,
2176 1751 2441 1817 offerenti,
2461 1753 2672 1802 m'anum

1600 1828 1863 1892 praebuit.'
1928 1830 2138 1892 Cogita,
2161 1830 2284 1894 quid
2312 1830 2364 1880 in
2397 1828 2672 1893 principa-

1603 1913 1676 1955 tu.
1745 1905 1952 1970 Nempe
1996 1906 2072 1955 his
2119 1907 2308 1956 talibus
2355 1906 2497 1970 illud,
2515 1894 2670 1971 'apud

1602 1982 1807 2035 Arrian.
1833 1985 1921 2033 lib.
1943 1998 2023 2036 xv.
2066 1977 2235 2035 rernm
2261 1984 2572 2047 Alexandri,
2595 1986 2675 2034 iri·

1601 2058 1839 2110 sederat:
1873 2059 1990 2111 Τοὺς
2020 2059 2112 2123 μὲν
2141 2061 2404 2127 &wopan-ovs
2432 2064 2675 2125 φιλεῖσθαι

1598 2136 1714 2201 πρὸς
1737 2140 1832 2187 τῶν
1853 2137 2213 2203 ἀσπαζομένων·
2247 2139 2307 2189 τὸ
2338 2141 2466 2189 θεῖον
2496 2138 2549 2189 δὲ
2577 2138 2675 2188 ἄνω

1598 2232 1693 2264 που
1731 2215 1990 2280 ἴδρύμενον,
2032 2216 2111 2267 καὶ
2154 2216 2264 2267 οὐδὲ
2302 2216 2481 2281 ψαῦσαι
2524 2216 2673 2265 abrai>

1599 2293 1746 2355 nepus,
1772 2293 1850 2342 eri
1872 2296 1995 2356 τῷδε
2019 2293 2110 2358 ἄρα
2138 2295 2209 2359 τῇ
2234 2291 2552 2358 προσκυνήσει
2586 2308 2674 2360 γε·

1598 2369 1823 2434 palpetur.
1891 2370 2184 2419 Hominibus
2225 2372 2433 2439 exulum
2474 2373 2522 2426 a',
2546 2370 2674 2419 sulu-

1601 2445 1815 2495 tantibus
1835 2446 1980 2503 dari,-
2008 2451 2070 2495 ut
2084 2446 2278 2496 numina
2300 2446 2353 2494 in
2375 2447 2473 2495 alto
2495 2447 2674 2509 posita,

1600 2526 1714 2586 quia
1736 2519 2125 2585 contingere'non
2146 2524 2275 2590 licet,
2297 2521 2577 2573 adoratione
2598 2538 2676 2572 co·

1599 2599 1655 2648 ti.
1719 2599 1790 2649 Et
1821 2599 2186 2662 istijprofecto
2213 2600 2347 2649 inter
2378 2591 2595 2648 numina
2615 2601 2675 2648 se

1599 2673 1904 2725 censebant·
1939 2676 2021 2725 De
2044 2682 2159 2725 toto
2186 2676 2287 2725 ritu
2313 2675 2553 2737 pluscula
2575 2677 2679 2740 eg'o

1599 2752 1772 2801 Elect.
1795 2761 1919 2801 ιιι.
1942 2766 2037 2801 suo
2060 2753 2253 2816 capite.
2285 2752 2424 2816 LipS.

1672 2829 1845 2878 Oseulo
1867 2828 2130 2893 exciperes]
2169 2828 2289 2877 Fuit
2311 2836 2368 2878 et
2398 2833 2679 2877 consuetu·

1602 2905 1668 2955 do
1703 2906 2020 2971 principum,
2042 2919 2171 2971 quos
2207 2912 2464 2968 amarent,
2497 2907 2677 2955 eorum

1601 2997 1703 3033 non
1720 2998 1811 3033 ora
1831 2990 2052 3046 tantum,
2072 2982 2162 3033 sed
2185 2990 2371 3047 pectus
2390 2996 2596 3047 quoque
2619 2989 2677 3031 et

1597 3071 1782 3110 uranus
1806 3059 2049 3108 osculari.
2113 3058 2469 3108 Theodoritus
2493 3057 2584 3106 lib.
2620 3070 2678 3106 v.

1602 3133 1667 3183 de
1701 3134 2013 3197 Theodosio,
2044 3133 2321 3182 Meletium
2357 3133 2674 3197 Episcopum

1585 3209 1918 3274 excipiente,
1950 3208 2328 3271 περιεπύσσετο
2366 3209 2446 3260 καὶ
2478 3210 2678 3274 κατεφί-

1598 3295 1675 3335 λει
1699 3286 1778 3337 καὶ
1799 3286 2089 3352 ὀφθαλμοὺς,
2102 3286 2179 3337 καὶ
2197 3286 2361 3350 χείλη,
2377 3286 2458 3337 καὶ
2479 3286 2676 3351 στέρνα,

1600 3363 1680 3414 καὶ
1704 3364 1935 3427 κεφαλὴν,
1965 3364 2045 3414 καὶ
2071 3365 2163 3424 τὴν
2197 3364 2580 3427 στεφανώσασαν
2600 3366 2677 3413 δσ-

1597 3438 1737 3502 ξῐαν.“
1789 3441 1925 3491 Item
1964 3441 2146 3491 Persae
2189 3449 2527 3491 occurrentes
2558 3442 2680 3498 sibi,

1601 3533 1654 3568 se
1689 3526 1887 3581 mutuo,
1921 3521 2035 3569 loco
2073 3520 2420 3577 salutationis,
2457 3520 2680 3569 osculati

1600 3603 1739 3646 sunt.
1808 3594 2067 3645 Herodot.
2099 3593 2190 3644 lib.
2226 3609 2263 3645 ι.
2303 3596 2545 3660 Xenoph.
2575 3597 2678 3660 Cy·

1603 3687 1716 3736 rop.
1743 3671 1834 3721 lib.
1859 3686 1898 3721 1.
1967 3671 2213 3721 Hebraeis
2247 3672 2383 3721 idem
2408 3674 2684 3723 charitatis

1598 3749 1889 3813 symbolum
1924 3750 1977 3798 in
2015 3764 2109 3798 usn
2143 3750 2261 3813 fuit,
2294 3749 2428 3800 Gen.
2453 3761 2677 3800 xxxin.

1597 3829 1649 3873 4.
1672 3831 1727 3874 et
1754 3825 1941 3886 passim
1965 3825 2271 3876 Christianis
2296 3826 2396 3875 ista
2428 3825 2681 3877 salutatio

1602 3902 1652 3952 in
1678 3899 1853 3951 osculo
1876 3910 2057 3952 sancto
2092 3903 2231 3968 inter
2261 3910 2533 3976 praecepta
2558 3905 2680 3952 clia·

1602 3978 1795 4041 ritatis,
1820 3994 1839 4027 ι
1865 3980 1984 4029 Cor.
2009 3993 2132 4029 xvi.
2154 3984 2238 4031 2⁰.
2276 3995 2297 4030 1
2315 3981 2497 4029 Thess.
2516 3993 2570 4029 v.
2591 3986 2680 4031 25.

1601 4069 1620 4105 ι
1661 4056 1809 4106 Petr.
1853 4069 1905 4105 v.
1953 4058 2034 4104 14.
2078 4069 2179 4121 qna
2220 4064 2393 4105 tamen
2447 4055 2678 4105 abstine-

1601 4132 1729 4181 bant
1772 4132 2092 4195 jejunantes.
2133 4133 2362 4182 ‘Tertulh
2407 4131 2474 4181 de
2520 4131 2680 4182 Orat.

1600 4211 1708 4259 Soli
1733 4224 1824 4257 nos
1848 4210 2097 4259 Germani
2120 4208 2219 4258 hac
2246 4215 2403 4273 parte·
2419 4209 2682 4270 rusticuli,

1598 4294 1655 4336 et
1700 4281 1846 4336 lianc*
1880 4299 2032 4334 unam
2076 4285 2418 4335 humanitatis
2473 4292 2677 4348 partem

1598 4364 1827 4413 nondum
1865 4363 2140 4413 didicimus
2167 4378 2200 4414 a
2222 4363 2414 4428 Gallis,
2435 4376 2468 4412 a
2489 4359 2677 4427 quibu·

1597 4450 1655 4490 et
1680 4449 1873 4504 vestes,
1897 4448 1950 4490 et
1984 4440 2236 4505 linguam,
2263 4445 2319 4494 et
2345 4451 2543 4492 morum
2566 4440 2681 4490 cul·
