3017 4942
759 378 826 426 c.
873 374 1116 427 Ρωκιι
1165 370 1495 425 saeuum
1554 371 1823 422 muno.
1906 356 2094 421 1.55.

322 508 610 588 suspicione,
647 520 722 571 sic
747 520 1058 584 explicabis,
1083 520 1251 571 Nobis
1285 532 1392 570 om·

322 614 439 649 uem
462 598 661 647 adimes
697 597 1065 661 suspicionem,
1087 611 1151 646 ue
1188 596 1395 645 scilicet

322 675 671 738 suspicemur,
693 675 736 723 si
760 674 955 723 nullum
988 686 1202 738 prorsus
1235 671 1393 721 hono·

321 766 431 801 rem
455 766 486 800 a
508 750 656 800 nobis
685 749 932 813 recipias,
958 757 1010 799 te
1034 747 1085 798 id
1112 763 1177 798 ex
1211 762 1392 812 super-

323 827 408 877 bia
432 835 486 876 et
514 826 737 892 quodam
766 823 980 875 fastidio
1012 824 1207 875 facere.
1274 825 1393 877 Quo

320 903 496 953 tendit
520 903 678 953 etiam
702 901 923 953 Gesneri
945 902 1249 965 explicatio.
1301 901 1392 951 Sin

319 979 530 1044 passive
577 977 805 1043 accipias
841 978 1147 1028 vocabulum
1184 979 1201 1006 ‘
1226 977 1393 1043 suspi-

318 1054 438 1119 cio‚'
465 1063 595 1106 tunc
628 1056 796 1105 locum
831 1054 1046 1107 habebit
1078 1055 1392 1119 iuterpreta-

323 1133 398 1182 tio
414 1130 723 1196 jamdudum
748 1145 780 1179 s
814 1144 896 1180 me
921 1129 1134 1188 tradita,
1158 1136 1213 1180 et
1234 1143 1393 1194 supra

319 1210 575 1275 repetita,
606 1224 692 1258 uos
734 1211 862 1258 omui
903 1209 1077 1258 liberas
1113 1209 1392 1273 suspicione,

321 1300 388 1338 ue
426 1285 632 1336 scilicet
668 1285 999 1349 negligentia
1033 1294 1091 1337 et
1124 1286 1391 1351 cujusdam

322 1362 637 1427 pervicacia
676 1362 879 1411 nomine
928 1360 1022 1411 tibi
1060 1363 1284 1425 suspecti
1325 1363 1392 1412 si·

321 1452 453 1494 mus,
480 1438 626 1500 quasi
661 1444 715 1487 te
751 1451 929 1501 parum
964 1447 1272 1487 reverenter
1304 1438 1394 1487 ha·

322 1516 559 1578 beamus,
577 1527 741 1579 neque
762 1515 958 1564 honore
982 1515 1191 1579 dignum
1212 1516 1394 1566 existi·

321 1606 538 1642 menius.
612 1592 798 1641 Utram
841 1590 1064 1656 quisque
1110 1592 1256 1648 velit,
1299 1606 1393 1655 per

322 1683 406 1718 me
430 1668 593 1730 eligat
614 1667 1049 1731 explicationem,
1080 1682 1391 1734 quamquam

319 1746 445 1794 mihi
472 1746 570 1809 ipsi
592 1744 902 1810 significatio
937 1746 1144 1809 passiva
1166 1746 1235 1797 sit
1258 1747 1389 1796 veri·

319 1823 575 1882 similior3
610 1818 762 1886 quim
800 1823 852 1871 iu
877 1821 1030 1872 simili
1052 1821 1275 1873 formula
1296 1824 1394 1875 eti·

303 1913 403 1948 am
438 1898 654 1949 adhibet
676 1899 880 1956 Cicero,
913 1898 1005 1948 sed
1042 1900 1138 1961 ita,
1161 1905 1219 1949 ut
1253 1915 1297 1979 q
1322 1899 1391 1950 si·

320 1976 424 2024 mul
468 1975 734 2024 materiam
779 1974 1089 2040 suspicionis
1133 1974 1390 2040 designet,

322 2052 469 2101 Fam.
496 2066 535 2100 r.
559 2055 608 2100 2.
634 2052 651 2079 ⁴
676 2051 893 2100 Prorsus
917 2065 1034 2100 eum
1060 2052 1228 2101 libero
1251 2052 1390 2103 omui

316 2128 615 2194 suspicione
639 2127 981 2192 cupiditatis!
1019 2129 1171 2180 Ideni.

321 2244 330 2251 .
384 2209 638 2258 Sanatibus
668 2208 791 2272 qius]
825 2209 889 2259 In
924 2210 1032 2259 solo
1065 2210 1247 2261 codice
1270 2224 1390 2261 meo

315 2287 517 2350 legitur
550 2287 781 2336 sumtibus
821 2288 936 2337 tais.
1005 2286 1117 2337 Cic.
1150 2288 1217 2340 Q.
1243 2288 1389 2340 Frat-

317 2376 359 2413 ι.
384 2368 433 2412 1.
456 2367 506 2413 2.
530 2363 666 2412 dixit
695 2371 710 2394 ⁸
736 2373 910 2414 sumtu
943 2364 1204 2414 exhauriri
1225 2364 1388 2415 homi·

316 2440 450 2490 uos!
485 2441 637 2490 Idm.

390 2520 464 2569 Ue
500 2519 585 2582 qui
618 2516 924 2582 exhaustam]
959 2519 1031 2568 Et
1070 2520 1153 2583 qui
1186 2520 1389 2570 exhau-

314 2602 419 2646 tum
443 2596 615 2645 Livia.
639 2596 690 2645 iu
715 2602 897 2657 textn3
932 2596 1024 2647 sed
1049 2598 1100 2647 in
1134 2598 1389 2663 margine,

313 2678 370 2722 ut
390 2674 477 2736 qui
497 2671 782 2722 exhaustam
814 2673 882 2722 V.
907 2675 965 2724 C.
992 2675 1057 2726 R.
1079 2683 1240 2726 recte.
1275 2677 1386 2726 Rit-

319 2749 469 2798 ter-sle.

317 2858 324 2865 -
388 2825 460 2875 Ue
488 2822 596 2888 qui]
630 2823 764 2875 Haec
799 2826 958 2877 lectio
992 2841 1025 2877 a
1053 2828 1310 2893 pluribus,
1331 2836 1388 2879 et

313 2902 590 2953 codicibus
624 2903 857 2966 scriptis,
892 2911 948 2954 et
992 2905 1133 2955 libris
1165 2907 1391 2970 excusis,

315 2979 679 3032 confirmatur.
733 2980 851 3031 Nou
876 2996 1058 3045 pauca
1081 2991 1252 3034 autem
1277 2984 1387 3034 edi·

316 3057 513 3119 tiones,
538 3070 631 3119 pro
666 3061 738 3116 ut,
771 3057 968 3108 liabent
991 3063 1073 3117 et,-
1108 3061 1261 3110 immo
1289 3062 1390 3112 Ca·

315 3141 542 3190 tauoeus,
563 3140 618 3183 et
640 3133 849 3199 quidam
870 3135 955 3184 alii
979 3135 1227 3196 editores,
1247 3146 1387 3188 utra·

315 3222 423 3274 que
458 3209 720 3273 particula
754 3210 959 3274 omissa,
995 3212 1159 3262 solum
1201 3228 1387 3277 prono·

318 3296 439 3336 meu
463 3287 548 3350 qui
571 3285 933 3350 prodiderunt.
966 3287 1214 3338 θώων-κ.

317 3390 326 3401 ·
385 3363 892 3429 Innocentiumoonis]
928 3364 1183 3416 Similiter
1201 3367 1384 3431 Xiphi-

318 3439 457 3489 linus
493 3438 562 3487 de
594 3438 807 3503 Trajani
840 3440 1084 3504 operibus
1118 3448 1176 3492 et
1208 3446 1387 3495 sumti-

316 3517 447 3567 bus:
484 3519 499 3545 ⁸
525 3517 758 3569 Quorum
786 3525 958 3568 tamen
991 3533 1173 3571 caussa
1198 3521 1386 3572 nullius

316 3592 620 3657 sanguinem
644 3592 821 3644 fudit?
855 3596 1076 3645 Pam-01.

386 3671 613 3720 Prii-atis
640 3671 943 3737 dicabantur]
986 3674 1236 3740 Privatis,
1269 3677 1304 3726 i.
1340 3693 1390 3728 e.

320 3749 386 3798 iis
425 3747 516 3812 qui
554 3747 772 3798 subsunt
808 3749 1033 3811 legibus.
1099 3752 1302 3802 Omnes*
1335 3768 1386 3803 e·

318 3826 425 3875 uim
452 3832 579 3874 tunc
604 3823 795 3888 privati
818 3824 1149 3888 dicebantur,
1174 3829 1260 3892 qui
1285 3844 1386 3881 non

318 3902 586 3966 princeps,
604 3906 663 3948 et
688 3900 827 3949 solus
852 3901 938 3950 ille
968 3902 1035 3952 ab
1058 3904 1155 3954 hoc
1180 3909 1386 3956 nomina

321 3985 594 4041 exceptus.
662 3977 799 4027 Vide
836 3979 1067 4042 Lipsium
1106 3982 1171 4030 ad
1207 3997 1309 4033 vn.
1337 3988 1387 4034 2.

318 4063 376 4104 et
398 4060 578 4104 notam
602 4060 830 4103 nostrum
857 4055 922 4105 ad
947 4069 1073 4108 ιιι.
1096 4063 1146 4108 «1.
1215 4059 1276 4108 In
1301 4074 1386 4110 co·

318 4130 523 4181 dicibus
546 4128 854 4194 quibusdam
889 4132 1022 4183 Mss.
1044 4140 1104 4184 ut
1127 4135 1386 4187 Parisieu·

320 4209 385 4270 si,
401 4206 894 4272 Guelpherbytauo,
910 4216 964 4259 et
987 4225 1120 4273 meo,
1144 4227 1237 4275 pro
1257 4214 1388 4266 diea-

320 4284 513 4344 bantur,
549 4277 806 4348 scriptum
839 4292 921 4337 est
947 4287 1261 4355 ficabuntur,-
1294 4293 1384 4343 sed

2401 355 2530 422 '791

1466 517 1583 582 pari
1606 528 1785 568 errore
1811 516 2159 571 librariorum,
2183 528 2286 577 quo
2311 513 2362 562 iu
2392 514 2534 578 capi·-

1468 601 1522 644 te
1571 594 1805 658 proximo
1854 606 1964 643 mv.
2006 596 2055 641 4.
2102 591 2350 653 scriptum
2397 598 2531 653 erat,

1465 678 1483 702 ‘
1505 670 1702 721 nomini
1726 671 1992 721 Coesarum
2020 664 2356 717 dicebamus?
2424 666 2534 716 Pli-

1466 749 1583 799 nius
1608 745 1764 805 iufra,
1787 761 1902 797 mx.
1925 751 1978 796 2.
2010 752 2025 775 ⁴
2046 746 2174 795 Cum
2211 757 2384 802 arcus,
2414 758 2533 794 cum

1467 830 1690 888 tropaes,
1711 838 1829 874 cum
1863 830 2083 885 statuas,
2105 820 2418 884 deprecaris,
2442 821 2535 870 tri·

1466 902 1675 953 buenda
1711 908 1794 951 est
1835 900 2163 950 verecundia
2204 907 2310 948 tuoe
2349 898 2534 949 veniat

1467 980 1554 1029 illa
1580 979 1717 1028 euim
1732 991 1856 1028 sane
1874 977 1971 1026 tibi
1992 974 2266 1026 dicautur.’
2290 975 2533 1025 Schmun.

1533 1055 1774 1119 Materia]
1832 1055 1950 1104 Nou
1995 1067 2120 1103 auro
2163 1062 2255 1103 sut
2295 1061 2533 1118 argento,

1466 1132 1559 1182 sed
1587 1145 1711 1180 aere.
1740 1131 1878 1194 Lips·

1530 1209 1822 1273 Brutorum]
1855 1209 1933 1258 Μ.
1969 1207 2156 1259 Junius
2195 1207 2412 1267 Brutus,
2445 1205 2535 1271 qui

1468 1300 1620 1350 reges
1643 1286 1825 1350 ejecit,
1860 1286 1998 1334 iuter
2033 1285 2147 1333 illos
2174 1284 2372 1333 medios
2397 1285 2533 1347 posi·

1468 1372 1552 1413 tus
1584 1363 1637 1412 in
1660 1362 1909 1426 capitolio
1937 1360 2053 1422 fuit,
2092 1361 2281 1413 dextra
2303 1361 2532 1424 gladium

1467 1449 1672 1493 teneus·
1726 1439 2041 1489 Plutarchus
2067 1438 2118 1486 iu
2142 1438 2329 1487 Bruto.
2362 1435 2500 1498 Lips-

1534 1516 1822 1580 Brutorum]
1876 1517 2158 1566 Brutorum
2208 1514 2358 1576 dicit,
2410 1528 2534 1570 uon,

1466 1594 1607 1662 quod
1624 1593 1690 1644 de
1716 1594 1949 1658 pluribus
1974 1593 2170 1656 Brutis,
2187 1606 2317 1659 quos
2341 1605 2403 1640 ex
2429 1591 2532 1640 his·

1467 1671 1618 1723 toriis
1658 1671 1867 1736 quidem
1908 1670 2164 1729 novimus,
2195 1674 2255 1717 ut
2298 1668 2532 1732 plerique

1466 1750 1903 1813 interpretantur,
1938 1745 2222 1809 intelligam
2255 1742 2347 1793 sed
2385 1744 2530 1793 sche-

1465 1833 1607 1877 mate
1622 1824 1912 1876 oratoribus
1927 1824 2118 1874 usitato
2135 1820 2198 1871 ad
2217 1819 2533 1871 seutentiam

1466 1899 1916 1969 amplificandam:
1953 1901 2021 1951 de
2054 1914 2157 1950 uuo
2186 1899 2324 1949 enim
2364 1897 2530 1947 Lucio

1465 1979 1658 2043 Bruto,
1673 1978 2067 2044 Tarquiniorum
2082 1977 2380 2041 expulsore,
2395 1974 2532 2024 Nos·

1464 2062 1603 2107 trum
1630 2056 1788 2120 ioqui,
1811 2054 1938 2105 satis
1963 2061 2190 2105 constat.
2233 2051 2398 2103 Simili
2423 2066 2530 2101 mo-

1463 2132 1535 2185 do
1569 2134 1747 2184 subdit
1779 2140 1835 2185 et
1868 2134 2242 2195 Camillorum,
2288 2146 2405 2183 cum
2453 2137 2532 2181 ta·

1463 2226 1585 2264 men
1619 2212 1684 2262 de
1724 2227 1826 2263 uuo
1864 2213 2020 2263 Furio
2053 2212 2273 2263 Csmillo
2310 2212 2533 2261 mentio·

1464 2302 1582 2339 nem
1602 2289 1713 2339 fleri
1738 2289 2068 2340 consentiant
2092 2303 2288 2341 omues.
2314 2288 2535 2339 Patara.

1532 2365 1867 2429 Camillorum]
1902 2367 1978 2416 Μ.
2012 2367 2219 2419 Furium
2257 2365 2531 2417 Camillum

1462 2443 1702 2508 inprimis
1729 2444 1979 2508 respexit,
2016 2443 2181 2509 iuquit
2212 2442 2529 2503 Catanaeus5

1464 2521 1552 2585 qui
1577 2521 1822 2572 Camillus
1856 2519 2033 2570 urbem
2069 2526 2274 2584 captum
2308 2533 2339 2567 a
2362 2517 2530 2568 Gallis

1463 2598 1714 2657 servavit,
1734 2604 1790 2647 et
1809 2602 2065 2646 servatam
2086 2596 2138 2644 in
2155 2595 2292 2645 bello
2308 2594 2532 2659 patriam

1462 2673 1654 2724 iterum
1692 2675 1743 2723 in
1770 2687 1898 2739 pace
1919 2672 2060 2723 haud
2094 2671 2250 2721 dubie
2281 2670 2532 2734 protexit,

1464 2752 1740 2817 prohibens
1763 2751 1986 2815 migrare
2008 2748 2183 2799 Veios.
2219 2747 2368 2797 Idem.

1535 2827 1870 2892 Camillorum]
1931 2825 2153 2887 camilli,
2206 2825 2294 2888 qui
2347 2822 2529 2872 Gallos

1466 2905 1637 2956 Roma
1657 2903 1878 2968 expulit,
1901 2902 1917 2930 ‘
1942 2909 2117 2953 statua
2140 2892 2253 2951 sine
2277 2899 2451 2950 tunica
2476 2899 2531 2949 iu

1465 2980 1686 3033 rostris!
1753 2979 1970 3030 Plinius.
2002 2978 2142 3041 Lips.

1533 3055 1782 3121 Regnum]
1815 3059 1888 3107 Ut
1907 3058 2123 3107 Brutus.
2161 3055 2311 3105 Idem.

1533 3137 1716 3201 Reges]
1734 3135 2060 3200 Tarquinios,
2075 3132 2363 3198 Superbum
2387 3146 2531 3183 nem·

1465 3229 1553 3279 pe,
1585 3215 1861 3278 septimum
1899 3213 2075 3262 Romae
2111 3225 2311 3274 regem,
2338 3218 2393 3260 et
2433 3209 2532 3260 fili·

1464 3306 1550 3342 um
1595 3293 1726 3357 ejus,
1778 3291 2043 3343 Lucretioe
2079 3296 2457 3353 corruptorem,
2500 3302 2532 3339 a

1464 3371 1633 3420 Bruto
1659 3366 1855 3435 pariter
1877 3375 2112 3419 exactos.
2148 3368 2370 3416 Patami.

1465 3468 1470 3473 ·
1530 3445 1849 3510 Hostemque]
1892 3445 2074 3495 Gallos
2113 3444 2364 3504 Senones,
2399 3440 2532 3491 urbe

1454 3525 1565 3589 jam
1592 3525 1808 3590 potitos,
1830 3537 1958 3587 quos
1982 3522 2059 3572 Μ.
2076 3521 2263 3571 Furius
2283 3520 2529 3570 Camillus

1463 3599 1780 3666 profligavit.
1815 3601 1969 3650 Idem.

1533 3679 1631 3728 Hic
1655 3693 1855 3741 reguum
1874 3679 2029 3741 ipsun·
2048 3707 2062 3723 .
2080 3707 2094 3724 .
2119 3708 2131 3723 .
2150 3674 2304 3736 arcet]
2330 3672 2531 3723 Notnre

1464 3756 1665 3817 licebit,
1687 3769 1803 3805 cum
1829 3752 2029 3803 Plinius
2062 3750 2318 3799 hacteuus
2347 3749 2533 3813 Traja-

1459 3846 1605 3893 num,
1628 3839 1890 3896 tamquam
1914 3835 2242 3893 praesentem,
2261 3829 2396 3878 sicut
2417 3832 2532 3878 erat

1465 3922 1720 3972 praeseus,
1766 3909 2040 3963 allocutus,
2085 3904 2238 3955 modo
2293 3904 2531 3969 dixisset,

1464 3984 1480 4013 ‘
1505 3987 1660 4036 Stant
1684 3984 1841 4049 igitur
1863 3981 2061 4046 effigies
2085 3980 2226 4045 tuae‚’
2257 3985 2358 4032 &m
2390 3996 2529 4033 nunc

1463 4063 1634 4128 ipsum
1667 4062 1732 4112 de
1763 4060 1946 4112 eodem
1988 4058 2233 4122 Trajano,
2269 4066 2528 4123 tamquam

1451 4139 1705 4201 absente,
1724 4139 1776 4187 in
1794 4149 2014 4201 persona
2032 4134 2191 4185 tertia
2210 4134 2374 4200 loqui,
2392 4135 2408 4165 ⁴
2427 4135 2532 4186 Hic

1464 4231 1682 4281 regnum
1701 4215 1869 4279 ipsum
1890 4245 1904 4261 .
1920 4248 1934 4263 .
1952 4247 1966 4264 .
1980 4217 2145 4275 arcet,
2162 4225 2222 4262 ac
2238 4211 2531 4272 submovet,

1465 4294 1751 4360 sedemque
1774 4292 1977 4343 obtinet
2011 4287 2324 4354 principis5’
2351 4291 2532 4356 postea
