3017 4942
797 352 862 439 c.
909 391 1151 441 ΡιιΝιι
1201 370 1538 441 s’nounm
1572 391 1867 444 ntum.
1947 390 1994 442 1.
2035 374 2146 441 93.

356 529 1433 596 Parisiensis,salisburgensis,Guelpber-
1454 575 1460 578 ,

356 605 607 671 bytanus,
655 615 713 658 et
766 624 944 672 meus;
993 617 1048 659 et
1084 625 1223 660 nttnc
1263 610 1433 660 etiam

358 684 819 746 praetermiserunt
837 686 1175 735 recentiores.
1198 686 1437 741 Per‘cla·

357 758 593 809 morem’
627 761 833 810 Plinius
873 761 1072 811 iudicat
1104 762 1436 811 acclamatio·

359 850 478 899 nes,
501 843 557 885 et
580 837 793 901 plausus
819 843 1176 900 spectatorum
1195 837 1248 886 in
1273 837 1435 899 circo,

356 926 479 962 cum
516 918 573 962 et
613 913 935 976 imperatori,
965 920 1019 963 et
1044 915 1188 964 novis
1212 912 1437 963 consuli-

358 987 480 1045 bus,
505 1001 570 1038 ac
596 987 790 1038 deinde
813 990 972 1039 etiam
1000 988 1344 1052 certantibus,
1367 1003 1434 1038 ex

360 1070 592 1128 utroque
649 1065 816 1114 latere
860 1065 988 1115 circi
1042 1066 1436 1130 applauderent,

359 1140 841 1204 acclamarentque.
909 1140 1115 1189 Seneca
1148 1141 1319 1204 Epist.
1351 1144 1436 1190 83.

359 1214 376 1242 ‘
397 1217 567 1279 Ecce,
588 1215 903 1266 circensium
927 1215 1186 1280 obstrepit
1210 1218 1433 1266 clamor!

360 1291 553 1343 Subita
586 1292 758 1357 aliqua
787 1299 842 1341 et
877 1292 1117 1342 universa
1151 1307 1275 1343 voce
1311 1292 1436 1343 feri-

364 1374 528 1418 untur
563 1382 715 1417 aures
746 1365 916 1417 meaess
981 1368 1045 1417 In
1072 1370 1325 1418 nonnullis
1348 1384 1435 1418 co·

365 1444 572 1493 dicibus
606 1458 703 1508 pro
737 1449 870 1499 ntra,
903 1444 1149 1494 mendose
1184 1444 1435 1508 scriptum

361 1526 448 1570 est
474 1524 695 1584 utroque.
730 1521 898 1570 Idem.

433 1596 524 1644 Ex
544 1602 657 1646 utra
677 1597 841 1661 parte]
863 1598 945 1647 Ex
963 1602 1081 1647 utro
1105 1598 1269 1648 latere
1293 1599 1438 1649 circi.

370 1671 511 1737 Lips.

431 1752 577 1801 CAP.
602 1765 766 1803 xcnt.
804 1753 1034 1803 Consules
1054 1753 1179 1817 esse]
1216 1753 1287 1805 H.
1309 1769 1358 1804 e.
1382 1769 1439 1805 re

361 1826 483 1890 ipsa
505 1842 622 1878 esse
645 1829 906 1890 consules,
939 1834 994 1878 et
1023 1844 1242 1880 exerere
1265 1838 1439 1894 potes-

368 1908 538 1952 tatem
587 1904 1063 1970 auctoritatemque
1097 1906 1442 1958 consularem.

367 1977 619 2028 Schworz.

435 2055 619 2106 Nullus
638 2070 703 2105 ex
719 2054 936 2119 principe
961 2056 1138 2121 metus]
1172 2056 1217 2107 1.
1254 2072 1302 2107 e.
1330 2058 1443 2108 nul-

367 2132 451 2181 lus
478 2141 666 2190 metus,
689 2147 843 2197 quem
878 2133 1119 2197 princeps
1144 2134 1293 2184 nobis
1318 2134 1445 2185 affe-

366 2214 472 2259 rat.
521 2208 839 2272 Praepositio
872 2224 934 2259 ex
966 2209 1049 2258 hic
1083 2224 1318 2260 caussam
1354 2211 1447 2261 de-

372 2285 563 2334 clarat.
598 2286 826 2335 Prorsus
847 2284 945 2335 hoc
968 2285 1121 2335 modo
1143 2286 1311 2337 Tacit.
1338 2286 1446 2337 An-

347 2356 479 2411 ‘nal.
517 2375 560 2411 1.
593 2365 679 2413 29.
710 2361 826 2411 ‘Ex
857 2361 994 2411 duce
1027 2361 1231 2411 metus.'
1297 2363 1447 2414 Idem

369 2436 563 2487 Annal.
587 2451 671 2488 ιιι.
696 2442 780 2488 20.
814 2445 829 2468 ‘
849 2438 1154 2502 Quanquam
1186 2439 1349 2489 multa
1380 2438 1447 2489 si-

372 2515 479 2562 mul
520 2513 934 2579 offenderentur,
971 2521 1139 2564 metus
1173 2530 1238 2564 ex
1283 2516 1448 2578 impe-

375 2597 572 2653 ratore,
604 2592 892 2642 contemtio
938 2606 1005 2642 ex
1046 2591 1319 2655 barbaris,'
1349 2595 1451 2643 διο.

374 2667 532 2718 Idem
574 2669 629 2718 in
668 2667 853 2732 Agric.
886 2683 1006 2732 cap.
1036 2672 1117 2717 16.
1153 2673 1169 2697 ‘
1195 2667 1450 2732 Proprius
1499 2664 1502 2667 ’

375 2758 445 2793 ex
485 2746 663 2809 legato
695 2742 889 2795 timor-³
959 2741 1152 2794 Confer
1181 2759 1355 2810 supra,
1382 2745 1450 2795 ad

373 2835 434 2883 p.
464 2825 613 2871 106⁷.
684 2823 750 2872 Iu
774 2821 954 2873 codice
987 2821 1268 2887 Patavino,
1302 2830 1358 2872 et
1390 2823 1450 2873 li·

377 2896 474 2947 bro
496 2898 776 2963 Vossiano,
808 2897 923 2948 haec
962 2898 1122 2948 verba
1149 2896 1452 2962 ἀπροσδιόνυ-

380 2989 475 3022 σον
511 2981 634 3022 sunt
676 2972 1015 3038 transposita,
1061 2974 1228 3037 quippe
1270 2975 1452 3024 nullum

367 3050 637 3112 periculum
656 3050 708 3098 in
723 3049 958 3113 principe,
975 3050 1132 3098 nullus
1149 3053 1320 3110 metus,
1338 3064 1451 3098 con-

374 3126 581 3188 sulares,
614 3129 697 3189 ᾄτ.
762 3126 932 3176 Etiam
964 3123 1131 3174 codex
1156 3124 1451 3188 Guelpher-

378 3202 602 3265 bytanus
623 3202 790 3251 minus
812 3208 1162 3265 congruenter
1197 3215 1293 3265 pro
1321 3216 1452 3252 voce

378 3283 554 3339 metus,
578 3276 736 3328 babet
760 3283 933 3327 motus.
966 3275 1134 3326 Idem.

452 3355 742 3403 Consulares
758 3353 965 3418 animos]
988 3352 1036 3403 1.
1053 3366 1100 3402 e.
1116 3351 1312 3402 animos
1333 3365 1454 3401 con·

382 3431 498 3479 sule
534 3430 741 3493 dignos·
805 3428 975 3479 Plane
1004 3429 1055 3477 iu
1089 3429 1221 3478 hanc
1243 3436 1455 3478 senten-

381 3508 513 3556 tiam
533 3504 747 3567 scripsit
770 3505 881 3554 Cic.
906 3504 971 3554 ad
992 3503 1176 3554 Plane.
1200 3505 1371 3568 Epist.
1396 3519 1454 3556 x.

377 3586 434 3632 6.
468 3581 813 3644 ‘Complures
846 3580 897 3630 in
932 3582 1331 3645 perturbatione
1357 3584 1454 3632 rei-

383 3659 612 3725 publicae
633 3659 875 3711 consules
895 3657 1044 3722 dicti,
1063 3673 1280 3724 quorum
1302 3673 1456 3710 nemo

384 3734 675 3787 consularis
703 3734 767 3800 (i.
792 3749 842 3785 e.
863 3735 949 3800 qui
974 3735 1181 3785 nomine
1202 3743 1257 3784 et
1286 3734 1456 3801 officio

383 3812 618 3864 consulis
657 3811 843 3877 dignus
880 3810 1071 3877 essen)
1108 3812 1332 3874 habitus,
1360 3813 1459 3863 uisi

384 3891 477 3956 qui
523 3889 695 3938 animo
746 3889 931 3939 extitit
987 3890 1037 3938 in
1084 3889 1457 3954 rempublicam

386 3964 688 4019 consulari.’
722 3964 872 4016 Idem
894 3965 1006 4016 Cic.
1026 3964 1208 4016 Pison.
1232 3980 1353 4030 pag.
1378 3970 1459 4018 lo.

385 4049 402 4073 ‘
428 4041 611 4094 Quid?
648 4048 705 4091 tu
742 4042 795 4090 iu
832 4041 1127 4103 lictoribus,
1158 4041 1213 4091 in
1239 4048 1380 4104 toga,
1401 4052 1457 4094 et

387 4122 677 4182 praetexta,
698 4129 813 4164 esse
831 4116 1153 4166 consulatum
1178 4118 1359 4179 putas?
1378 4151 1392 4167 .
1410 4152 1424 4168 .
1441 4152 1457 4170 .

386 4194 583 4244 Animo
606 4191 867 4242 consulem
897 4205 1009 4243 esse
1039 4199 1266 4255 oportet,
1291 4195 1458 4244 consi-

387 4271 478 4327 lio,
511 4267 639 4332 fide,
676 4268 952 4334 gravitate,
992 4267 1273 4334 vigilantia,
1300 4282 1454 4334 cura;

2397 373 2571 441 1087

1511 537 1626 582 toto
1648 531 1872 596 denique
1887 545 2101 581 munere
2118 531 2415 581 consulatus
2434 530 2575 580 omni
2626 539 2640 554 ·

1511 608 1681 659 officio
1707 609 1922 670 tuendo,
1950 609 2293 673 maximeque,
2327 608 2399 665 id,
2431 606 2570 670 quod

1513 685 1590 734 vis
1634 685 1857 734 nominis
1905 684 2219 749 praescribit,
2271 682 2573 746 reipublice

1512 759 1864 810 consulendo.’
1930 758 2073 810 Alias
2116 756 2465 808 ‘consularis'
2498 756 2576 806 di·

1513 836 1649 886 citur
1682 836 1791 897 ille,
1825 835 1911 900 qui
1936 835 2203 885 consulatu
2227 834 2373 890 abiit,
2395 834 2576 897 etjam

1487 901 1637 963 'ante
1657 911 1757 962 fuit
1779 913 1998 973 consul;
2034 919 2190 976 prout
2216 911 2420 962 Plinius
2457 925 2577 960 nos-

1514 995 1597 1037 ter
1647 989 1700 1036 in
1755 986 1860 1037 fine
1913 987 2069 1050 liujus
2119 986 2438 1050 Panegyrici
2482 987 2577 1044 ait,

1513 1065 1530 1092 ‘
1551 1064 1673 1113 Non
1698 1070 1758 1112 ut
1781 1078 1863 1113 me
1886 1063 2231 1124 consularem,
2249 1061 2341 1111 sed
2373 1068 2431 1112 ut
2451 1075 2577 1111 can-

1514 1139 1752 1190 didatum
1789 1139 2108 1203 consulatus,
2146 1135 2363 1202 putem!
2410 1137 2579 1188 Dein-

1515 1214 1581 1264 de
1616 1213 1977 1278 ‘consularis,'
2012 1222 2068 1265 et
2123 1216 2140 1243 ‘
2162 1214 2468 1277 consulare,’
2523 1231 2579 1263 e·

1514 1292 1637 1341 tiam
1694 1289 1989 1349 dicebatur,
2047 1289 2294 1354 quisquis,
2341 1298 2396 1339 et
2450 1288 2579 1354 quid
2648 1340 2659 1349 .

1516 1367 1657 1432 quid,
1693 1367 1762 1417 ad
1812 1367 2137 1417 consulatum
2191 1365 2485 1429 pertinuit3
2528 1378 2579 1416 ν.

1516 1462 1566 1510 g.
1599 1445 1803 1496 ‘fasces
1843 1441 2184 1503 consulares,’
2238 1442 2346 1492 [ἠν.
2391 1455 2458 1492 ιι.
2495 1446 2578 1491 54.

1514 1521 1719 1572 ‘fasces
1776 1528 1933 1586 atque
1979 1520 2209 1581 insignia
2250 1517 2581 1577 consularia,’

1516 1598 1656 1647 Ven.
1681 1611 1745 1647 ιι.
1765 1602 1848 1647 58.
1893 1595 2210 1646 ‘consularis
2244 1593 2434 1652 lictor,'
2468 1594 2581 1645 Ho-

1518 1683 1616 1727 rat.
1654 1675 1762 1725 Od.
1795 1689 1862 1724 11.
1894 1678 1976 1725 16.
2004 1678 2054 1723 9.
2088 1680 2103 1703 ‘
2124 1672 2321 1723 familia
2341 1672 2581 1723 cousula-

1520 1751 1627 1815 ris,'
1661 1767 1728 1801 ex
1773 1767 1876 1817 qua
1920 1750 2133 1800 fueraut
2167 1749 2422 1805 consules,
2465 1740 2580 1798 Cic.

1520 1844 1613 1893 pro
1638 1829 1820 1877 Plane.
1846 1842 1962 1891 cap.
1987 1830 2070 1876 24.
2101 1831 2117 1855 ‘
2133 1826 2400 1875 consulare
2418 1825 2583 1888 impe-

1520 1904 1688 1962 rium‚'
1729 1907 1838 1956 Cic.
1868 1907 1921 1955 in
1948 1905 2129 1954 Pison.
2159 1918 2278 1967 cap.
2310 1907 2391 1953 16.
2422 1903 2439 1931 ‘
2457 1917 2583 1952 con·

1520 1983 1714 2032 sularia
1731 1979 1936 2043 officia,’
1951 1981 2095 2030 Ptin.
2112 1979 2374 2045 Panegyr.
2387 1992 2585 2029 mxxvi.

1520 2064 1570 2107 5.
1611 2058 1929 2108 ‘consularis
1966 2055 2280 2119 solicitudo:
2317 2056 2442 2107 ibid.
2469 2068 2585 2107 ιιι.

1524 2139 1570 2185 1.
1606 2140 1621 2163 ‘
1640 2135 1942 2185 consulares
1963 2130 2141 2195 curae,’
2165 2131 2294 2182 ibid.
2319 2144 2518 2182 Lxxrx.
2535 2137 2589 2184 5.

1523 2217 1579 2260 et
1618 2210 1696 2261 sic
1734 2225 1870 2262 nunc
1905 2209 2039 2260 dicit
2072 2208 2259 2258 eninm
2299 2209 2584 2259 consideres.

1515 2286 1692 2336 Idem.

1592 2363 1734 2413 Nihil
1754 2363 1929 2413 coactis
1951 2346 2315 2425 decennendum]
2349 2361 2459 2413 Sub
2481 2375 2587 2412 ma·

1525 2438 1587 2487 lis
1627 2439 1950 2503 principibus
1987 2453 2130 2503 saepe
2163 2437 2488 2500 cogebantur
2509 2451 2589 2485 se-

1525 2524 1754 2580 natores,
1788 2516 2025 2581 quamvis
2063 2513 2233 2576 iuviti,
2260 2514 2424 2578 sequi,
2446 2513 2587 2578 quod

1525 2605 1657 2641 unus
1679 2607 1742 2641 ex
1767 2591 2076 2656 composito,
2098 2588 2383 2639 secundum
2409 2590 2592 2639 volun·
2636 2592 2641 2597 ’

1528 2745 1668 2795 Vide
1707 2745 1844 2795 Plin.
1874 2745 2046 2809 Epist.
2069 2757 2196 2796 vm.
2219 2747 2299 2793 u.
2329 2751 2385 2799 et
2414 2744 2589 2793 Pane-

1528 2836 1644 2887 gyr.
1664 2836 1783 2885 cap.
1803 2835 2004 2872 Lxxvr.
2040 2816 2199 2869 Idem.

1595 2900 1766 2949 Monet
1785 2897 2082 2961 manebitque
2097 2896 2291 2960 honori]
2325 2895 2373 2946 1.
2395 2910 2446 2946 e.
2465 2909 2589 2945 con·

1527 2975 1738 3038 mistui,
1750 2974 1859 3024 sive
1873 2973 2056 3023 honori
2072 2970 2592 3034 consulatus,perdu-

1528 3058 1632 3114 rat,
1647 3050 2057 3114 perdurabitque
2090 3054 2146 3098 et
2168 3046 2461 3096 servabitur
2476 3060 2595 3109 sua,

1529 3140 1645 3191 quae
1659 3128 1707 3175 ei
1722 3126 1963 3188 debetur,
1983 3123 2267 3175 veneratio.
2325 3121 2596 3171 Gramma·

1529 3205 1624 3252 tici
1647 3202 1880 3258 tradunt,
1903 3200 2116 3251 verbum
2139 3200 2156 3228 ‘
2174 3196 2418 3255 manere,’
2434 3198 2476 3246 si
2497 3212 2593 3260 po-

1528 3288 1686 3329 natur
1710 3295 1804 3343 pro
1841 3290 2194 3343 perseverare,
2238 3276 2348 3324 sive
2389 3273 2597 3338 durare,

1531 3356 1748 3412 servari,
1772 3368 2066 3420 superesse,
2083 3354 2165 3403 vel
2188 3352 2425 3402 absolute
2451 3352 2598 3414 poni,

1533 3437 1615 3485 vel
1639 3450 1813 3485 casum
1838 3434 2000 3484 dandi
2027 3432 2245 3483 babere.
2307 3431 2595 3495 Utriusque

1531 3512 1774 3574 exempla
1818 3510 1976 3561 babes
2021 3508 2160 3573 apud
2208 3507 2437 3557 Plinium
2475 3506 2596 3556 uos·

1532 3593 1684 3636 trum.
1743 3586 1993 3637 Absolute
2029 3585 2237 3649 ponitur
2257 3583 2456 3647 Paneg.
2477 3598 2599 3648 cap.

1531 3675 1735 3712 xxxvr.
1772 3667 1824 3712 2.
1850 3665 1866 3693 ‘
1889 3663 2075 3712 Manet
2114 3668 2292 3710 tamen
2327 3660 2490 3709 bonor
2522 3660 2597 3709 le·

1532 3737 1691 3802 gum?
1741 3751 1835 3788 ιιι.
1858 3742 1908 3787 5.
1940 3740 1958 3766 ⁸
1976 3738 2104 3787 Istas
2126 3734 2336 3801 quidem
2359 3749 2519 3785 aeneae
2542 3743 2602 3787 et

1532 3827 1718 3877 paucae
1755 3811 2004 3878 (stature)
2030 3818 2263 3874 manent,
2285 3812 2595 3864 manebunt-

1531 3904 1653 3954 que,
1671 3889 1912 3953 quamdiu
1934 3889 2181 3952 templum
2198 3885 2404 3951 ipsum-⁹
2436 3888 2596 3939 Dein·

1533 3964 1600 4013 de
1625 3965 1839 4014 verbum
1875 3965 1893 3993 ‘
1916 3977 2127 4014 manere
2143 3961 2158 3984 ’
2192 3963 2246 4012 in
2268 3963 2365 4012 hac
2387 3963 2599 4016 notione

1535 4040 1872 4104 conjungitur
1894 4048 2011 4090 cu'm
2035 4054 2160 4089 casu
2193 4038 2375 4101 dandi,
2412 4039 2465 4088 iu
2496 4041 2599 4093 hoc

1533 4118 1693 4168 Plinii
1716 4120 1851 4181 loco,
1875 4125 1931 4168 et
1970 4130 2131 4167 xxiv.
2167 4120 2218 4167 2.
2248 4117 2470 4166 ‘Manet
2502 4116 2599 4168 im·

1534 4196 1782 4259 peratori,
1806 4211 1921 4260 quae
1957 4195 2099 4260 prior
2130 4194 2233 4244 oris
2270 4194 2603 4246 humanitas.'

1534 4271 1671 4322 Item
1705 4272 1873 4337 Epist.
1911 4285 1994 4325 tx.
2031 4274 2110 4322 11.
2144 4271 2159 4300 ‘
2183 4268 2385 4321 Quibus
2406 4268 2601 4337 (libris)

1528 2676 1690 2719 tatem
1735 2669 1915 2717 talium
1955 2667 2249 2732 principum
2293 2673 2592 2716 censuerat·
2694 2707 2701 2713 ,
