3017 4942
771 399 835 446 c.
882 395 1131 447 perun
1178 375 1511 447 saeuum
1561 395 1835 448 Panae.
1909 381 2115 450 1.·82.

335 539 749 592 humanissimum
772 540 893 592 vitae
932 555 1111 605 genus,
1147 541 1398 592 severita-

337 625 445 669 tem
467 619 871 682 comitatemque
891 618 1125 678 miscere,
1148 632 1216 668 ne
1237 619 1322 667 illa
1348 620 1399 668 in

339 696 627 757 tristitiam,
650 696 833 755 baec-in
858 694 1220 758 petulantiam,
1246 708 1401 744 exce·

337 771 463 823 dat.'
530 773 601 822 Et
624 774 818 822 Seneca
838 772 891 820 in
919 771 1209 820 Declamat.
1242 771 1258 797 ⁴
1276 770 1402 820 Orn-

338 850 490 899 nibus
516 850 727 913 prodest
763 848 987 897 animum
1011 847 1275 908 relaxare3
1312 860 1402 895 ex-

288 940 297 949 ·
340 926 535 978 citatur
557 926 693 975 eninr
720 925 899 989 quiete
922 922 1103 987 vigor?
1138 924 1293 973 Bern-

403 1001 530 1052 Sunt
554 1000 703 1063 enirn]
736 1001 917 1062 Longe
949 998 1015 1048 ab
1039 999 1301 1048 illecebris
1318 1013 1402 1048 oc·

339 1078 603 1128 casionum
628 1076 785 1126 facile
809 1083 890 1125 est
914 1075 1137 1125 virtutes
1161 1088 1403 1137 servare;

338 1154 431 1204 sed
458 1155 597 1203 intra
620 1155 935 1216 voluptates,
966 1153 1017 1202 in
1050 1151 1298 1217 aquisque
1322 1168 1403 1202 es-

339 1245 416 1294 se,
450 1245 550 1281 nec
589 1231 772 1296 mergi,
810 1230 937 1281 illud
974 1227 1205 1279 difficile.
1254 1230 1403 1280 Pata-

338 1311 431 1359 rol.

407 1386 533 1444 Quis
551 1384 689 1449 adeo]
712 1384 885 1434 Etiam
910 1382 1258 1441 Domitianus,
1284 1397 1405 1447 per·

338 1461 620 1513 ditissimus
647 1462 912 1525 princeps,
926 1462 1015 1525 jus
1039 1460 1188 1521 dixit,
1210 1469 1264 1511 et
1287 1461 1405 1511 Cai-

338 1551 401 1587 us
434 1538 670 1587 literaria
726 1537 984 1588 exercitia
1022 1551 1084 1587 ac
1118 1539 1407 1600 certamina

338 1616 581 1665 instituit.
615 1616 765 1665 Idem.

405 1693 535 1744 Nom
556 1692 663 1756 quis
692 1690 833 1755 odeo]
867 1691 984 1740 Jom
1018 1691 1125 1755 quis
1159 1693 1275 1741 adeo
1315 1691 1403 1741 Li·

340 1768 446 1818 viu.
469 1768 521 1817 in
546 1776 728 1828 textu3
764 1767 855 1817 sed
891 1767 945 1816 in
980 1768 1232 1832 margine,
1274 1769 1408 1818 Nam

338 1847 448 1908 qais
469 1847 584 1894 odeo
605 1846 670 1892 V.
688 1844 747 1895 C.
770 1851 929 1895 recte.
965 1845 1209 1895 Rittersh.

409 1923 542 1972 Nam
565 1922 696 1986 qais]
729 1921 925 1973 Omnes
947 1924 1153 1973 codices
1173 1924 1303 1973 Mss.
1318 1923 1406 1972 ha·

338 2000 470 2051 bcut
493 2000 625 2049 Nam
640 2015 661 2057 ,-
698 2014 791 2063 pro
813 2012 916 2064 qua
940 2000 1214 2063 particula,
1243 2000 1405 2049 Pute-

339 2071 539 2139 olanus,
571 2075 884 2139 Beroaldus,
908 2075 1198 2138 (tatanem,
1221 2074 1407 2138 Cuspi-

338 2153 545 2208 uiauus,
575 2162 631 2201 et
663 2152 838 2216 plures
869 2151 975 2208 alii,
1014 2152 1146 2201 male
1178 2152 1407 2214 publica-

339 2235 465 2280 runt
486 2230 621 2279 Jam.
690 2229 916 2278 Istarum
938 2235 1110 2278 autem
1129 2229 1408 2292 particula·

340 2321 454 2357 rum
505 2306 963 2356 commutationem
1026 2320 1141 2356 esse
1206 2304 1409 2370 perfre-

342 2388 612 2449 quentem,
625 2383 737 2447 jam
770 2383 1013 2433 annotavi
1041 2383 1107 2433 ad
1133 2397 1305 2435 xxm.
1329 2386 1407 2434 14.

342 2467 400 2510 et
427 2460 476 2508 in
500 2461 722 2509 Excurs.
755 2472 918 2509 xxix.
986 2457 1069 2511 cf.
1106 2459 1408 2510 Drackeub.

339 2538 406 2588 ad
431 2538 612 2588 Silium
631 2537 756 2587 Ital.
782 2549 862 2587 ιι.
887 2540 1001 2586 242.
1034 2536 1277 2587 Schworz.

391 2614 584 2679 Species
595 2613 866 2664 sever-itatis
882 2612 1115 2678 insideat]
1139 2612 1187 2663 N
1193 2613 1409 2669 onnulli,

343 2706 441 2756 pro
475 2692 702 2752 insideat,
741 2690 955 2741 edidere
995 2690 1197 2739 incidat.
1260 2689 1409 2740 Tunc

341 2768 470 2818 mibi
500 2770 550 2818 in
586 2775 814 2817 mentem
836 2767 998 2823 venit,
1020 2780 1086 2815 an
1110 2780 1210 2816 non
1232 2768 1413 2831 species

340 2845 429 2895 bic
452 2846 704 2895 translate
728 2857 823 2907 pro
854 2843 1114 2906 exemplo,
1137 2842 1245 2891 sive
1266 2856 1409 2905 mnu,

342 2922 474 2972 sumi
496 2921 678 2984 possit,
702 2921 779 2970 uti
803 2920 915 2970 scil.
937 2920 1158 2968 sumitur·
1179 2934 1210 2967 a
1233 2916 1426 2968 Plinio'

343 3004 543 3060 nostro,
571 2999 737 3061 Epist.
762 3009 822 3046 x.
842 3000 925 3046 97.
948 2999 964 3025 ‘
982 2997 1111 3045 Mox
1132 2995 1246 3060 ipso
1270 3003 1410 3046 trac·

345 3083 425 3136 tu,
449 3082 507 3125 ut
529 3074 642 3124 fieri
668 3075 822 3129 solet,
856 3070 1182 3122 diffundente
1216 3086 1272 3122 se
1309 3072 1407 3121 cri·

346 3153 505 3215 mine,
519 3154 692 3216 plures
716 3151 919 3214 species
937 3149 1271 3198 inciderunt!
1302 3148 1410 3198 Ubi

344 3228 645 3278 observavit
672 3225 1065 3280 Rittershusins,
1091 3225 1267 3273 vocari
1305 3238 1408 3288 spe-

343 3305 461 3367 cies,
479 3319 607 3369 quas
624 3304 800 3352 dicere
819 3303 1092 3364 soleamus,
1114 3306 1130 3330 ‘
1145 3299 1270 3350 facti
1291 3315 1411 3364 spe·

345 3381 490 3438 cies‚’
523 3389 580 3431 et
615 3381 772 3442 vulgo
815 3377 994 3428 ‘casus
1013 3377 1049 3440 ;’
1080 3393 1210 3442 quos
1236 3379 1410 3429 Graeci

345 3460 525 3512 dicant
550 3459 807 3510 ὑποθέσεις.
862 3459 951 3509 Sic
977 3459 1190 3508 Latinus
1214 3459 1412 3521 Largus

345 3539 401 3588 in
424 3538 528 3602 leg.
552 3542 636 3589 83.
668 3557 723 3587 π.
760 3537 1013 3600 delegat.
1047 3541 1098 3585 2.
1132 3537 1147 3563 ‘
1167 3537 1413 3585 Proxime

346 3629 412 3664 ex
439 3614 580 3664 facto
601 3614 786 3663 incidit
809 3615 1013 3676 species
1035 3611 1191 3662 talis!
1238 3612 1414 3675 Atque

348 3689 442 3752 ibi,
486 3692 502 3721 ‘
531 3689 795 3740 incidere’
837 3688 1052 3745 dicitur,
1089 3689 1415 3751 contingere,

347 3769 593 3828 evenire3
630 3767 706 3816 uti
744 3765 882 3829 apud
916 3765 1028 3814 Cic.
1066 3764 1210 3813 Fam.
1246 3777 1302 3812 v.
1334 3767 1416 3813 1⁷.

347 3845 364 3873 ‘
387 3845 463 3895 Ut
485 3836 760 3908 cogitares,
798 3850 851 3891 et
890 3842 942 3890 iu
982 3847 1155 3891 nostra
1178 3841 1416 3902 civitate,

349 3922 481 3972 etin
505 3921 692 3971 ceteris
724 3934 838 3981 quae
862 3933 1032 3967 rerum
1074 3918 1258 3982 potitae
1282 3922 1420 3978 sunt,

350 3999 526 4049 multis
549 3996 847 4049 fortissimis
873 4005 1029 4059 atque
1053 3996 1260 4057 optimis
1296 3994 1419 4044 viris

349 4076 483 4125 tales
506 4089 653 4124 casus
677 4070 956 4122 incidisse!
1012 4072 1096 4122 Ibi
1120 4072 1328 4123 Cortius
1353 4071 1419 4120 de

351 4150 515 4201 verbo
547 4157 563 4180 ⁸
582 4146 845 4199 incidere'
870 4150 1018 4211 plura
1040 4149 1308 4197 annotavit
1330 4162 1419 4196 ex·

353 4229 547 4292 empla.
614 4227 778 4275 Putes
802 4239 948 4288 ergo,
985 4225 1140 4274 etiam
1187 4224 1419 4274 Plinium

349 4303 441 4356 bic
508 4301 805 4370 siguificare
857 4301 1098 4360 voluisse,
1157 4301 1420 4367 neminem

2366 380 2539 448 1017

1475 542 1770 607 principum
1795 547 1899 592 tam
1921 540 2223 592 dissolutum
2243 557 2376 608 esse,
2391 546 2536 610 cujus

1474 634 1577 669 nou
1603 620 2029 684 occupationibus
2053 622 2212 685 aliquo
2234 624 2425 687 species,
2442 623 2475 672 i.
2491 640 2542 677 e.

1476 711 1632 745 unum
1650 698 1937 747 alterumve
1960 695 2156 747 facturn
2175 708 2229 748 et
2245 702 2539 765 exemplum

1473 773 1752 822 secernam
1768 774 1969 835 incidat,
1987 775 2095 824 sive
2119 775 2406 839 contingat.
2438 774 2538 826 At-

1476 864 1576 914 que
1617 850 1728 901 haec
1765 849 1985 900 fortasse
2007 858 2089 901 est
2113 852 2267 915 ratio,
2300 867 2393 901 cur
2415 866 2542 902 non·

1476 928 1604 975 nulli
1632 941 1725 991 pro
1750 929 1910 977 verbo
1932 928 2156 990 insideat,
2181 929 2442 979 ediderint
2462 930 2539 979 in-

1474 1002 1624 1053 cidat.
1691 1004 2002 1068 Quanquam
2027 1005 2185 1054 etiam
2224 1005 2348 1056 alibi
2378 1007 2541 1057 verba

1478 1084 1494 1112 ⁴
1514 1080 1774 1133 insidere'
1805 1088 1861 1132 et
1893 1089 1908 1113 ⁸
1929 1081 2197 1132 incidere’
2245 1099 2276 1133 a
2312 1083 2540 1133 librariis

1477 1173 1591 1206 esse
1615 1158 2190 1222 permixta,observarit
2210 1160 2458 1209 Burman.
2476 1157 2541 1209 ad

1480 1235 1737 1286 Quinctil.
1757 1235 1933 1284 Instit.
1966 1234 2121 1286 Orat.
2142 1249 2180 1286 1.
2200 1239 2251 1286 4.
2318 1237 2543 1287 Fallitur

1478 1312 1616 1360 enim
1643 1310 1971 1372 Arntzenius,
1995 1311 2114 1359 dum
2139 1312 2328 1371 credit,
2358 1313 2425 1362 ab
2461 1327 2542 1362 er·

1477 1395 1627 1435 rante
1651 1386 1979 1450 typographo
2005 1385 2315 1450 profectum,
2331 1388 2466 1452 quod
2490 1389 2541 1437 in

1481 1463 1777 1513 Cellariana
1817 1462 2043 1511 editione
2082 1462 2289 1526 legatur
2321 1464 2541 1523 incidat:

1479 1540 1713 1604 quamvis
1738 1552 1848 1586 eam
1885 1540 2197 1601 scripturam
2233 1539 2398 1590 secuti
2435 1541 2544 1590 sint

1480 1616 1715 1679 Patarol,
1739 1623 1792 1664 et
1815 1614 2118 1665 Gesnerus.·
2143 1615 2364 1665 Fallitur
2387 1617 2542 1665 etiam

1481 1692 1767 1748 Gesnerus,
1789 1692 1874 1756 qui
1914 1694 1964 1740 in
1999 1692 2220 1755 epistola
2253 1706 2411 1755 supra
2434 1694 2540 1742 lau-

1480 1768 1606 1817 data
1629 1768 1810 1829 tradit,
1833 1767 1957 1818 illud
1979 1768 2161 1817 incidat
2184 1783 2240 1818 se
2258 1784 2287 1817 a
2310 1769 2543 1819 Grutero

1480 1855 1537 1896 et
1562 1845 1787 1894 cellario
1823 1845 2105 1908 accepisse.
2175 1846 2255 1895 De
2295 1846 2543 1908 cellario,

1480 1922 1673 1971 nullum
1710 1926 1790 1970 est
1822 1920 2063 1989 dubium;
2099 1926 2155 1971 at
2188 1922 2465 1985 Gruterus,
2491 1925 2544 1972 iu

1481 1998 1714 2047 editione
1730 1996 2146 2048 Francofurtana
2170 2012 2252 2047 au.
2271 2002 2416 2048 1607.
2437 2014 2544 2049 om·

1481 2076 1606 2123 nino
1630 2060 1862 2123 exhibuit
1879 2072 2090 2123 verbum
2106 2074 2306 2124 insidat.
2329 2074 2545 2132 Verum,

1480 2151 1664 2200 incidat
1688 2151 1861 2200 inveni
1879 2152 1991 2216 jam
2031 2153 2078 2198 iu
2106 2149 2271 2200 Henr.
2295 2152 2544 2214 Stephani
2632 2162 2655 2217 ζ

1482 2225 1669 2276 ἐκδόσει
1688 2242 1771 2276 an.
1792 2232 1938 2277 1591.
1991 2226 2124 2276 Inde
2146 2228 2282 2277 idem
2304 2228 2550 2283 Elzevitii

1483 2319 1570 2354 an.
1597 2308 1740 2354 1640.
1767 2309 2172 2367 expresserunt;
2193 2304 2382 2353 deinde
2406 2306 2550 2354 Box-

1480 2380 1713 2444 hornius,
1732 2381 2138 2437 Kirchmaierus,
2155 2382 2428 2443 Cellarius,
2444 2381 2549 2431 Pa·

1484 2459 1639 2520 tarol‚
1658 2466 1712 2507 et
1736 2458 2021 2509 Gesnerus.
2089 2458 2241 2508 Haud
2264 2456 2548 2520 dissimulo,

1481 2535 1580 2584 hoe
1605 2535 1771 2599 ipsum
1790 2536 1997 2585 verbum
2011 2534 2194 2584 incidat
2215 2548 2315 2584 uon
2339 2535 2551 2585 omnino

1482 2612 1606 2661 mibi
1646 2611 1949 2675 displicere,
1987 2611 2263 2661 dummodo
2307 2626 2373 2660 ue
2409 2612 2547 2661 omni

1482 2701 1739 2737 consensu
1775 2688 2013 2738 codicum
2048 2687 2177 2736 Mss.
2212 2687 2551 2737 destituatur.

1483 2763 1549 2812 In
1572 2763 1651 2812 his
1675 2763 1831 2820 enim,
1851 2763 2179 2827 Parisieusis,
2204 2770 2422 2828 uterque
2441 2764 2548 2813 Ve-

1482 2852 1652 2899 netus,
1676 2843 1984 2908 Patavinus,
2007 2850 2063 2892 et
2084 2843 2218 2894 liber
2241 2844 2548 2906 Vossianus,
2571 2850 2579 2857 ·

1483 2920 1679 2970 habent
1695 2921 1875 2970 insidat
1890 2936 1910 2979 ,·
1923 2935 2073 2984 quam
2091 2921 2369 2971 lectionem
2389 2921 2550 2972 etiam

1484 2999 1801 3061 evulgarunt
1857 2998 2198 3061 Puteolanus,
2243 2999 2551 3056 ‚Catanaeus,

1487 3075 1781 3137 Rhenanus,
1816 3074 2188 3135 ·Philomusns,
2235 3075 2458 3139 Lipsius,
2497 3080 2554 3124 et

1486 3150 1595 3200 alii.
1666 3149 1741 3200 At
1765 3165 1858 3213 pro
1882 3151 2082 3207 insidat,
2106 3150 2552 3214 produntinsz'deat

1487 3226 1697 3276 codices
1736 3226 1998 3290 Vaticani,
2035 3228 2464 3291 salisburgensis,
2497 3235 2553 3278 et

1488 3303 1997 3368 Gnelpherbytauus.
2047 3304 2109 3354 In
2134 3320 2249 3354 meo
2272 3312 2442 3355 autern
2468 3320 2556 3357 co·

1488 3380 1609 3430 dice
1632 3381 1877 3447 mendose
1901 3381 2152 3444 scriptum
2177 3392 2255 3432 est
2278 3383 2554 3433 insidiatus.

1489 3456 1642 3506 Istud
1697 3457 1906 3506 insideat
1956 3457 2150 3520 primus
2206 3458 2557 3522 promulgavit

1491 3534 1806 3595 Beroaldus,
1840 3532 1977 3597 quod
2025 3547 2163 3582 nune
2200 3533 2373 3583 Plinio
2413 3548 2555 3584 asse-

1492 3612 1593 3660 ruit
1619 3607 1961 3670 Arntzenius3
1998 3608 2132 3672 quod
2160 3610 2372 3657 verbum
2396 3624 2556 3674 prop-

1492 3694 1577 3737 ter
1609 3685 1976 3734 auctoritatem
2014 3685 2249 3734 codicum
2289 3686 2415 3735 Mss.
2443 3688 2554 3751 jam

1492 3764 1652 3815 etiam
1695 3762 1894 3824 recepi,
1924 3760 2257 3826 credidique,
2286 3778 2349 3812 eo
2390 3765 2557 3827 magis

1489 3841 1662 3891 locum
1686 3838 1876 3888 babere
1900 3852 2072 3902 posse,
2107 3840 2147 3887 si
2173 3854 2361 3889 nomen
2380 3842 2558 3904 species

1493 3932 1590 3981 pro
1621 3922 1843 3964 externa
1874 3912 2043 3962 forma
2079 3920 2133 3963 et
2165 3914 2438 3965 simulacro
2471 3930 2561 3965 su·

1493 3999 1689 4053 matur;
1725 4005 1839 4055 quas
1869 3990 2012 4038 notio
2030 3988 2167 4053 apud
2194 3990 2354 4040 bonos
2380 4000 2558 4043 aucto·

1494 4085 1578 4119 res
1596 4066 2011 4132 frequentissime
2027 4068 2256 4116 occurrit
2272 4082 2287 4128 ;
2306 4083 2406 4130 mg.
2418 4070 2558 4133 apud

1493 4149 1607 4199 Cic.
1630 4145 1696 4196 de
1722 4145 1875 4196 Offic.
1901 4158 1989 4194 ιη.
2012 4149 2092 4194 11.
2127 4145 2419 4196 ‘Utilitatis
2441 4161 2560 4210 spe·

1493 4225 1577 4275 cie
1600 4225 1654 4274 in
1675 4223 1945 4286 republica
1969 4222 2252 4285 saepissime
2276 4221 2562 4286 peccatur.'

1494 4301 1637 4354 Ibid.
1658 4315 1708 4352 c·
1727 4305 1810 4355 26.
1831 4301 1847 4330 ⁴
1867 4300 1944 4352 Μ.
1960 4297 2152 4352 Atilius
2168 4298 2416 4365 Regulus,
2439 4313 2558 4353 cum
