3017 4942
466 356 600 424 566

467 531 583 567 sam
618 529 733 566 esse
769 528 1056 581 pronomen
1083 530 1166 575 se,-
1199 517 1350 580 cujus
1383 516 1536 566 omis-

469 595 627 645 sionis
643 595 901 659 permulta
912 597 1364 658 extantexempla.
1400 595 1536 647 Inde

471 686 596 721 vero
640 678 1037 737 peropportuna
1079 672 1331 722 existeret
1376 672 1537 723 lectio

468 754 728 813 antequam
741 753 790 798 te
812 748 1047 809 viderent,
1068 750 1365 813 audiuntve,
1389 764 1440 799 se
1458 764 1535 813 pe-

468 826 584 891 cipi,
605 825 980 886 incidijussistr'.
1016 825 1185 877 Idem.

478 937 488 950 ,
536 902 722 966 Enipi,
754 903 926 976 incidi,
945 902 1170 966 jussisti]
1204 902 1423 951 Plurimi
1447 916 1535 953 co·

471 981 614 1031 dices
639 981 768 1030 Mss.
800 988 858 1031 et
887 980 1008 1030 libri
1041 980 1277 1044 impressi
1304 980 1538 1031 referunt

469 1059 605 1107 lianc
646 1057 941 1109 lectionem.
1019 1056 1354 1108 solummodo
1388 1058 1537 1106 Vati·

469 1150 628 1187 canus
645 1138 793 1186 3461.
814 1143 870 1186 et
883 1135 1392 1200 Guelpherbytanns‚
1408 1135 1535 1185 item

471 1219 527 1262 et
548 1213 680 1261 liber
701 1213 846 1276 prior
870 1212 1050 1276 Gudii,
1086 1227 1294 1276 prorsus
1318 1220 1536 1275 praeter-

469 1289 688 1339 mittunt
714 1288 927 1339 verbum
963 1289 1145 1349 incid&
1178 1290 1315 1354 quod
1344 1304 1440 1339 nec
1459 1288 1536 1339 fa-

470 1367 571 1416 cile
594 1367 872 1430 desideres,
905 1367 1001 1417 nisi
1030 1368 1204 1431 potius
1237 1367 1537 1430 suspiceris,

469 1443 580 1507 ejus
603 1441 718 1493 loco
741 1442 955 1492 verbnm
977 1439 1143 1505 recipi,
1177 1450 1418 1508 tanquam
1444 1458 1535 1493 no·

469 1509 592 1578 tius,
614 1536 679 1568 ex
703 1521 871 1585 glossa
894 1509 1186 1585 irrepsisse.
1208 1557 1212 1564 .
1241 1521 1420 1571 Codex
1442 1522 1535 1572 Sa·

467 1597 809 1662 lisburgensis
833 1606 1035 1656 contra,
1067 1613 1165 1661 pro
1198 1598 1350 1648 incidi
1381 1600 1535 1649 inuti·

466 1675 591 1724 liter
613 1677 820 1740 reponit
849 1676 1068 1735 incluti&
1102 1676 1188 1725 ubi
1225 1684 1399 1726 tamen
1434 1691 1536 1726 non

466 1752 690 1803 obscure
723 1761 966 1817 apparet,
1007 1752 1261 1817 quomodo
1295 1753 1536 1803 librarius

469 1842 536 1878 cx
560 1828 721 1878 verbo
750 1829 918 1891 incidi,
942 1828 1091 1892 cujus
1130 1843 1336 1877 sensum
1369 1829 1534 1879 minus

469 1905 730 1969 capiebat,
781 1903 1039 1955 effinxerit
1082 1905 1318 1954 includi..
1369 1905 1538 1957 Henr.

470 1983 786 2047 Stephanus,
807 1981 1110 2044 Ascensius,
1132 1991 1187 2032 et
1202 1982 1424 2042 Eizevir‚
1441 1997 1536 2047 pro

467 2059 618 2109 incidi
649 2059 845 2108 habent
878 2060 1045 2115 indici,
1083 2058 1238 2123 forte,
1262 2062 1407 2122 quasi
1444 2075 1535 2110 no-

471 2142 608 2183 taret
621 2134 860 2193 iudicer-55
873 2150 987 2184 cum
1002 2143 1247 2199 parentes
1258 2135 1537 2187 infantium

469 2224 699 2269 snorum,
736 2211 920 2274 quibus
947 2213 1195 2263 alimenta
1228 2228 1291 2263 ex
1330 2216 1537 2277 publico

469 2286 750 2350 dabantur,
793 2287 1006 2337 nomina
1050 2289 1189 2352 apud
1229 2288 1537 2353 praefectnm

471 2379 691 2414 annona
717 2365 1016 2431 indicarint,
1048 2373 1139 2416 aut
1166 2366 1392 2431 professi
1415 2369 1538 2419 siut.

469 2441 576 2491 Sed
611 2442 722 2491 sine
757 2442 916 2493 dubio
951 2444 1059 2493 hoc.
1086 2458 1289 2508 quoque
1322 2446 1536 2495 verbum

469 2520 639 2584 indici,
681 2535 775 2583 pro
816 2520 987 2581 incidi,
1032 2528 1320 2585 receptum,
1365 2531 1421 2573 et
1468 2538 1537 2572 ex

471 2597 796 2661 ignoratione
839 2599 996 2648 moris
1039 2599 1299 2648 nominum
1338 2599 1390 2648 in
1431 2614 1537 2650 aere

471 2673 880 2738 incidendorum,
923 2682 1092 2725 ortum
1138 2681 1262 2738 est3
1317 2675 1386 2726 de
1436 2692 1539 2741 quo

471 2765 615 2802 more
647 2750 801 2815 infra,
833 2751 898 2801 ad
923 2758 1086 2815 caput
1117 2764 1328 2802 xxvm.
1350 2756 1399 2802 6.
1433 2767 1538 2803 non

471 2829 600 2879 nihil
632 2828 883 2878 dicemus.
921 2830 1074 2879 Idem·

484 2937 491 2944 ·
537 2905 724 2969 Incidi]
757 2906 822 2955 In
855 2907 1013 2955 aeneis
1049 2905 1254 2968 tabulis,
1277 2907 1328 2956 in
1353 2908 1538 2972 quibus

471 2982 582 3031 stili
605 2981 860 3031 incisione
892 2981 1081 3031 civium
1113 2983 1317 3032 nomina
1341 2985 1537 3034 scribe·

472 3060 679 3123 bantur.
715 3060 965 3110 Putarem·
1036 3097 1043 3106 .
1106 3087 1109 3092 ·

541 3134 723 3198 Incidi]
758 3135 1054 3186 Intabnlas
1075 3135 1331 3199 publicas,
1354 3137 1405 3187 iu
1424 3138 1537 3202 qui-

472 3211 570 3263 bus
623 3213 833 3263 nomina
884 3211 1152 3276 descripta
1195 3228 1392 3275 eornm,
1446 3216 1536 3279 qui

474 3287 739 3340 frumento
763 3289 1097 3353 donarentur.
1146 3291 1537 3354 ,Snprafomnes
1564 3324 1574 3337 .

472 3374 753 3432 antequam
777 3373 829 3417 te
854 3366 1088 3417 viderent
1108 3369 1436 3433 adirentque,
1457 3384 1539 3419 re·-

472 3444 598 3510 cipi,
623 3445 799 3510 incidi,
808 3445 1034 3509 jussisti.
1056 3447 1251 3497 senec.
1268 3447 1333 3497 de
1352 3448 1541 3497 Benef.

473 3535 553 3571 ιν.
579 3525 657 3572 18.
691 3529 748 3571 ut
774 3522 980 3586 quidem
1017 3524 1207 3587 legitur
1238 3525 1289 3573 in
1324 3526 1537 3575 cariosis

472 3600 640 3657 libris,
687 3604 704 3631 ⁴
742 3602 1081 3651 Frumentum
1117 3602 1384 3665 publicum
1429 3610 1537 3652 tam

472 3675 577 3738 fur,
608 3692 760 3743 quam
798 3677 1039 3742 perjurus
1074 3687 1130 3728 et
1162 3679 1369 3728 adulter
1404 3680 1539 3729 acci·

474 3757 649 3819 piunt,
683 3764 738 3805 et
764 3755 876 3804 sine
910 3756 1117 3804 delectu
1151 3770 1371 3815 morum,
1404 3756 1542 3820 quis·

476 3832 589 3895 quis
614 3833 809 3883 incisus
832 3833 947 3882 est.'
1013 3833 1287 3895 Pinciano,
1314 3833 1399 3897 qui
1424 3848 1538 3883 eam

473 3908 747 3957 lectionem
792 3909 1094 3972 solicitavit,
1134 3923 1237 3957 uon
1274 3909 1542 3960 assentior.

477 3984 645 4036 Licin.
1166 4025 1169 4030 .

541 4062 729 4126 Incidi]
759 4062 821 4112 In
849 4062 1070 4112 tabulas.
1123 4064 1326 4113 Seneca
1347 4063 1412 4112 de
1437 4064 1540 4113 Be·

478 4139 633 4191 nefic.
669 4151 744 4191 lv.
779 4146 827 4190 2.
865 4149 988 4190 nota
1013 4146 1126 4192 131.
1157 4146 1173 4172 ⁴
1202 4144 1542 4209 Frumentum

479 4217 744 4281 publicum
789 4225 894 4268 tam
932 4215 1038 4277 fur,
1082 4233 1234 4282 quam
1282 4220 1541 4283 perjurus,

480 4292 765 4357 accipiunt,
787 4301 842 4346 et
867 4293 979 4343 sine
1002 4293 1302 4346 discrimine
1328 4310 1543 4354 morum,

411 4757 535 4881 Ι

1161 373 1382 423 ΝῸΤΛΕ
1434 372 1842 425 vAluoluJM
1893 374 1978 425 m

1613 517 1843 583 quisquis
1868 517 1995 569 civis
2015 518 2133 570 est?
2166 517 2384 585 Aliquot
2399 519 2473 571 ibi
2491 519 2680 588 scripti

1611 594 1749 655 libri,
1772 601 1785 624 ⁸
1803 594 2033 660 quisquis
2054 596 2243 648 incisus
2265 597 2383 649 est.’
2416 600 2555 664 Lips.

1677 670 1863 735 Incidi]
1913 673 2182 739 Inscripti,
2222 674 2469 739 insculpti
2507 678 2560 726 in
2596 685 2686 727 ta-

1612 745 1761 805 bulis,
1791 749 1842 797 in
1867 763 2046 799 censu.
2109 750 2250 802 Hinc
2287 755 2518 804 recensis
2555 755 2678 819 quia

1608 824 1893 875 identidem
1919 834 2208 892 purgentur
2227 842 2304 878 eve
2330 828 2541 893 tabula»,
2564 830 2679 881 alii-

1610 915 1712 965 que
1737 901 2083 955 sufficiuntur.
2127 906 2345 957 Sueten.
2363 906 2498 958 Caes.
2520 922 2568 958 c.
2591 905 2677 958 211.

1609 977 1745 1041 Aug.
1766 994 1813 1030 c.
1835 984 1917 1030 40.
1952 981 2108 1033 Bern.

1676 1056 1936 1107 Parentem
1951 1058 2216 1124 publicum]
2250 1060 2430 1110 Rudes
2462 1060 2674 1127 quidam

1609 1131 1830 1198 librarii,
1864 1135 1951 1201 qui
1984 1134 2207 1186 fortasse
2247 1137 2556 1216 ignorarunt
2582 1153 2675 1202 pa-

1611 1218 1811 1260 rentem
1833 1211 2092 1275 publicum
2115 1213 2219 1263 dici
2244 1220 2443 1278 patrem
2468 1217 2675 1279 patriae,

1612 1288 1754 1338 varie
1796 1290 1967 1338 locum
2004 1290 2138 1340 hunc
2173 1298 2541 1355 corruperunt.
2614 1293 2674 1341 ln

1610 1365 1791 1416 codice
1816 1368 2079 1418 Vaticano
2105 1372 2250 1419 1475.
2279 1384 2465 1420 nomen
2499 1386 2672 1434 paren·

1608 1448 1705 1493 tem
1737 1446 1894 1508 plane
1925 1446 2168 1497 omissum
2197 1453 2296 1497 est.
2362 1448 2545 1499 Codex
2570 1450 2675 1498 Ve-

1609 1531 1783 1586 netus,
1837 1530 1894 1574 et
1941 1538 2109 1589 meus,
2163 1524 2374 1575 liabent.
2427 1531 2676 1590 parentam

1604 1598 1844 1663 publicum
1860 1616 2046 1652 munus.
2114 1602 2294 1652 Codex
2312 1603 2678 1667 Guelpherby·

1609 1678 2047 1739 tanusfinversis
2087 1678 2245 1729 modo
2291 1680 2520 1744 vocibus,
2557 1680 2676 1743 pub·

1608 1754 1750 1803 licum
1766 1760 2016 1818 parentum
2040 1770 2227 1805 munus.
2291 1756 2506 1814 Verum,
2543 1756 2677 1806 benc

1610 1845 1665 1879 se
1686 1831 1846 1881 habet
1869 1833 2075 1895 vulgata
2096 1832 2271 1882 lectio.
2324 1832 2410 1882 Ita
2436 1833 2676 1881 nimirum

1608 1907 1859 1971 Trajanus
1905 1910 2063 1959 etiam
2110 1908 2264 1966 infra,
2306 1923 2486 1960 nxvn.
2530 1914 2577 1958 l.
2619 1917 2676 1961 et

1611 1996 1870 2035 Lxxxvn.
1899 1990 1945 2036 1.
1980 2000 2009 2035 a
2034 1985 2204 2035 Plinio
2227 1987 2417 2036 dicitur
2447 1990 2463 2016 ‘
2489 2000 2677 2050 parens

1614 2059 1893 2123 publicus.'
1956 2063 2045 2112 Ita
2088 2069 2145 2112 ct
2187 2063 2482 2127 Imperator
2521 2064 2677 2113 Clan-

1611 2136 1728 2187 dius
1752 2139 2011 2203 Caligula,
2033 2140 2085 2188 iu
2109 2140 2327 2204 antiquo
2342 2147 2677 2189 senatuscon-

1610 2216 1770 2280 sulto,
1802 2215 1943 2266 facto
1981 2216 2048 2265 de
2087 2217 2341 2279 Pallante,
2377 2217 2580 2266 Claudii
2619 2217 2679 2265 li-

1610 2290 1783 2356 berto,
1829 2293 1967 2355 apud
2014 2293 2153 2343 Plin.
2196 2294 2297 2355 Ep.
2344 2306 2469 2343 vnt.
2502 2298 2554 2343 6.
2599 2296 2679 2342 10.

1611 2367 1783 2418 dictus
1818 2376 1901 2419 est
1934 2369 2244 2432 ‘Pr-inceps.
2270 2369 2537 2433 Optimus.
2572 2370 2678 2420 Pa·

1613 2457 1854 2511 rensqne.
1881 2443 2172 2495 Publicus!
2206 2445 2449 2495 Seleucus-z.

1654 2523 1734 2570 De
1747 2523 1853 2586 tuo]
1875 2521 1921 2571 Ι.
1937 2536 1986 2571 e.
2007 2528 2177 2570 sumtu
2193 2528 2301 2578 tuo,
2320 2522 2555 2585 impensa
2569 2526 2677 2579 tua,

1611 2596 1679 2647 de
1700 2598 1804 2648 tuis
1828 2597 2191 2647 facultatibus.
2257 2597 2466 2647 Similes
2483 2596 2679 2647 formu-

1613 2677 1677 2725 1ae
1715 2673 2018 2740 frequenter
2051 2682 2334 2725 occurrunt
2366 2675 2422 2725 in
2450 2675 2678 2740 antiquis

1614 2752 1962 2802 monimentis.
2028 2753 2133 2813 Ita,
2173 2767 2223 2801 v.
2243 2767 2306 2816 g.
2346 2752 2484 2815 apud
2518 2752 2676 2802 Grut.

1614 2844 1731 2894 pag.
1754 2842 1832 2879 vt.
1851 2832 1902 2877 6.
1925 2829 1991 2876 ‹le
2018 2828 2093 2879 M.
2112 2828 2237 2892 Ulp.
2267 2827 2521 2878 Muciano
2550 2829 2678 2891 legi·

1613 2921 1743 2967 mus,
1796 2919 2097 2956 Taunum.
2141 2917 2198 2953 A.
2238 2917 2395 2956 som.
2437 2919 2533 2955 ms.
2575 2917 2677 2955 svo

1613 2996 1895 3033 nx.·v-o·1·0.
1916 2996 2093 3033 mciv.
2147 2982 2211 3032 In
2235 2983 2338 3033 alio
2356 2983 2680 3034 monimento

1611 3060 1827 3109 incisum
1849 3067 1950 3117 est,
1972 3072 2273 3109 manvu.
2306 3071 2400 3108 nx.
2426 3072 2548 3107 svo.
2584 3071 2676 3108 rs·

1612 3149 1852 3187 σπανιεῖ.
1899 3135 2076 3199 ⁴Apud
2109 3136 2324 3185 Terent.
2356 3134 2584 3199 Adelph.
2623 3149 2678 3185 ν.

1610 3218 1659 3263 8.
1702 3217 1779 3264 17.
1806 3213 1937 3263 dicit
1977 3212 2158 3269 Micio,
2203 3213 2322 3262 ‘De
2362 3219 2414 3261 te
2441 3212 2677 3275 largitor,

1613 3290 1777 3355 puer.’
1823 3291 1927 3341 Ubi
1967 3291 2201 3340 Donatus
2235 3290 2468 3355 quidem,
2502 3288 2678 3346 fAcn-

1612 3368 1751 3430 tiua‚’
1782 3369 1968 3433 inquit,
1989 3370 2005 3396 ⁶
2021 3369 2081 3416 de
2106 3372 2154 3417 te
2178 3367 2373 3417 dictum
2397 3374 2501 3427 est,
2523 3381 2675 3433 quam

1611 3448 1671 3494 de
1697 3450 1790 3504 ,tao
1806 3445 1845 3504 ‚·’
1886 3446 1996 3495 sed·
2015 3451 2115 3496 non
2149 3446 2400 3507 ostendit,
2421 3445 2677 3510 quodnam

1610 3523 1737 3573 illud
1757 3537 1973 3573 acumen
1991 3523 2078 3573 sit.
2128 3523 2351 3573 Plautus
2372 3522 2678 3574 Menaechm.

1611 3615 1701 3650 ur.
1725 3605 1773 3650 3.
1792 3605 1872 3651 21.
1890 3601 1905 3628 ‘
1924 3602 2011 3650 Da
2028 3598 2181 3649 sodes
2204 3600 2298 3649 abs
2322 3607 2407 3659 te3
2444 3607 2561 3663 post
2576 3614 2677 3665 ego

1615 3679 1892 3728 reddidero
1908 3676 2041 3727 tibi:
2066 3678 2150 3728 lui
2168 3676 2422 3739 formulas,
2438 3688 2452 3708 ⁸
2466 3677 2535 3728 de
2553 3678 2682 3735 tuo,’

1612 3755 1897 3820 opponitur
1914 3755 1931 3784 ‘
1952 3752 2018 3803 de
2040 3749 2249 3803 alieno.⁹
2279 3753 2471 3805 Justin.
2497 3768 2678 3805 xxxv.

1615 3837 1665 3883 3.
1704 3833 1913 3882 ‘Facile
1956 3840 2082 3882 tnnc
2123 3832 2372 3882 Romanis
2404 3831 2474 3882 de
2507 3833 2675 3884 alieno

1613 3907 1985 3974 largientibus.'
2007 3910 2178 3959 Idem..
2229 3951 2234 3954 .
2405 3957 2408 3966 ¹
2505 3943 2509 3948 .

1625 4005 1628 4014 ·
1702 3986 2055 4050 Alimentisqne
2075 3975 2197 4052 tuis]
2224 3986 2239 4015 ‘
2262 3986 2677 4040 Frumentariam

1615 4062 2042 4129 perceptionem’
2076 4063 2185 4115 Jul.
2219 4062 2547 4127 Capitolinus
2586 4078 2677 4129 ap·

1618 4143 1784 4206 pellat
1814 4142 1998 4191 Marco
2020 4139 2287 4192 Antonino
2321 4141 2638 4205 Philosopho
2661 4158 2677 4202 ;

1618 4218 1633 4245 ‘
1651 4218 1974 4267 alimentaria
2006 4217 2352 4281 compendia,’
2380 4218 2679 4269 Pertinace.

1619 4295 1787 4345 Porro
1830 4295 2096 4356 pertinent
2138 4294 2235 4346 huc
2278 4293 2494 4360 Trajani
2537 4294 2678 4348 numi
