3017 4942
491 368 632 440 &38

501 533 782 587 secundam
800 545 1031 586 mensam
1053 545 1201 585 usum
1226 529 1468 597 potandi,
1482 545 1569 582 us·

495 622 608 676 ’que
663 610 729 662 ad
783 610 1011 676 quinque
1066 609 1252 675 pocula
1307 604 1571 658 instituit.’

583 761 811 827 Quando]
862 761 981 813 Non
1025 760 1151 810 nulli
1197 759 1399 812 codices
1434 758 1566 809 Mss.

493 837 699 889 habent
734 854 814 902 qn.
845 845 905 889 ut
933 840 1093 903 possis
1128 839 1305 902 legere
1326 836 1570 901 quonium,

504 916 587 967 vel
610 918 812 979 quando.
847 915 1108 966 Schwart-

572 991 785 1056 Ornutu]
835 991 1032 1043 Nescio
1075 990 1200 1056 quid
1240 988 1442 1041 subolet
1486 987 1569 1038 rel

428 1053 453 1075 ⁰
495 1067 638 1126 vitii,
670 1070 755 1119 vel
795 1067 1055 1119 defectus.
1117 1067 1203 1118 An
1240 1065 1360 1131 fuit,
1396 1071 1569 1117 mata

500 1144 622 1194 comi
639 1144 915 1207 grauitas?
947 1144 1094 1208 Lips.

575 1220 786 1285 Omata]
820 1222 1016 1272 Ennius
1044 1220 1183 1285 apud
1215 1221 1355 1272 Gell.
1383 1220 1473 1272 lib.
1502 1233 1568 1273 n.

496 1303 520 1333 ·‘
535 1296 716 1348 Hocce
736 1298 915 1349 locutu
933 1302 948 1325 ¹
967 1306 1141 1361 vocat,
1165 1298 1251 1363 qni
1273 1312 1391 1347 cum
1413 1297 1568 1362 bene,

497 1386 662 1438 saepe,
677 1374 923 1438 libenter,
937 1375 1176 1427 Mensam
1201 1388 1568 1438 sermonesque

498 1464 621 1500 suos
657 1463 932 1516 rerumque
968 1465 1175 1501 suarum
1210 1451 1439 1501 Comiter
1473 1453 1568 1501 im-

500 1524 701 1592 partit,’
732 1530 835 1578 &c.
867 1527 1024 1577 Bern-

564 1602 935 1668 Superstitionis
966 1605 1220 1670 mysteria]
1253 1605 1303 1655 1.
1326 1619 1374 1654 e.
1405 1604 1563 1655 iuter-

487 1687 652 1746 prete
686 1682 882 1745 Lipsio‚
909 1680 1206 1731 sacerdotes
1241 1681 1417 1743 Isiaci,
1440 1680 1561 1731 Bel·

499 1758 704 1816 imarii,
725 1757 866 1809 Galli
900 1758 1092 1808 Matris
1127 1758 1317 1821 Deum,
1342 1759 1431 1824 qui
1466 1758 1564 1810 cir-

489 1833 864 1886 cumferebant
906 1847 1000 1884 sua
1040 1834 1308 1898 mysteria,
1346 1841 1405 1884 et
1441 1847 1565 1884 eum

498 1911 658 1961 cboro
679 1911 857 1960 domos
880 1915 935 1960 et
954 1910 1195 1960 convivia
1222 1909 1464 1959 solebant
1495 1909 1565 1960 ir-

498 1998 758 2050 rumpere.
834 1987 943 2036 Pro
979 1999 1109 2036 voce
1146 1986 1389 2050 raynerius,
1426 1985 1565 2036 Aru·

497 2062 699 2112 tzenius
723 2061 994 2113 substituit
1009 2062 1293 2122 ministeria,
1308 2062 1445 2113 etde
1468 2079 1565 2129 pu·

495 2141 602 2193 cris
639 2140 1025 2198 Alexandrinis,
1064 2155 1127 2207 ac
1166 2141 1329 2192 servis
1364 2142 1564 2206 AEgyp·

496 2217 666 2282 timis,
718 2219 1115 2281 interpretatur.
1193 2217 1290 2267 Cui
1349 2217 1564 2268 lectioni

496 2308 802 2360 quamquam
844 2291 1059 2343 favesnt
1095 2291 1287 2343 iudicia
1327 2293 1563 2344 codicum

495 2369 629 2423 Mas.
665 2370 932 2436 pristinam
978 2373 1150 2420 umen
1194 2378 1562 2436 perpetuoque

493 2445 662 2497 adbuc
695 2446 954 2510 vulgatam
987 2446 1281 2505 lectionem,
1317 2453 1561 2511 tanquam

489 2522 761 2575 meliorem
785 2530 841 2574 et
862 2522 1170 2586 digniorem,
1192 2523 1365 2573 Plinio
1394 2523 1564 2577 viudi-

495 2606 671 2650 catum
695 2600 764 2651 ivi
788 2599 840 2649 in
864 2599 1084 2650 Excurs.
1105 2611 1233 2650 xnv.
1269 2599 1514 2651 Solum.

562 2675 955 2741 Superstitioub]
988 2675 1099 2727 Aut
1116 2676 1401 2741 AEgyptiae‚
1417 2685 1561 2740 puta,

494 2760 587 2804 aut
608 2754 865 2811 Judaicae,
897 2761 989 2815 aut
1023 2754 1304 2804 consimilis
1337 2753 1562 2816 generis,

487 2846 611 2899 qun
649 2833 969 2898 temporibus
998 2832 1082 2890 iis,
1107 2833 1242 2882 sicut
1278 2837 1335 2882 et
1366 2840 1560 2882 ceterae

490 2909 640 2958 malae
660 2916 820 2965 artes,
838 2910 1015 2965 Romae
1036 2909 1207 2958 locum
1227 2907 1560 2959 invenerunt.

491 2983 651 3035 Plura
673 2984 917 3037 Juvenal.
941 2985 1055 3036 Sat.
1087 2998 1166 3034 vr.
1212 2984 1560 3037 ‘Qualiscun-

492 3075 593 3125 que
630 3062 791 3118 voles,
832 3061 1009 3113 Judoei
1053 3061 1249 3112 samnia
1288 3058 1560 3112 vendunt!

492 3140 714 3191 Pater-oi.

558 3215 840 3277 Peregrina
872 3213 1247 3279 superstitionis]
1280 3214 1421 3275 Hoc,
1443 3215 1558 3280 opi-

484 3303 607 3352 ·nor,
643 3297 859 3355 propter
892 3291 1163 3344 institutos
1187 3305 1217 3343 a
1252 3292 1557 3341 Domitiano

488 3365 788 3416 sacerdotes
823 3367 876 3414 in
919 3365 1142 3431 Albano,
1174 3367 1363 3434 quibus
1402 3369 1556 3440 unice

487 3441 802 3495 delectatus.
835 3441 999 3493 Licin.

556 3517 835 3581 Peregrina
871 3517 1249 3584 superstitionis]
1295 3518 1556 3573 Referunt

485 3594 589 3645 ad*
607 3595 923 3652 sacerdotes,
941 3609 1069 3658 quos
1088 3595 1139 3644 in
1159 3602 1335 3645 moute
1348 3593 1554 3646 Albano

484 3670 749 3725 instituit.’
817 3670 924 3721 Sed
966 3685 1062 3720 cur
1105 3685 1170 3720 ea
1221 3671 1239 3699 ‘
1276 3671 1555 3735 peregrina

477 3747 786 3811 superstitio
804 3745 842 3799 ?’
886 3754 978 3798 aut
1026 3746 1147 3810 quid
1192 3746 1259 3795 ad
1307 3749 1554 3801 mensas?

485 3821 667 3871 Malim
694 3823 937 3886 accipere
970 3821 1182 3880 Isiacos,
1207 3823 1555 3887 Bellonarios,

486 3897 669 3952 Gallos
690 3898 880 3950 Matris
912 3898 1104 3961 Deum,
1136 3900 1220 3963 qui
1246 3914 1363 3950 cum
1388 3908 1552 3964 cteta,

485 3981 578 4025 aut
599 3974 776 4031 choro,
810 3975 986 4025 domos
1020 3982 1076 4024 et
1108 3976 1347 4027 convivia
1378 3979 1551 4028 solent

484 4050 792 4115 irrumpere.
844 4050 1088 4102 Juvenal.
1121 4052 1234 4102 Sat.
1268 4065 1350 4101 vr.
1388 4052 1551 4115 dicet,

483 4132 542 4177 et
573 4125 857 4178 describet.
927 4126 1011 4178 Au
1044 4133 1100 4180 et
1131 4128 1199 4179 de
1231 4128 1431 4185 Judaeis
1470 4129 1549 4185 vis

485 4202 687 4265 accipi?
720 4203 859 4266 Lips-

550 4275 789 4341 Qbsoesa]
824 4278 1186 4344 Pssltrisrum,
1210 4281 1549 4348 cinaedorum,

1198 382 1420 435 norm
1445 368 1878 433 vitatorium
1926 367 2011 439 1⁷⁸

1644 529 1930 596 puellarum
1978 545 2009 582 a
2064 527 2302 582 Gadibus
2324 541 2343 592 3
2397 527 2464 581 de
2520 527 2714 595 quibas

1642 609 1926 670 scriptores
1948 607 2180 672 sparsim.
2217 608 2368 657 Ideni.

1713 684 1927 735 Obscena
1957 682 2250 748 petulantia]
2281 683 2582 733 scortorum
2608 681 2714 733 sci·

1642 760 1788 821 licet,
1832 767 1922 811 aut
1961 761 2323 826 parasitorum,
2359 764 2450 809 aut
2489 759 2711 809 aliorum

1640 835 1861 900 hujusce
1890 837 2092 900 generis
2123 848 2399 901 pravorum
2419 835 2713 886 bominum.

1643 912 1865 964 Puturol.

1712 988 1925 1038 Obscena
1938 986 2228 1052 petulantia]
2254 986 2601 1052 Agnoscimus
2622 987 2712 1039 hic

1641 1067 1879 1131 exempla
1900 1066 1990 1115 τοῦ
2009 1064 2152 1129 ὕψους
2169 1065 2288 1131 styli
2305 1064 2531 1115 Pliniani
2549 1081 2566 1128 ;
2583 1066 2712 1117 dum

1642 1155 1739 1206 per
1776 1142 2002 1207 mysteria
2029 1142 2300 1207 peregrina
2334 1142 2709 1206 superstitionis.

1639 1218 1933 1268 sacerdotes
1957 1225 2011 1268 et
2035 1220 2267 1280 chorum,
2290 1219 2534 1282 mysteria
2571 1221 2710 1269 Deae

1641 1295 1886 1359 Phrygias
1911 1303 1966 1347 et
1988 1296 2224 1345 Bellonae
2248 1293 2710 1357 circumferentes5

1641 1387 1738 1437 per
1755 1375 1771 1400 ‘
1786 1374 2063 1424 obscenam
2077 1371 2454 1436 petulantiam:
2469 1372 2709 1423 homines

1638 1451 1893 1502 obscenos
1917 1459 1971 1501 et
2004 1452 2322 1515 petulantes,
2345 1450 2581 1514 designat
2601 1465 2618 1511 ;
2639 1451 2709 1501 de

1634 1528 1849 1594 quibus,
1872 1529 2039 1594 Epist.
2060 1542 2142 1579 rx.
2164 1532 2243 1578 17.
2267 1527 2481 1578 scribite
2507 1535 2521 1563 a
2539 1528 2711 1577 Rece-

1640 1607 1694 1670 pi
1721 1606 1897 1656 literss
1933 1613 2063 1663 tuas,
2100 1604 2287 1670 quibus
2319 1604 2580 1670 quereris,
2615 1613 2711 1654 tae·

1641 1682 1730 1731 dio
1759 1682 1854 1732 tibi
1879 1681 2060 1746 fuisse,
2093 1681 2329 1747 quamvis
2366 1680 2709 1731 lautissimam

1639 1771 1869 1822 coenam;
1903 1759 2025 1823 quia
2064 1771 2283 1818 scurroe,
2313 1756 2521 1819 cinoedi,
2555 1758 2711 1807 mori·

1638 1849 1784 1899 ones,
1795 1836 1985 1885 mensis
2009 1833 2345 1885 inerrabantss
2389 1835 2481 1885 Sic
2502 1842 2556 1883 et
2581 1837 2709 1884 Sue-

1639 1919 1750 1963 ton.
1778 1914 1893 1964 Tib.
1925 1927 2044 1977 cap.
2070 1915 2154 1962 42.
2186 1909 2369 1967 refert,
2405 1910 2708 1964 ‘Tiberium

1637 1988 1789 2039 uudis
1806 1990 1990 2055 puelus
2005 1986 2420 2039 ministrantibus
2438 1982 2709 2038 coeuasse.’

1630 2065 1885 2117 Schmun.

1707 2141 1938 2206 oberrat]
1983 2141 2182 2193 Plinius
2205 2141 2370 2207 Epist.
2391 2141 2426 2190 l.
2449 2152 2531 2189 rx.
2550 2152 2604 2190 u.
2627 2143 2708 2190 17.

1638 2219 1656 2248 ‘
1679 2220 1950 2283 Quereris,
1975 2220 2072 2270 tibi
2097 2218 2255 2270 taedio
2288 2217 2446 2268 fuisse
2468 2216 2707 2282 quamvis

1639 2297 1977 2347 lautissimam
2029 2309 2248 2352 coenam,
2306 2294 2440 2358 quod
2486 2307 2705 2349 scurrae,

1637 2372 1847 2438 cinaedi,
1866 2372 2143 2432 moriones,
2153 2370 2345 2420 mensis
2368 2366 2710 2420 inerrabaut.'

1638 2449 1776 2513 Lips.

1705 2526 1931 2588 Benigno
1951 2524 2199 2588 invitatio]
2245 2524 2334 2575 Sic
2352 2522 2470 2573 Liv.
2493 2533 2707 2573 xxxm.

1635 2606 1717 2654 89.
1752 2603 1989 2652 ‘Primus
2023 2616 2327 2666 congressus
2351 2615 2468 2650 cum
2500 2601 2705 2664 legatis,

1634 2687 1689 2729 et
1720 2678 1971 2742 deinceps
1993 2677 2232 2727 invitatio
2261 2676 2487 2740 benigna
2510 2683 2567 2725 et
2590 2676 2704 2726 hos-

1636 2755 1809 2820 pitalis
1833 2754 1971 2805 fuit-⁸
2037 2754 2141 2804 Hic
2164 2768 2263 2803 non
2289 2752 2617 2817 significatur
2640 2767 2703 2803 ea

1634 2831 1895 2892 invitatio,
1914 2844 2027 2896 quae
2055 2842 2254 2879 coeuam
2273 2829 2579 2890 antecessit,
2603 2844 2701 2893 qua

1632 2908 1869 2973 hospites
1908 2908 1972 2957 ad
2009 2907 2301 2956 convivium
2346 2904 2699 2967 vocabantur,

1633 2986 1726 3036 sed
1741 3000 1821 3044 ea,
1845 3000 1961 3051 quse
1988 2984 2039 3034 iu
2061 2984 2176 3048 ipsa
2191 2996 2336 3032 crena
2353 2980 2515 3044 faeta,
2537 2996 2700 3047 qusn-

1632 3061 1701 3112 do
1726 3063 1958 3112 convivas
1983 3057 2399 3123 adloquendum,
2416 3057 2701 3119 edendum,

1630 3150 1684 3191 et
1709 3137 1944 3202 inprimis
1964 3134 2493 3190 bibendum,comiter
2514 3147 2698 3198 provo-

1631 3214 1916 3274 cabantur-3
1949 3214 2004 3263 in
2037 3225 2140 3276 quo
2174 3210 2283 3260 selo
2315 3209 2538 3273 aliquam
2573 3210 2697 3259 Tra·

1618 3291 1734 3356 jani
1757 3288 2212 3352 intemperantiam
2236 3293 2421 3336 notant
2443 3284 2696 3359 historici,

1629 3367 1849 3418 eandem
1868 3373 2043 3416 tamen
2065 3367 2272 3417 noxiam
2292 3363 2485 3413 nemini
2506 3368 2697 3427 ,prout

1627 3444 1738 3494 baec
1759 3443 1967 3507 Lipsius
1997 3448 2051 3491 et
2079 3441 2348 3491 Gesnerus
2372 3441 2504 3489 bene
2531 3438 2696 3504 expliv

1628 3528 1772 3572 cant.
1835 3520 1923 3573 Sic
1948 3525 2004 3570 et
2025 3517 2061 3568 ii
2085 3517 2209 3582 ipsi,
2242 3517 2331 3583 qui
2357 3517 2495 3566 ultro
2531 3515 2696 3566 indul„

1629 3596 1822 3661 gebaut
1848 3597 2014 3661 potui,
2036 3597 2054 3624 ⁸
2075 3608 2133 3645 se
2157 3593 2384 3644 invitare
2405 3590 2420 3614 ’
2449 3591 2696 3643 dicebau-

1629 3683 1729 3727 tur.
1797 3675 1974 3726 Plaut.
2011 3672 2204 3737 Amph·
2235 3685 2277 3721 ι.
2301 3675 2348 3722 1.
2373 3674 2489 3725 127.
2520 3678 2537 3705 c
2560 3669 2697 3721 Mira

1624 3758 1764 3816 suut,
1785 3752 1883 3802 nisi
1908 3752 2152 3803 invitavit
2172 3765 2230 3803 se
2246 3750 2300 3800 iu
2322 3763 2473 3799 coeua
2488 3749 2695 3817 pluscu«

1627 3827 1772 3881 lum?
1806 3828 2050 3897 Schmun-z.

1692 3903 1951 3967 Invitatio]
2005 3901 2092 3954 Ad
2147 3900 2482 3966 loquendum,
2531 3899 2693 3950 eden..

1625 3979 1769 4041 duim,
1787 3994 1852 4029 an
1875 3984 1931 4029 et
1947 3977 2253 4030 bibendum?
2279 3976 2373 4039 ita,
2393 3991 2459 4025 ex
2483 3975 2693 4039 ingenio

1622 4055 1848 4120 Trajani.
1917 4055 2056 4104 Nam
2088 4054 2105 4080 ‘
2124 4053 2228 4102 vini
2261 4051 2586 4116 cupidiorem
2610 4049 2692 4102 fun

1622 4130 1724 4180 isse
1742 4130 1757 4152 ’
1800 4130 1922 4188 Dio,
1965 4144 2084 4194 pag.
2126 4132 2242 4179 243.
2285 4129 2335 4177 iu
2381 4127 2693 4193 compendio

1621 4205 1882 4275 Xipbilini
1906 4212 2083 4259 notet:
2115 4213 2168 4256 et
2191 4205 2526 4268 Spartianus,
2549 4212 2564 4234 ⁸
2582 4203 2691 4257 Ha-

1621 4283 1860 4337 drianum
1893 4283 2012 4337 vino
2037 4281 2330 4341 indulsisse,
2350 4281 2566 4346 Trsjsni
2586 4295 2693 4347 ιμο,
