3017 4942
752 371 821 419 c.
868 368 1113 417 eumn
1158 366 1498 417 saeuum
1527 367 1821 416 ranno.
1894 367 1948 414 1.
1990 349 2101 418 80.

318 513 448 563 dnm
473 511 779 576 jamdudum
800 527 870 562 ex
891 526 994 562 uno
1017 519 1266 575 corrupto
1288 524 1379 562 εκ·

315 590 539 653 emplari
565 588 856 653 prodierint
877 591 1045 654 plura.
1077 589 1318 639 Sauara.

389 667 442 714 Ο
459 680 570 716 vere
596 665 847 729 principis,
864 672 1009 730 atque
1041 666 1191 717 etiam
1214 680 1380 716 consu·

313 741 407 804 lis]
452 733 573 792 Vere
607 743 798 792 dicitur
837 743 922 793 bic
967 747 1120 806 pro‘
1148 740 1380 805 revera,²

310 826 430 880 ant,
453 819 497 867 si
520 818 593 867 ita
618 818 798 873 mavis,
816 818 1116 868 adverbium
1139 833 1266 877 cere,
1286 831 1382 882 per

312 895 587 958 enallagen
614 895 826 957 ponitur
857 908 952 958 pro
973 893 1237 957 adjectivo
1258 894 1381 945 veri.

309 970 405 1021 Sic
443 982 843 1032 supra,xxxv1.
901 969 1138 1019 Plinius·
1186 970 1202 997 ⁴
1226 970 1381 1020 Nunc

312 1046 575 1108 templum
600 1045 741 1103 illud,
765 1059 901 1094 nunc
925 1059 1048 1095 vere
1066 1044 1251 1095 Deus!
1293 1045 1380 1096 Sic

314 1132 373 1174 et
397 1124 612 1174 Terent.
635 1123 866 1173 Eunuch.
889 1136 972 1173 nt.
996 1127 1048 1174 4.
1068 1127 1154 1175 58.
1198 1130 1215 1153 ·
1245 1124 1378 1175 Τιιιιι

311 1201 407 1264 pol
444 1213 543 1264 ego
574 1201 618 1250 is
652 1210 819 1249 essem
859 1214 998 1255 vere,
1031 1194 1380 1265 (Eunuchus,)

309 1277 407 1340 qui
432 1275 746 1325 simulabat-⁹
814 1276 950 1326 Item
983 1277 1262 1327 Eumenius
1284 1292 1377 1342 pro

311 1354 566 1406 Restanr.
601 1355 774 1405 Schol.
807 1370 921 1419 cap.
937 1360 988 1406 6.
1022 1357 1037 1384 ‘
1064 1357 1377 1420 Constantii,

310 1444 442 1479 vere
485 1430 737 1495 principis
782 1431 1098 1495 juventutis,
1151 1433 1376 1485 incredi-

308 1506 474 1557 bilem
524 1522 648 1572 erga
700 1509 1033 1572 juventutem
1088 1510 1375 1562 Galliarum

311 1597 524 1633 suarum
575 1584 961 1636 solicitudinem
1002 1594 1163 1650 atque
1206 1588 1373 1637 indul-

310 1660 546 1724 gentiam
573 1662 752 1710 mirari
774 1663 899 1713 satis
921 1662 1157 1729 nequeo.’
1202 1664 1375 1715 Multa

310 1739 560 1802 exempla
596 1738 891 1801 hujusmodl
941 1741 1224 1804 enallages,
1279 1756 1376 1805 per

283 1824 471 1878 ‘quam
509 1813 757 1864 adverbia
796 1829 893 1879 pro
930 1816 1203 1880 adjectivis
1232 1816 1372 1881 apud

306 1890 552 1954 probatae
587 1890 890 1941 Latinitatis
911 1897 1151 1942 auctores
1175 1907 1373 1955 ponun-

302 1962 422 2031 tur,
459 1968 570 2032 jam
615 1977 984 2019 enumeraruut
1022 1970 1372 2033 grammatici,

305 2059 428 2110 qnae
464 2059 601 2096 nunc
641 2054 899 2111 repetere,
932 2058 1370 2110 supervacaneum

305 2123 466 2176 duco.
530 2127 671 2190 Ergo
721 2140 823 2175 nou
878 2140 1094 2176 neeesse
1143 2127 1371 2177 habuere

304 2200 615 2262 Ascensius,
647 2202 912 2266 Gryphius
945 2217 1079 2252 anno
1115 2207 1261 2253 1542.
1300 2202 1372 2252 H.

306 2277 628 2342 Stephanus,
655 2279 890 2336 Riviuua,
912 2280 1213 2340 Hearne‚et
1230 2279 1370 2331 forte

305 2354 420 2416 alii,
445 2369 539 2417 pro
559 2369 684 2417 vere,
708 2369 961 2419 reponere
979 2356 1099 2406 veri.
1163 2356 1369 2419 Sigilla-

221 2432 227 2439 '
306 2432 403 2480 tim
442 2431 653 2482 Hearne
694 2432 821 2481 satis
859 2430 1096 2495 frigidam
1139 2431 1371 2483 reddidit

303 2508 616 2564 orationem,
656 2509 744 2571 qui
775 2515 1037 2571 preterea
1064 2507 1367 2570 particulam

304 2584 633 2634 exclamandi
668 2599 696 2632 o
723 2598 932 2646 prorsus
961 2583 1152 2633 omisit.
1219 2583 1368 2632 Dici-

304 2667 396 2710 tur
435 2669 610 2710 antem
647 2660 977 2714 ἑλλεετ-ηκῶε,
999 2674 1027 2707 o
1054 2672 1163 2707 tere
1188 2659 1367 2720 priari-

299 2737 398 2798 pis,
417 2741 563 2799 utque
583 2738 725 2786 etiam
741 2735 962 2791 causalis,
980 2734 1367 2798 scilicet,opus,

302 2826 514 2874 munus,
537 2820 628 2861 aut
642 2813 831 2862 simile.
893 2812 1087 2862 Mirum
1112 2825 1234 2860 vero
1267 2818 1367 2873 est,

305 2903 404 2938 cur
426 2889 480 2938 in
504 2889 760 2951 omnibus,
781 2888 963 2954 quibus
986 2903 1109 2938 usus
1131 2903 1261 2952 snm,
1280 2902 1368 2939 co·

303 2965 515 3016 dioibus
541 2967 670 3014 Mas.
693 2967 919 3031 itemque
943 2966 994 3015 in
1016 2966 1172 3016 editis
1194 2979 1364 3016 exem·

302 3042 538 3104 pluribus
562 3041 861 3106 Puteolani,
874 3042 1144 3100 Beroaldi‚
1161 3041 1387 3100 Rheua·,

300 3119 377 3173 ni,
415 3125 472 3168 et
505 3118 805 3179 Philomusi,
844 3132 938 3181 pro
979 3132 1107 3168 voce
1146 3121 1368 3178 causalis,

301 3193 536 3258 legamus
557 3183 755 3245 decoris.
826 3195 946 3244 Nou
964 3195 1224 3258 dispicere
1248 3211 1365 3259 pos·

301 3285 437 3327 nm,
457 3271 581 3336 quid
608 3272 726 3320 huic
758 3270 994 3320 varietati
1032 3271 1364 3322 introducen-

300 3347 384 3408 das
434 3347 644 3397 dederit
689 3348 1046 3408 occasionem3
1092 3348 1187 3397 nisi
1225 3347 1367 3414 quod

300 3425 556 3488 suspicer,
570 3427 683 3488 jam
709 3426 829 3474 olim
855 3425 1131 3487 quendam,
1151 3425 1202 3473 in
1223 3425 1389 3477 codi0.

300 3515 363 3549 ce
408 3514 523 3565 suo,
560 3515 734 3563 snpra,
764 3501 844 3549 vel
866 3501 1024 3564 juxta
1060 3501 1365 3551 vocabulum

299 3577 522 3634 consulis,
555 3574 863 3639 supplenda
889 3575 1145 3640 δλλείψεωε
1166 3592 1365 3635 caussa,

301 3657 549 3715 tanquam
595 3652 815 3714 glossam
858 3652 1125 3714 scripsisse
1177 3666 1363 3702 nomen

298 3729 441 3777 decas
455 3743 476 3786 ‚0
509 3729 656 3792 quasi
683 3727 852 3775 animo
875 3726 949 3776 ita
973 3727 1261 3791 supplenda
1283 3742 1364 3778 es·

299 3812 420 3854 sent
455 3805 551 3854 ista
576 3804 735 3853 Plinii
767 3802 947 3864 verba,
985 3807 1033 3852 0
1057 3819 1165 3855 vere
1183 3804 1364 3868 princi-

293 3878 387 3941 pis,
408 3884 550 3943 atque
568 3878 717 3928 etiam
734 3878 957 3940 consulis,
985 3880 1128 3930 decus
1141 3880 1168 3931 l
1232 3880 1362 3929 Cum

299 3953 490 4004 deinde
526 3969 593 4004 ex
633 3954 724 4003 tali
756 3953 938 4003 codice
966 3955 1097 4004 alins
1131 3954 1272 4004 rudis
1305 3954 1363 4003 li·

297 4031 500 4082 brarins
524 4030 847 4080 describeret
869 4032 1156 4093 exemplar,
1178 4031 1362 4094 opina·

299 4115 383 4157 tus
416 4109 578 4167 decas,
614 4108 732 4156 loco
758 4107 981 4169 comus,
1007 4106 1127 4169 poni
1149 4105 1362 4164 debere,

298 4183 396 4234 boc
433 4197 620 4233 nomen
654 4182 860 4233 causalis
893 4183 1046 4246 plane
1079 4183 1267 4248 omisit,
1304 4192 1362 4237 et

300 4274 394 4324 pro
416 4275 502 4325 eo,
524 4262 670 4313 decas
701 4259 753 4308 in
785 4259 969 4309 decoris
998 4260 1279 4318 convertit,
1301 4267 1361 4312 nt

2380 348 2512 417 985

1455 522 1573 562 cmu
1622 509 1830 562 nomiae
1861 512 1868 519 '
1896 509 2128 575 principis
2189 511 2512 563 conveniret-⁰

1457 589 1603 640 Hine
1638 590 1860 640 varietas
1894 591 1997 639 ista
2024 589 2079 639 in
2107 596 2184 640 tot
2205 588 2511 654 superstites

1455 665 1666 716 codices
1708 666 1946 715 derivata
1985 673 2080 715 est.
2144 665 2343 716 Rursus
2377 666 2510 724 alius

1455 743 1712 805 librarius,
1757 757 1873 792 curn
1910 742 1963 791 iu
2001 741 2173 805 aliquo
2206 740 2386 790 codice
2419 741 2511 790 ad-

1455 819 1558 870 huc
1578 834 1754 870 vocem
1782 820 2005 881 canalis,
2025 819 2079 868 iu
2099 818 2202 867 alio
2221 818 2402 868 decoris
2432 818 2509 868 in·

1455 897 1675 957 veniret,
1698 911 1792 960 pro
1813 896 2064 959 sapientia
2083 910 2175 945 sua
2196 904 2408 945 conatus
2425 901 2511 946 est

1455 971 1583 1023 latas
1621 975 1880 1022 variantes
1921 972 2168 1022 lectiones
2210 972 2510 1033 conciliare,

1454 1056 1612 1115 atque
1649 1049 1771 1100 inde
1802 1049 2020 1108 effinxit,
2060 1052 2107 1099 Ο
2126 1064 2233 1100 aere
2258 1050 2507 1114 principis,

1453 1125 1597 1191 atqu
1618 1126 1763 1176 etiam
1784 1126 2051 1185 consularis,
2064 1123 2281 1178 decoris!
2336 1128 2505 1180 Quam

1456 1203 1734 1254 lectionem
1758 1203 2047 1268 publicavit
2068 1203 2434 1266 cuspinianus,
2452 1209 2509 1255 et

1454 1279 1506 1330 iu
1549 1288 1729 1330 vetere
1764 1280 1945 1329 codice
1988 1294 2082 1328 sno
2124 1280 2319 1329 invenit
2369 1280 2507 1329 Livi·

1454 1357 1621 1407 ueius.
1683 1355 1786 1405 Sed
1807 1369 1974 1419 neque
1995 1353 2109 1404 haec
2132 1353 2279 1403 uobis
2300 1353 2473 1417 placet
2491 1369 2509 1416 ς

1451 1431 1709 1495 inprimis,
1751 1446 1866 1480 cum
1907 1438 2032 1481 tunc
2071 1430 2388 1495 conjunctim
2431 1433 2508 1482 le·

1442 1508 1677 1573 gendum
1718 1506 1976 1569 videatur,
2013 1509 2060 1556 Ο
2090 1521 2201 1557 vere
2228 1508 2509 1572 principalis

1449 1591 1592 1649 atque
1610 1586 1754 1634 etiam
1772 1583 2031 1634 mutaris
2043 1584 2222 1634 decoris
2234 1583 2261 1635 Ι
2307 1584 2509 1637 Admit-

1453 1668 1509 1711 to
1539 1675 1666 1726 ergo
1712 1659 1974 1722 vulgatam
2014 1660 2308 1722 lectionem,
2348 1672 2505 1725 quam

1449 1738 1609 1788 etiam
1664 1735 1977 1788 Arntzenius
2022 1736 2200 1786 Plinio
2244 1738 2506 1800 asseruit;

1451 1813 1734 1876 publicavit
1754 1819 1877 1862 vero·
1891 1812 2109 1875 primum
2126 1813 2401 1863 cataneus
2418 1826 2506 1863 an.

1450 1894 1598 1940 1606.
1636 1890 1824 1939 deiude
1860 1889 2043 1953 Aldus,
2075 1887 2258 1954 Junta,
2283 1890 2503 1940 Cratan-

1450 1966 1563 2029 der,
1585 1966 1650 2016 R.
1665 1973 1720 2016 et
1737 1966 1810 2016 H.
1826 1965 2099 2028 Stephani,
2117 1965 2381 2032 ceterique
2401 1980 2505 2016 om·

1448 2058 1573 2105 ποις
1594 2057 1692 2093 nec
1706 2042 1872 2092 minus
1889 2041 2162 2093 Rhenanus
2178 2049 2232 2092 et
2245 2041 2506 2092 Philomu-

1448 2136 1539 2173 sus
1562 2122 1615 2171 in
1640 2121 1871 2185 margine
1893 2127 2225 2170 annotarunt.
2266 2119 2506 2170 Schmun-s.

1519 2199 1566 2247 0
1596 2212 1706 2248 vere
1739 2196 1993 2260 principis]
2027 2197 2205 2259 Forte,
2246 2196 2357 2246 Hoc
2396 2210 2504 2247 vere

1441 2273 1694 2338 principis.
1726 2274 1889 2324 Liviu-

1516 2349 1755 2413 Cousulis]
1805 2349 2079 2400 Consularis
2117 2347 2297 2399 decoris
2337 2347 2405 2397 V.
2441 2345 2504 2398 Ο.

1445 2427 1609 2478 Livia.

1511 2505 1730 2554 AEmulas
1753 2502 1999 2567 civitates]
2033 2500 2134 2555 Qui
2160 2500 2390 2563 morbus,
2422 2508 2503 2551 et-

1446 2581 1491 2632 si
1517 2583 1568 2631 in
1595 2582 1805 2646 publica
1830 2582 1921 2631 illa
1952 2581 2232 2639 servitute,
2259 2578 2502 2629 civitates

1447 2659 1656 2709 tenebat
1678 2675 1691 2706 ε
1726 2659 2067 2724 queriturque
2090 2657 2157 2705 de
2179 2670 2272 2705 sua
2294 2654 2504 2704 Graecia

1444 2734 1777 2786 Plutarchus.
1842 2734 1947 2784 Sed
1990 2742 2046 2783 et
2081 2733 2298 2782 Tacitus
2330 2736 2501 2795 notat,
2533 2788 2540 2793 μ

1443 2811 1691 2876 quasdam
1738 2809 1824 2860 ‘ad
1846 2810 2062 2860 exitium
2085 2809 2222 2859 inter
2234 2821 2290 2856 se
2304 2806 2501 2857 discor-

1442 2877 1574 2936 des-⁹
1603 2887 1741 2951 Lips.
1911 2912 1912 2915 ¹

1507 2962 1839 3013 Reconciliare
1876 2961 2071 3012 «καὶαι
2109 2957 2353 3021 ciuitates]
2401 2957 2501 3008 Co·
2581 2963 2597 2978 ·

1441 3038 1547 3089 dex
1585 3040 1868 3091 Vaticanus
1904 3043 2052 3089 3461.
2090 3037 2249 3087 babet
2284 3034 2502 3085 verbum

1440 3116 1664 3181 simplex
1700 3116 1971 3166 conciliare.
2055 3113 2313 3176 Exempla
2342 3126 2502 3162 oemu·

1440 3195 1606 3244 larum
1632 3195 1897 3245 civitatum
1917 3193 2139 3251 διεβίω
2159 3190 2313 3242 affert
2326 3191 2500 3244 Tacit·

1441 3271 1628 3322 Annal.
1651 3286 1740 3322 ιιι.
1770 3276 1966 3322 δελ-63.
1998 3271 2243 3321 Schmun.

1511 3351 1846 3415 Tumeatesque
1857 3350 2073 3415 populos]
2097 3349 2159 3398 In
2180 3356 2400 3412 utroque
2413 3361 2500 3398 co·

1440 3426 1558 3477 dice
1581 3429 1802 3483 Veneto,
1822 3423 2223 3489 salisburgensi,
2243 3438 2376 3479 meo,
2399 3423 2502 3472 Pa·

1442 3503 1643 3565 tavino,
1681 3512 1735 3554 et
1778 3505 1911 3553 libro
1941 3503 2214 3560 Vossiano‚
2247 3501 2501 3564 scriptum

1440 3591 1525 3632 est
1548 3583 1891 3646 timeumque,-
1919 3596 2071 3645 quam
2092 3579 2370 3630 lectionem
2398 3575 2499 3627 eti·

1439 3672 1522 3706 am
1565 3658 1778 3707 edidere
1819 3657 2158 3718 Puteolanus,
2217 3661 2272 3702 et
2314 3651 2501 3704 Aldus·

1440 3733 1618 3783 Ceteri
1641 3746 1818 3782 omues
1843 3732 1983 3788 libri,
2003 3730 2184 3793 scripti
2209 3729 2404 3792 pariter
2417 3734 2499 3779 at·

1439 3823 1542 3874 que
1595 3808 1850 3872 impressi,
1903 3808 2099 3856 habeut
2150 3809 2506 3868 tumente-qau-

1438 3885 1563 3950 qnin
1601 3891 1657 3935 et
1692 3885 1746 3934 in
1786 3883 1968 3933 codice
2001 3884 2212 3933 Veneto
2251 3884 2297 3929 l.
2335 3880 2498 3931 Salis-

1438 3961 1702 4025 burgeusi,
1731 3968 1786 4009 et
1823 3959 2101 4020 Patavino,
2130 3957 2196 4007 ab
2220 3956 2319 4006 alia
2341 3969 2497 4007 manu

1438 4038 1582 4100 prius
1612 4037 1854 4086 mendum
1881 4043 1963 4085 est
1986 4036 2331 4086 emendatum.
2397 4033 2497 4082 At·

1436 4127 1537 4178 qne
1553 4113 1627 4163 ita
1644 4114 1751 4176 jam
1772 4112 2067 4162 observavit
2084 4109 2497 4162 Drackenborcb

1437 4190 1502 4239 ad
1526 4190 1618 4239 Sil.
1643 4202 1705 4240 n.
1731 4194 1846 4240 626.
1882 4187 2328 4238 familiarissimum
2356 4186 2408 4236 id
2434 4186 2495 4237 ii·

1436 4263 1641 4324 branis,
1661 4271 1721 4317 ut
1742 4280 1897 4317 voces
1930 4264 2116 4317 ‘timor
2131 4262 2146 4286 ’
2168 4278 2232 4319 ac
2251 4270 2266 4294 ‘
2288 4261 2496 4327 tumor,’
