3017 4942
474 347 650 416 1074

476 506 684 558 detulit.
751 505 929 557 Inanis
973 511 1148 556 autem
1186 504 1406 556 mutatio
1442 508 1544 561 est,

477 599 597 635 cum
633 584 828 633 librarii
860 585 912 633 iu
948 582 1218 633 codicibus
1241 583 1373 632 Μαι.
1402 582 1549 631 Vati-

476 661 643 716 canis,
665 664 812 711 8461.
834 667 892 710 et
917 663 1063 710 1476.
1088 661 1212 710 item
1233 666 1289 710 et
1313 661 1365 709 in
1381 657 1548 709 Guel-

475 736 822 802 pberbytano,
862 750 959 801 pro
995 749 1123 786 voce
1152 736 1433 792 celeritatis,
1468 749 1548 786 re·

476 821 764 879 posuerunt
795 813 1074 873 claritatis3
1121 813 1258 862 haud
1297 826 1446 863 secus
1484 826 1549 862 ac

478 890 533 939 in
558 902 673 940 meo
696 896 751 939 et
777 888 1039 939 Pataviuo
1071 888 1275 950 codice,
1309 889 1550 953 libroque

478 967 760 1030 Vossiano,
799 980 984 1017 nornen
1020 967 1313 1017 celebritatis
1351 966 1551 1016 inveni·

479 1048 585 1095 tur.
629 1044 718 1095 Sic
739 1044 863 1094 etin
884 1044 1112 1107 Guolph.
1134 1057 1195 1093 sc
1214 1058 1330 1094 meo
1346 1043 1550 1101 codice,

477 1122 739 1187 particula
795 1122 1043 1172 caussalis
1104 1121 1235 1172 enim
1301 1121 1552 1171 inseritur

479 1197 729 1261 proximis
753 1197 948 1260 verbis,
980 1197 1187 1248 Tantum
1207 1197 1334 1248 enim
1353 1198 1482 1248 iuter
1503 1203 1553 1248 te

481 1279 532 1325 et
558 1274 688 1335 illos,
709 1277 794 1337 ξε.
828 1274 996 1323 Idem.

546 1351 635 1400 Ex
653 1349 959 1417 difficultate]
982 1350 1085 1401 Ars
1109 1365 1208 1402 nec
1230 1351 1409 1416 ignota
1430 1366 1552 1402 nos·

481 1427 578 1478 tris
617 1427 819 1491 aulicis,
852 1428 1043 1494 quibus
1082 1428 1216 1478 ‘boc
1251 1428 1431 1478 vitium
1464 1434 1553 1479 est

478 1502 626 1569 (cnm
646 1505 845 1555 Seneca
869 1503 1070 1570 dicam)
1085 1505 1367 1556 ambitione
1392 1520 1553 1570 prava

481 1578 758 1632 differendi
784 1582 1056 1645 promissa,
1093 1597 1160 1632 ne
1185 1583 1353 1633 minor
1375 1583 1444 1632 sit
1466 1597 1551 1633 ro-

480 1657 715 1721 gantium
741 1657 927 1710 turba?
962 1658 1124 1708 Plura
1143 1658 1232 1707 iile
1254 1657 1321 1708 de
1342 1659 1439 1709 boc
1459 1673 1552 1724 ge·

483 1746 632 1792 nere,
658 1731 727 1781 de
750 1731 936 1789 Benef.
958 1747 1024 1785 ιι.
1047 1739 1097 1783 6.
1131 1733 1272 1797 Lips.

547 1809 630 1857 Ex
667 1808 974 1875 difficultate]
1029 1809 1223 1860 Verum
1267 1816 1284 1840 ‘
1320 1810 1552 1876 aequiore

479 1884 651 1935 animo
698 1883 891 1950 ferunt,
933 1884 1151 1951 praecidi
1194 1900 1342 1951 spem
1389 1901 1556 1952 snam,

481 1976 635 2026 quam
661 1961 833 2020 trahi,’
864 1962 985 2014 Seu.
1001 1961 1190 2014 Beuef.
1209 1976 1272 2014 ιι.
1294 1968 1344 2012 5.
1369 1964 1556 2030 «δρα,

484 2053 601 2102 quae
641 2037 902 2097 differtur,
942 2038 1129 2105 affligit
1166 2042 1422 2104 auimam3
1458 2044 1556 2107 lig·

483 2126 608 2163 num
634 2117 777 2178 vitm,
800 2116 1112 2166 desiderium
1139 2117 1386 2182 veniens,'
1423 2119 1559 2169 Pro·

484 2191 633 2241 verb.
661 2204 795 2242 xm.
817 2196 897 2242 12.
941 2194 1393 2247 Martinam-42.
1418 2195 1555 2245 ⁴Pri·

485 2283 627 2319 mum
653 2274 753 2331 est,
784 2275 844 2319 nt
867 2276 1103 2334 prestes,
1125 2272 1168 2321 si
1189 2272 1312 2337 qnid
1338 2278 1412 2333 te,
1436 2272 1558 2323 Cin·

484 2356 571 2405 na,
598 2343 823 2408 rogabo:
861 2345 1002 2396 lund
1026 2345 1479 2413 deinde-sequens,
1499 2355 1559 2399 ιιι

486 2421 614 2484 cito,
636 2420 825 2478 Cinna,
857 2437 1033 2485 neges.
1104 2423 1281 2489 Diligo
1306 2431 1560 2488 praestan-

487 2503 617 2558 tem,
645 2510 749 2547 nou
781 2498 889 2561 odi,
920 2498 1102 2563 Cinna,
1134 2507 1447 2563 negantem3
1483 2500 1561 2552 At

489 2580 548 2624 tn
574 2587 671 2623 nec
697 2579 935 2640 praestas,
963 2588 1061 2625 nec
1092 2575 1222 2641 cito,
1256 2575 1437 2634 Cinna,
1472 2592 1560 2627 ne·

485 2647 621 2713 ‘gas.’
655 2650 815 2700 Bern-

553 2726 616 2775 Ῑιι
654 2732 817 2778 notum
860 2727 1124 2793 quandam]
1187 2728 1358 2793 Epist.
1402 2743 1468 2781 ιι.
1505 2733 1561 2782 6.

486 2803 503 2833 ‘
531 2801 730 2853 Eadem
769 2805 1006 2855 omnibus
1046 2820 1215 2870 ponor
1252 2804 1318 2855 ad
1358 2819 1560 2857 coenam

488 2880 647 2936 enim,
680 2894 779 2930 nou
815 2881 882 2931 ad
912 2888 1090 2932 notam
1114 2882 1294 2939 invito,
1333 2884 1563 2933 cunctis·

492 2972 593 3023 que
639 2960 793 3009 rebus
839 2974 1078 3024 exaequo,
1124 2975 1253 3026 qnos
1295 2954 1473 3011 mensa
1507 2968 1563 3011 et

491 3039 605 3084 toro
647 3034 890 3099 aequavi!
956 3037 1176 3087 Porcius
1218 3037 1379 3088 Latro
1419 3036 1560 3102 apud

489 3111 743 3177 Senecam
768 3120 972 3176 patrem
998 3113 1251 3164 Controv.
1271 3127 1313 3165 ι.
1339 3119 1384 3164 1.
1418 3114 1435 3142 ‘
1459 3116 1563 3165 Pe·

491 3188 731 3238 rentibus
765 3190 912 3250 meis,
943 3204 1059 3240 cum
1088 3190 1142 3240 in
1170 3198 1351 3241 cetera
1384 3190 1564 3242 odium

490 3263 582 3326 sit,
609 3269 811 3313 tantum
829 3265 882 3313 in
903 3280 1068 3315 meam
1088 3273 1264 3317 uotum
1282 3267 1566 3318 convenit.’

493 3338 828 3403 Propertius,
853 3347 871 3370 ⁸
894 3340 944 3391 N
950 3354 1051 3391 une
1076 3342 1127 3391 iu
1152 3357 1324 3394 amore
1350 3350 1442 3395 tuo
1474 3359 1563 3395 co-

493 3429 590 3478 gor
616 3415 809 3467 babere
831 3416 1048 3467 notam.'
1082 3418 1249 3468 Liuia.

561 3493 622 3541 ln
645 3492 830 3556 notam]
864 3493 1227 3558 Ignominiam.
1262 3496 1400 3560 Lips.

560 3569 626 3617 In
661 3575 823 3620 notum
855 3572 1092 3634 quandam
1117 3574 1565 3636 pudor-mquam-

403 3649 413 3655 “
492 3645 688 3710 iissent]
727 3646 882 3711 Apud
908 3648 1121 3699 Latinos
1144 3650 1359 3713 vulgare
1382 3658 1484 3712 est,
1504 3657 1566 3700 ut

489 3723 506 3749 ‘
534 3720 686 3772 nota’
720 3724 773 3772 iu
810 3725 995 3773 malam
1033 3731 1235 3788 partem
1258 3726 1569 3790 accipiatur,

496 3813 557 3848 ac
579 3798 748 3849 labem
776 3801 1259 3866 turpitudinemque
1292 3801 1565 3864 designet3

493 3891 613 3926 cnm
640 3876 966 3941 turpitudine
998 3879 1171 3943 aliqua
1201 3876 1378 3929 affecti
1408 3877 1566 3929 facile

496 3954 850 4004 innotescant.
899 3955 971 4004 Et
992 3954 1067 4005 sic
1090 3962 1105 3984 ‘
1129 3955 1299 4019 pudor
1318 3953 1332 3976 ⁹
1354 3969 1565 4020 quoque

497 4029 582 4077 bic
630 4029 764 4078 sumi
812 4029 1023 4080 videtur
1065 4044 1160 4094 pro
1204 4031 1505 4081 ‘dedecore
1532 4031 1566 4092 3'

499 4107 623 4170 quia
674 4106 905 4157 dedecus
960 4115 1042 4158 est
1097 4108 1308 4172 pudoris
1364 4122 1564 4158 caussa.

498 4188 513 4209 ‘
544 4182 738 4243 Notum
759 4181 774 4203 ’
805 4183 1041 4233 absolute
1070 4183 1191 4246 poni
1222 4197 1317 4247 pro
1351 4185 1565 4248 ignomi-

499 4260 586 4307 nis
611 4265 664 4308 et
690 4259 704 4286 ‘
729 4262 1069 4325 turpitudinis
1092 4260 1250 4325 nota‚'
1275 4262 1430 4313 etiam
1450 4263 1565 4328 plu·

1168 361 1387 413 80⁹1·AE
1433 358 1850 412 vammum
1899 359 1983 410 ΙΝ
2064 390 2069 393 -

1618 501 1762 556 ribus
1783 503 2038 569 exemplis
2058 501 2420 568 comprobavit
2436 503 2705 554 Burman.

1619 580 1684 631 sd
1706 581 1918 632 Puaedr.
1947 596 1984 631 ι.
2008 586 2055 631 8.
2078 585 2157 633 11.
2191 588 2207 611 ¹
2226 580 2274 632 Α
2303 595 2402 646 quo
2427 583 2704 645 repulsus,

1617 656 1933 724 (grauium)
1957 660 2162 710 tristem
2197 660 2443 709 sustinuit
2468 657 2705 709 notam.’

1619 734 1937 786 Insolentior
1995 750 2120 786 vero
2162 736 2360 786 locutio
2411 745 2495 786 est
2553 736 2704 800 apud

1620 811 1866 875 Plinium,
1900 816 1917 844 ⁸
1947 821 2152 864 vertere
2181 814 2407 877 aiiquem
2430 814 2484 863 in
2511 819 2703 864 notam

1620 897 1676 938 et
1713 890 1964 954 pudorem
1989 888 2021 951 3⁹
2054 890 2205 954 cnjus
2242 887 2481 939 formnlae
2523 889 2705 940 simile

1622 967 1917 1032 exemplum
1973 966 2096 1017 mihi
2141 966 2403 1017 duntaxat
2457 981 2530 1017 ex
2586 967 2699 1017 alio

1623 1051 1840 1093 anctore
1889 1057 1993 1093 non
2039 1044 2315 1094 succurrit.
2394 1044 2467 1094 Et
2512 1044 2701 1094 nescio

1621 1132 1689 1168 an
1714 1118 1872 1168 liceat
1895 1132 2072 1168 casum
2106 1126 2344 1183 quartum
2370 1119 2701 1182 pronominis

1620 1196 1732 1246 illos
1754 1195 1805 1245 in
1830 1209 2007 1245 casum
2033 1196 2244 1246 tertium
2267 1195 2364 1245 illis
2387 1202 2612 1255 mutare,
2637 1201 2700 1245 nt

1622 1271 1786 1322 verba
1815 1273 1929 1322 baec
1957 1272 2097 1322 hunc
2134 1272 2185 1322 in
2213 1272 2420 1323 modum
2446 1272 2704 1335 legamus,

1623 1347 1683 1397 δι’
1698 1349 1839 1412 prius
1864 1349 1966 1399 iuis
1993 1348 2283 1412 desperatio,
2317 1353 2368 1398 et
2397 1348 2622 1404 taedt'rtm,
2651 1353 2703 1397 et

1623 1425 1799 1474 similis
1834 1427 2036 1487 repulsoe
2075 1441 2227 1480 more,
2260 1427 2315 1475 in
2347 1431 2516 1475 notens
2550 1440 2704 1489 quun-

1623 1503 1736 1552 dum
1764 1505 2077 1567 pudoremque
2108 1503 2378 1565 vertissent,
2413 1502 2450 1551 i.
2474 1516 2526 1551 e.
2553 1515 2702 1552 versa

1625 1586 1822 1629 essent.
1854 1577 1940 1629 cf.
1965 1583 2144 1629 notata
2167 1579 2231 1627 ad
2251 1591 2348 1628 xc.
2370 1581 2422 1627 2.
2453 1576 2706 1627 Senmet-2.

1692 1656 2046 1721 Pudor-enque]
2064 1657 2169 1707 Seu
2195 1670 2260 1705 ex
2284 1670 2386 1704 non
2411 1655 2705 1718 impetrato

1625 1732 1902 1797 beneficio,
1922 1733 2068 1799 quasi
2094 1734 2376 1797 impetrare
2399 1747 2505 1782 non
2531 1745 2704 1782 meru·

1629 1810 1728 1859 erit
1748 1825 1765 1872 ς
1787 1825 1881 1860 sen
1903 1810 2049 1876 qnasi
2074 1809 2373 1873 pudendum
2392 1817 2558 1874 esset,
2581 1809 2710 1859 dnm

1630 1893 1876 1952 pete-rent
1905 1900 2031 1944 rem,
2072 1901 2191 1952 quie
2226 1886 2495 1937 videretur
2531 1886 2713 1951 acqui-

1629 1963 1747 2013 sita.
1781 1964 2003 2012 Pater-ol.

1702 2038 1771 2088 Ut
1792 2041 1947 2088 umori
1968 2037 2114 2103 recti]
2149 2036 2237 2087 Sic
2259 2051 2439 2100 supra,
2471 2037 2490 2065 ⁸
2512 2037 2706 2102 magis-

1630 2120 1716 2166 ter
1758 2113 1925 2165 recti.'
1977 2114 2065 2163 Sic
2108 2113 2268 2163 Ovid.
2313 2117 2328 2143 ⁸
2367 2112 2500 2175 Ipse
2545 2112 2709 2164 decor

1631 2191 1785 2247 recti,
1827 2188 1958 2240 facti
2001 2189 2044 2239 si
2090 2189 2309 2254 proemia
2350 2187 2545 2246 desint,
2580 2190 2706 2241 Non

1629 2265 1844 2323 movet‚’
1882 2269 1984 2317 &o-
2068 2266 2159 2316 Sic
2212 2264 2360 2328 alibi,
2419 2274 2439 2299 ⁸
2483 2267 2706 2330 Species

1633 2342 1802 2401 recti)
1845 2343 1936 2393 τοῦ
1969 2343 2140 2405 καλοῦ,
2190 2344 2281 2393 τοῦ
2323 2342 2707 2409 κατορθῶμωτος.

1634 2421 1771 2473 Riet.

1701 2499 1985 2549 Consulibus
2004 2497 2290 2563 ‹equus-eris]
2321 2498 2367 2548 1.
2394 2512 2444 2547 e.
2480 2498 2710 2548 consuli-

1635 2576 1732 2626 bus
1758 2577 1941 2642 priscis
1964 2591 2057 2626 nos
2082 2577 2272 2626 virtute
2297 2590 2451 2639 pares
2473 2590 2612 2638 esse,
2633 2576 2710 2625 ni·

1631 2652 1813 2718 hiique
1858 2653 2068 2716 cedere,
2098 2652 2440 2718 judicaveris.
2522 2653 2587 2701 In
2629 2667 2709 2702 se·

1634 2729 1916 2795 quentibns
1939 2729 2133 2790 verbis,
2168 2729 2370 2791 Merito,
2402 2745 2488 2779 nee
2509 2745 2586 2786 ue,
2623 2743 2709 2780 co-

1636 2806 1740 2857 dex
1775 2807 2065 2870 salisburg.
2101 2812 2156 2856 et
2189 2821 2356 2868 meus,
2389 2806 2709 2871 particulam

1633 2897 1696 2932 ue
1738 2897 2016 2948 perperam
2062 2882 2391 2942 omiserunt3
2438 2889 2495 2930 at
2540 2880 2712 2931 codex

1635 2959 1924 3010 Patavinus
1948 2968 2002 3009 et
2024 2958 2156 3009 liber
2171 2958 2361 3014 Vossii,
2385 2958 2710 3022 aliquantum

1637 3037 1842 3100 meiius,
1882 3049 2159 3100 suppressa
2193 3034 2455 3099 particula
2488 3050 2592 3091 nee,
2623 3036 2712 3085 ha-

1637 3112 1766 3162 bent
1789 3112 2049 3160 Meritone.
2111 3111 2289 3159 Satius
2311 3117 2485 3160 tamen
2507 3119 2608 3173 est,
2634 3126 2716 3161 re-

1636 3189 1795 3240 tineri
1818 3188 2093 3239 lectio‘nem
2118 3189 2399 3251 vulgatam.
2431 3188 2686 3238 Schwarz.

1702 3267 1773 3314 Et
1794 3264 2062 3328 onerosum]
2094 3265 2141 3314 1.
2167 3278 2217 3314 e.
2251 3270 2332 3313 est
2365 3263 2528 3313 etiam
2561 3264 2717 3313 nobis

1636 3344 1800 3394 instar
1844 3344 2036 3404 oneris,
2081 3340 2165 3391 cui
2210 3338 2431 3391 ferendo
2477 3341 2713 3404 impares

1550 3448 1557 3454 -
1635 3436 1829 3478 sumus,
1858 3422 1902 3471 si
1927 3419 2239 3470 affirmemus
2273 3433 2397 3468 vera
2418 3434 2556 3478 esse,
2591 3435 2713 3486 qnae

1637 3498 1704 3548 de
1724 3498 1874 3547 nobis
1895 3494 2073 3545 dixisti
2091 3511 2107 3556 ;
2141 3495 2261 3560 qnia
2288 3494 2363 3545 sic
2383 3495 2605 3546 nimium
2624 3511 2713 3546 uo·

1639 3574 1720 3626 bis
1741 3587 2117 3638 arrogaremus,
2138 3572 2457 3637 nimiumque
2475 3572 2546 3622 de
2564 3573 2714 3623 nobis

1641 3651 2079 3715 promitteremus.
2137 3646 2277 3698 Vide
2301 3648 2367 3697 ad
2393 3661 2559 3699 xxrv.
2584 3653 2635 3700 1.
2658 3654 2713 3699 et

1640 3740 1892 3780 Lxxvur.
1913 3730 1962 3775 6.
2002 3727 2152 3775 Idem.

1705 3803 1878 3853 Possis
1897 3800 2017 3864 ista]
2053 3800 2116 3849 In
2141 3798 2408 3850 codicibus
2439 3800 2578 3850 Μαι.
2606 3802 2714 3852 Va-

1610 3881 1732 3951 ⁴tic.
1771 3878 1941 3928 Paris.
1979 3882 2204 3939 utroque
2226 3876 2455 3933 Veneto,
2485 3883 2546 3925 et
2580 3892 2717 3939 meo,

1642 3972 1794 4008 voces
1815 3957 1898 4006 11ae
1924 3954 2001 4004 sic
2027 3961 2452 4015 transponuntur,
2487 3953 2588 4004 ista
2605 3969 2714 4018 pos·

1640 4036 1724 4086 sis.
1792 4035 1874 4083 Ex
1911 4032 2044 4082 libro
2068 4027 2327 4078 Vossiano
2352 4027 2573 4078 verbum
2605 4045 2716 4094 pos-

1640 4113 1711 4161 sis
1742 4113 1873 4160 male
1908 4109 2114 4167 exulan
2148 4114 2204 4156 et
2241 4106 2293 4154 in
2326 4104 2530 4163 eodem,
2562 4108 2708 4158 item·

1642 4202 1745 4254 que
1780 4188 1832 4235 in
1867 4183 2048 4236 codice
2074 4183 2351 4239 Patavium
2387 4197 2486 4246 pro
2507 4185 2714 4243 tribua,

1641 4264 1893 4328 seriptum
1918 4270 1996 4312 est
2023 4258 2211 4310 tribuis.
2245 4259 2502 4311 Quinctil.
2537 4260 2718 4312 Instit.
