3017 4942
491 371 627 441 fflo

495 543 683 598 nuper,
710 529 872 597 pudet
895 545 959 582 ac
993 529 1141 596 piget
1161 530 1339 595 fateri,
1363 532 1563 583 Omnes

495 625 616 662 cum
666 609 802 661 Jove
847 621 1103 673 pauperes
1159 607 1399 659 eramus.'
1464 608 1565 658 Est

493 687 668 753 ipsum
691 687 809 745 boc,
831 686 967 751 quod
996 686 1164 749 tangit
1183 685 1406 736 Plinius.
1456 684 1562 736 Sed

494 765 664 829 primo
699 764 904 814 scilicet
935 763 986 813 in
1020 763 1156 813 ludis
1187 762 1301 811 brec
1332 767 1565 825 ostensa,

496 846 611 892 tum
633 840 860 907 denique
884 845 1208 889 consecrata.
1239 837 1376 901 Lips.

561 917 782 981 Desuper
820 916 1021 981 intueri]
1065 915 1112 964 E
1146 912 1559 978 spectaculorum

495 991 763 1060 gradibus,
794 1006 915 1042 cum
942 993 987 1043 ii
1020 1004 1114 1057 per
1146 1004 1357 1041 arenam
1401 989 1561 1041 duce-

493 1074 694 1119 rentur.
726 1068 879 1119 Idem.

560 1143 807 1209 Desuper]
840 1145 923 1194 Ex
941 1141 1086 1194 edito
1122 1142 1312 1194 theatri
1345 1142 1482 1208 loco,
1506 1141 1561 1193 in

494 1235 598 1285 quo
620 1222 686 1270 ad
720 1220 1021 1285 spectacula
1051 1218 1424 1270 assidebamus.
1457 1218 1562 1269 Pa·

495 1300 638 1349 torol.

560 1373 745 1439 Supina
759 1374 867 1439 om]
901 1373 1134 1432 Scilicet,
1152 1378 1213 1424 ut
1235 1371 1301 1423 ab
1324 1371 1562 1423 omuibus

493 1451 664 1503 videri
698 1460 925 1518 possent,
949 1458 1004 1502 et
1032 1450 1263 1516 agnosci.
1331 1450 1563 1499 Reios-ta

494 1530 716 1585 cervices,
744 1544 840 1595 per
870 1529 973 1579 viru
1006 1542 1196 1592 nempe
1222 1527 1274 1576 in
1309 1525 1472 1576 altum
1504 1540 1560 1576 e·

493 1617 692 1670 rectas,
712 1622 831 1658 cum
855 1607 971 1656 illas
991 1606 1087 1670 ipsi
1111 1618 1224 1669 prae
1245 1603 1446 1667 pudore
1469 1602 1561 1653 de-

491 1684 788 1735 mitterent.
855 1680 1171 1732 Cf.Sueton.
1199 1680 1377 1730 Vitell.
1404 1693 1455 1729 c.
1475 1683 1559 1730 1⁷.

492 1768 549 1811 et
570 1760 740 1810 Tacit.
764 1758 908 1809 Hist.
935 1771 1024 1807 ιιι.
1037 1761 1120 1807 8⁵.
1151 1756 1374 1805 Putat-ol.

559 1836 749 1900 Supina
775 1831 887 1895 ora]
923 1832 999 1883 Ut
1031 1831 1260 1896 conspici
1294 1831 1360 1882 ab
1395 1830 1557 1882 omni·

493 1910 612 1975 bus,
635 1918 692 1961 et
724 1910 935 1975 agnosci
960 1915 1192 1972 possent.
1252 1907 1342 1959 Sic
1362 1908 1557 1959 milites

493 1996 510 2019 ‘
534 1987 802 2038 Vitellium
844 1989 1047 2050 erigere
1100 2002 1175 2044 os,
1215 1991 1272 2036 et
1314 1986 1558 2051 praebere

490 2064 820 2115 contumeliis
854 2060 1178 2128 coegerim&
1220 2070 1278 2112 ut
1324 2062 1559 2113 breviter

491 2138 704 2190 Tacitus
736 2140 878 2189 Hist.
898 2152 986 2190 ιιι.
1020 2143 1102 2189 85.
1128 2144 1178 2190 7.
1211 2139 1264 2188 ἰιι
1300 2139 1484 2189 Vitell.
1509 2153 1559 2189 c.

494 2218 577 2263 17.
598 2221 658 2265 ιιι
692 2215 973 2266 Suetonius
1008 2216 1152 2280 quasi
1184 2215 1561 2279 interpretans,

490 2291 509 2320 ⁴
534 2292 752 2344 reducto
783 2308 933 2344 coma
953 2295 1149 2358 capite,
1183 2308 1280 2343 ceu
1314 2293 1453 2343 noxii
1475 2308 1558 2343 so-

490 2368 624 2427 lent,
669 2377 826 2435 atque
870 2372 1029 2421 etiam
1085 2376 1262 2420 mento
1312 2383 1559 2421 mucrone

494 2445 652 2509 gladii
676 2447 938 2509 subrecto,
959 2455 1019 2498 ut
1052 2446 1320 2497 visendam
1354 2447 1561 2511 ptaebe·

491 2527 578 2573 ret
616 2520 844 2573 faciem?
908 2525 1047 2575 Nam
1090 2523 1143 2573 in
1180 2522 1463 2586 ignominia
1501 2529 1559 2573 et

491 2600 772 2664 supplicio,
803 2607 992 2650 natura
1031 2614 1088 2650 os
1124 2600 1405 2665 oculosque
1437 2599 1559 2650 sub·

489 2676 778 2727 mittimus:
812 2677 1083 2740 erigebant
1113 2676 1295 2739 igitur,
1329 2677 1346 2705 ⁴
1371 2675 1559 2725 reduc·

492 2759 551 2804 to
583 2767 732 2804 coma
762 2754 939 2817 capite
967 2753 982 2776 ’
1011 2753 1099 2819 (ut
1138 2752 1471 2818 Suetonius),
1501 2751 1557 2802 id

492 2837 595 2894 est,
623 2832 813 2896 capillo
837 2845 992 2881 manu
1029 2836 1260 2895 arrepto,
1282 2835 1338 2879 et
1361 2837 1558 2880 retror-

490 2920 605 2957 sum
630 2920 748 2956 cum
770 2907 949 2971 capite
970 2914 1158 2957 tracto.
1190 2906 1325 2970 Lips.

540 2983 918 3050 Etsi-icebantur]
935 2986 1080 3034 Nota
1095 2992 1176 3034 est
1189 2982 1558 3048 loquendijt'or-

486 3061 647 3116 mula,
659 3058 786 3110 ‘frui
803 3060 1012 3124 alicujus
1030 3073 1184 3123 poena
1197 3066 1251 3108 et
1261 3057 1559 3124 supplicio,’

491 3138 533 3187 i.
554 3151 604 3186 e.
641 3138 884 3202 gaudere,
918 3138 1188 3194 delectari,
1220 3144 1278 3187 et
1311 3137 1433 3186 inde
1467 3151 1558 3188 vo-

489 3215 751 3279 luptatem
774 3228 1002 3278 capere3
1035 3214 1172 3280 quod
1201 3215 1381 3280 Nepos
1403 3215 1557 3264 Eum.

492 3304 611 3355 cap.
634 3294 716 3340 11.
746 3291 949 3355 plenius
979 3291 1149 3354 dixit;
1180 3293 1197 3320 ⁸
1222 3292 1310 3356 qni
1339 3297 1560 3355 propter

490 3364 667 3416 odium
709 3365 935 3416 fructum
965 3366 1147 3416 oculis
1179 3381 1246 3415 ex
1276 3367 1392 3431 ejus
1430 3381 1557 3418 casu

494 3440 940 3507 capere-vellent?
1008 3442 1262 3508 Equidem
1293 3443 1558 3493 inhumani

492 3526 550 3569 et
574 3517 700 3568 saevi
723 3517 879 3567 animi
902 3525 1038 3583 θοι,ι
1054 3519 1303 3584 sanguine
1325 3525 1380 3569 et
1403 3533 1558 3583 poena

492 3591 848 3644 damnatorum
882 3595 1058 3644 oculos
1090 3592 1346 3657 pascere,’
1369 3601 1427 3644 ut
1453 3595 1559 3644 Ta·

490 3669 583 3720 cit.
606 3669 742 3721 Anu.
781 3682 990 3719 xxxiv.
1019 3674 1070 3719 2.
1099 3670 1358 3734 loquitur-2
1395 3670 1557 3719 bomi-

490 3747 642 3797 nibus
663 3754 838 3798 tamen
877 3747 1032 3809 lassis,
1053 3748 1144 3812 qui
1167 3753 1414 3811 expertes
1437 3754 1560 3797 sunt

492 3824 802 3874 Christiana
849 3823 1136 3885 religionis,
1178 3822 1311 3876 nihil
1354 3822 1558 3872 dulcius

493 3905 576 3949 est
626 3900 843 3959 ultione,
888 3897 1017 3947 nihil
1057 3896 1345 3962 jucundius
1400 3914 1557 3964 quam

492 3974 765 4024 vindicari.
830 3973 951 4023 Hoc
985 3974 1101 4022 loco
1134 3973 1349 4024 verbum
1382 3980 1399 4005 ‘
1427 3973 1557 4025 frui’

492 4050 820 4113 simpliciter,
862 4057 918 4099 et
958 4049 1071 4099 sine
1107 4050 1288 4099 addito
1331 4053 1557 4117 nomine,

494 4125 677 4178 eadem
713 4133 906 4189 tamen,
930 4126 998 4175 de
1031 4139 1132 4191 qua
1160 4127 1289 4190 dixi,
1321 4128 1559 4192 notione,

492 4202 707 4267 ponitur
722 4216 738 4263 3
760 4202 901 4251 haud,
914 4215 1084 4258 secus,
1101 4216 1162 4253 ac
1180 4205 1319 4266 apud
1339 4205 1560 4256 Terent.

492 4278 801 4344 simpliciter
817 4275 1048 4343 ponitur,
1070 4278 1270 4331 Heaut.
1284 4294 1348 4332 ιι.
1365 4285 1415 4330 3.
1441 4285 1558 4333 104.

383 4707 581 4883 ¹
661 4586 677 4599 .

1198 387 1419 439 ΝΟΤΕ
1467 386 1878 441 vammum
1926 386 2012 438 ΙΝ

1641 536 1783 584 ‘can
1819 530 1960 584 Quid
2004 544 2104 597 ago
2147 529 2322 582 nunc?
2386 541 2472 581 cr..
2515 528 2700 581 Tune?

1639 609 1779 674 quod
1805 609 1995 660 bonum
2019 615 2119 660 est.
2184 622 2293 661 cu.
2315 607 2464 673 Syre,
2484 608 2572 659 dic
2597 622 2706 658 mo-

1638 684 1707 735 do
1752 698 1950 736 verum.
2012 698 2102 736 nt.
2156 685 2275 749 Age
2316 683 2471 749 modo
2515 683 2706 744 bodie3

1637 775 1755 812 sero
1774 763 2117 828 nequicquam
2141 763 2305 812 voles.
2374 774 2458 811 ct..
2492 760 2710 821 Datur;

1640 836 1840 902 furare,
1882 839 2004 890 dum
2038 837 2205 889 licet.’
2272 837 2440 889 Quem
2471 836 2709 886 Terentii

1638 911 1829 980 locum,
1865 915 2058 980 alioqui
2084 914 2478 968 subobscurum,
2510 912 2706 976 partim

1637 1002 1705 1041 ex
1728 997 1936 1043 vetusta
1968 992 2198 1043 editione
2230 991 2483 1052 Romana,
2514 989 2710 1053 partim

1638 1083 1670 1120 e
1692 1070 2011 1134 conjectura,
2031 1070 2095 1120 ὣς
2115 1070 2168 1119 ἐν
2186 1068 2388 1134 παρόδῳ,
2412 1067 2709 1117 emendavi.

1636 1146 1908 1212 sigillatim
1932 1155 1988 1198 et
2022 1149 2363 1210 incongruens
2396 1146 2708 1210 interpunc-

1638 1223 1730 1282 tio,
1751 1231 1806 1274 et
1837 1222 2101 1290 superflua
2134 1223 2396 1290 particula
2426 1237 2503 1284 oe,
2539 1220 2707 1270 verba
2789 1225 2792 1230 ⁴

1636 1301 1754 1367 Syri
1796 1302 2057 1367 loquentia
2091 1300 2441 1367 inquinarent,
2478 1312 2598 1362 quae
2627 1297 2709 1347 sic

1633 1377 1791 1440 vulgo
1825 1379 2103 1443 leguntur=
2140 1376 2254 1440 Age
2274 1377 2437 1426 modo.-
2468 1376 2609 1426 hodie
2628 1387 2708 1424 ae·

1629 1469 1686 1505 ro
1705 1470 1762 1504 oc
1782 1441 2092 1520 {nequicquam
2113 1456 2261 1505 voles.
2285 1453 2542 1503 Schwarz.

1702 1530 2023 1595 Fruebomar]
2058 1531 2271 1581 Scilicet
2304 1543 2480 1581 eorum
2504 1528 2707 1592 suppli·

1636 1607 1753 1658 ciis.
1818 1607 1959 1659 Juno
1991 1608 2131 1672 apud
2164 1607 2353 1657 Senec.
2379 1606 2544 1656 Herc.
2579 1606 2709 1656 Fur.

1637 1690 1655 1713 ‘
1674 1691 1888 1747 superat
1943 1689 1999 1734 et
2049 1683 2243 1733 crescit
2295 1682 2462 1747 malis,
2509 1682 2709 1747 Iraque

1634 1765 1815 1812 nostra
1847 1758 2080 1810 fruitur!
2140 1760 2263 1812 Jnv.
2298 1759 2410 1809 Sat.
2445 1771 2488 1808 ι.
2520 1758 2539 1788 ⁴
2565 1759 2711 1809 Exul

1636 1835 1702 1886 ab
1725 1843 1912 1887 octava
1929 1834 2127 1887 Marius
2145 1835 2300 1901 bibit,
2316 1842 2372 1886 et
2391 1834 2586 1888 fruitur
2606 1835 2708 1886 Dia

1638 1911 1832 1963 Iratis.'
1863 1913 2030 1964 Liuin-

1703 1990 2003 2055 Piaealares]
2038 1989 2280 2041 Victima
2318 1988 2393 2039 sic
2432 1987 2709 2051 dicuntur,

1635 2081 1751 2133 quae
1772 2067 1839 2118 ob
1861 2068 2088 2131 culpam,
2109 2073 2167 2117 et
2199 2065 2266 2115 ad
2302 2063 2548 2129 piandum
2582 2077 2708 2129 pnr-

1635 2142 1963 2208 gandumque
2004 2141 2216 2192 dautur.
2284 2142 2485 2192 Noster
2530 2141 2709 2205 Epist.

1635 2230 1725 2267 ιιι.
1768 2222 1819 2268 9.
1863 2224 1880 2247 ‘
1906 2217 1990 2268 Ne
2033 2217 2404 2282 potentissimi,
2450 2216 2708 2267 vilissimo

1635 2308 1841 2359 quoque
1883 2293 2031 2358 quasi
2060 2292 2311 2357 piaculari
2350 2291 2498 2353 dato,
2529 2292 2710 2343 elabe-

1637 2367 1858 2419 rentur!
1924 2370 2144 2420 Plautus
2181 2369 2234 2419 in
2277 2367 2483 2433 Epidio.
2518 2368 2710 2419 ‘Meu’

1637 2445 1954 2511 piacularem
1978 2451 2185 2510 oportet
2202 2444 2315 2495 fieri
2332 2445 2399 2494 ob
2423 2444 2710 2496 stultitiam

1638 2521 1829 2571 tuam?
1878 2522 2123 2571 Victima!
2166 2520 2324 2584 igitur
2363 2520 2495 2569 talea
2532 2521 2710 2572 aliena

1635 2598 1770 2648 mala
1793 2597 2148 2662 excipiebant,
2183 2599 2311 2648 etin
2347 2611 2554 2661 poeuam
2589 2611 2712 2648 suc-

1634 2674 1911 2725 cedebant.
1974 2675 2063 2726 Ita
2084 2676 2190 2739 isti,
2214 2675 2276 2724 ad
2302 2674 2567 2739 expianda
2593 2689 2710 2725 sce-

1636 2751 1743 2802 lera
1768 2751 2059 2815 praeterita,
2082 2759 2138 2801 et
2172 2750 2549 2815 detergendam
2587 2750 2709 2800 soli-

1635 2827 1922 2877 citudinem
1965 2827 2213 2890 omnium,
2252 2826 2305 2876 in
2348 2837 2495 2876 mare
2527 2828 2709 2878 mitte·

1634 2903 1839 2954 bantur.
1872 2903 2014 2967 Εὗρε.

1696 2979 1981 3049 Piuculares
2002 3009 2173 3030 .....
2202 2978 2441 3042 victima]
2520 2979 2710 3030 Codex

1635 3056 1867 3105 Venetus
1906 3060 1963 3104 et
1995 3054 2320 3120 Guelpliicus
2354 3055 2587 3119 produnt
2624 3072 2709 3121 pe·

1632 3132 1853 3182 estimo.
1922 3132 2159 3181 Eandem
2215 3145 2395 3181 vocem
2452 3140 2709 3196 posuerat

1635 3209 2048 3262 etiam‘librarius
2061 3208 2255 3258 codicis
2267 3207 2708 3275 salisburgensis,

1634 3285 1724 3351 qni
1739 3300 1869 3336 -vero
1885 3299 2003 3335 mox
2028 3290 2173 3335 recte
2196 3286 2466 3349 rescripsit
2492 3288 2546 3336 in
2570 3302 2710 3338 mar-

1635 3364 1772 3425 gine,
1808 3370 1823 3392 ‘
1856 3363 1893 3412 1.
1925 3360 2224 3424 ‘imbrem'
2289 3362 2449 3411 Liber
2497 3364 2710 3415 Vossia-

1633 3451 1733 3487 nus
1762 3436 1923 3487 habet
1951 3437 2158 3500 piacula,
2176 3436 2313 3502 quod
2337 3452 2440 3487 non
2464 3439 2710 3493 admittit

1632 3528 1855 3580 sequens
1915 3528 2122 3569 nomen,
2173 3514 2420 3573 victimoe3
2473 3516 2706 3583 alioquin

1634 3591 1745 3655 ipae
1777 3590 2001 3649 Plinius,
2031 3603 2150 3653 cap.
2176 3602 2404 3641 Lxxxu.
2430 3592 2525 3656 ait,
2560 3600 2577 3623 ‘
2600 3608 2708 3645 non

1635 3680 1806 3723 aecus,
1829 3681 1891 3716 ac
1916 3665 2177 3730 piaculum
2197 3665 2429 3731 aliquod,
2454 3669 2705 3721 traheba.

1636 3740 1753 3792 tur.’
1823 3743 1990 3791 Erant
2027 3755 2153 3790 vero
2180 3740 2454 3805 piaculares
2472 3746 2707 3812 uictine,

1634 3834 1748 3885 quae
1774 3818 2113 3882 excipiebant
2146 3820 2318 3869 aliena
2351 3821 2514 3886 mala,
2537 3832 2615 3881 et,
2639 3826 2706 3874 ad

1632 3895 1917 3960 placandos
1941 3896 2104 3958 Deos,
2130 3897 2185 3945 in
2210 3911 2416 3960 poeuam
2453 3901 2707 3952 succedo·

1635 3972 1779 4022 bant.
1802 3971 1958 4022 Unde
1971 3986 2152 4022 servus
2167 3973 2459 4037 Plautinus,
2474 3976 2527 4024 in
2550 3976 2708 4041 Epid-

1634 4061 1674 4099 1.
1719 4053 1769 4098 2.
1813 4052 1894 4098 26.
1934 4048 2118 4097 ‘Men’
2163 4048 2463 4112 piaculum,’
2513 4052 2706 4117 inquit,

1634 4126 1652 4154 ‘
1676 4123 2041 4190 oportettieri,
2062 4124 2131 4174 ob
2147 4124 2428 4174 stultitiam
2453 4133 2620 4193 tuam,
2642 4136 2704 4182 ut

1633 4215 1803 4254 meum
1841 4208 2046 4266 tergum
2082 4201 2320 4253 stultitia
2356 4208 2463 4256 tuae
2509 4207 2705 4258 subdas

1634 4279 2001 4332 succidaneum
2014 4277 2053 4326 ?’
2131 4276 2429 4345 Aliquando
2492 4288 2703 4340 tantum
