3017 4942
476 334 610 401 464

480 508 618 546 anuo
640 492 801 559 igitur
819 497 934 558 post
955 492 975 541 i
998 490 1108 547 hoc
1134 491 1346 557 propius
1368 491 1432 541 ad
1456 505 1544 543 ve-

480 587 629 632 rum;
665 569 756 620 sed
798 584 900 634 quo
944 575 1120 618 tamen
1163 576 1400 631 anctore,
1438 575 1545 619 tam

483 649 700 701 definite
765 646 986 698 eundem
1042 650 1259 704 statuat,
1316 646 1547 709 requiro.

484 726 599 790 Ego
619 724 718 774 boc
738 724 921 773 saltem
947 721 1153 771 invenio
1173 720 1252 786 (in
1276 719 1405 771 Aur.
1423 723 1544 773 Vic-

484 799 630 865 tore)
654 797 852 849 ‘tribus
874 796 1139 847 mensibus
1161 812 1279 847 cum
1297 797 1548 860 adoptato

484 878 719 929 Nervam
755 871 984 924 vixisse.⁸
1064 873 1227 939 Atqui
1273 874 1552 937 imperavit

484 956 664 1007 Nerva
696 960 918 1003 ‘annum
960 965 1142 1015 unum,
1179 964 1382 1000 meuses
1421 965 1549 1016 qua·

485 1039 623 1093 trior,
659 1028 771 1080 dies
814 1043 1000 1079 novem
1028 1027 1059 1075 :'
1090 1028 1252 1092 coepit
1287 1028 1548 1092 imperare

483 1115 632 1159 certo
666 1120 788 1158 nv.
822 1107 942 1156 Kal.
979 1104 1250 1168 Octobris,
1284 1117 1402 1155 cum
1440 1107 1547 1156 Do·

483 1184 727 1236 mitianus
771 1197 936 1233 caesus
958 1199 975 1234 ι
1028 1197 1154 1247 ergo
1188 1182 1289 1232 hoc
1325 1182 1548 1239 calculo,

485 1261 701 1326 adoptio
733 1259 945 1324 Trajani
993 1258 1192 1309 incidat
1227 1258 1279 1307 in
1315 1271 1391 1310 τί.
1425 1259 1548 1310 Kal.

487 1337 818 1400 Novembris,
843 1342 933 1386 aut
954 1336 1109 1387 circa.
1143 1336 1277 1401 Lips.

547 1416 613 1464 In
633 1429 722 1478 quo
741 1412 966 1478 liqueret]
1003 1413 1121 1464 Non
1153 1413 1335 1477 ignoro
1359 1412 1548 1466 ablati·

484 1503 605 1540 vum
651 1489 897 1554 temporis
949 1489 1210 1540 interdum
1265 1490 1548 1541 admittere

487 1567 924 1632 praepositionem,
950 1565 994 1616 si
1027 1565 1266 1631 inprimis
1300 1579 1402 1616 non
1429 1566 1549 1616 sim·

485 1644 694 1708 pliciter
709 1651 935 1708 tempus,
960 1644 1051 1693 sed
1075 1649 1280 1707 ternpus
1298 1650 1549 1708 opportu-

484 1733 627 1785 num,
650 1719 776 1770 item
802 1726 1006 1783 tempus
1029 1719 1183 1769 triste
1217 1725 1272 1768 et
1294 1718 1550 1782 periculo-

487 1810 621 1856 sum,
636 1794 973 1858 designetur3
998 1809 1047 1843 v.
1063 1810 1115 1858 g.
1150 1795 1364 1845 Terent.
1383 1795 1550 1847 Andr.

485 1886 566 1923 lv.
592 1876 675 1923 19.
705 1872 869 1922 ‘Veni
894 1870 1246 1944 infternporef
1271 1871 1358 1922 ubi
1382 1871 1551 1923 Dona·

488 1957 575 1999 tus
610 1949 702 2008 ait,
736 1947 805 1999 ‘i.
834 1963 884 1998 e.
926 1955 1256 2012 opportune3
1300 1961 1393 1997 nos
1435 1947 1551 1999 sine

488 2025 860 2089 praepositione
920 2024 1160 2089 dicimus,
1206 2031 1435 2089 tempore,
1494 2034 1552 2077 et

485 2102 716 2166 tempori?
762 2104 929 2154 Porro
960 2102 1175 2153 Sallust.
1206 2102 1260 2153 in
1289 2103 1447 2154 Catil.
1466 2107 1553 2156 48.

483 2180 499 2208 ⁸
522 2180 588 2229 In
625 2179 719 2230 tali
746 2187 1002 2246 tempore,
1037 2186 1189 2237 tanta
1218 2181 1297 2230 vis
1330 2180 1552 2232 hominis

487 2253 728 2306 lenienda
771 2257 954 2320 magis,
1005 2270 1158 2321 quam
1198 2257 1553 2321 ‘exagitanda,

486 2331 800 2387 videbatur.'
878 2333 1136 2396 Exempla
1183 2333 1347 2383 multo
1403 2334 1555 2399 plura

489 2419 766 2474 praetereo.
834 2410 1105 2460 omittunt
1125 2416 1296 2460 tamen
1319 2408 1552 2461 hocloco

488 2489 1191 2554 Pliniauo'proepositionem
1233 2490 1288 2540 iu
1328 2496 1554 2555 quatuor

488 2564 697 2616 codices
710 2566 843 2616 Mss.
862 2565 951 2630 qui
974 2564 1027 2614 in
1047 2566 1303 2630 catalogo
1318 2566 1553 2633 indican-

486 2649 592 2693 tur.
625 2642 816 2695 Deleta
839 2642 999 2694 etiam
1022 2642 1173 2692 estin
1197 2643 1366 2693 vossii
1389 2642 1551 2704 libro;

486 2727 647 2786 atque
689 2718 878 2771 omissa
908 2734 941 2770 a
977 2719 1236 2785 Grypbio,
1275 2719 1552 2784 Sicbardo,

486 2797 769 2863 paucisque
792 2797 923 2847 aliis.
988 2797 1187 2849 Adliaec
1209 2796 1324 2860 ipse
1348 2797 1552 2847 Plinius

484 2874 704 2925 eandem
739 2874 1167 2938 praepositionem
1203 2873 1318 2923 aliis
1343 2873 1395 2922 in
1421 2873 1551 2924 locis

486 2953 876 3017 praetermittit3
914 2968 963 3002 v.
986 2969 1038 3017 g.
1072 2954 1336 3018 Panegyr.
1371 2966 1469 3003 xv.
1499 2958 1550 3004 4.

489 3031 504 3057 ⁸
524 3028 716 3078 Veniet
739 3043 863 3091 ergo
888 3035 1112 3092 tempus,
1133 3043 1235 3093 quo
1255 3029 1452 3092 posteri
1478 3028 1550 3077 vi·

491 3118 644 3154 sere.
665 3136 713 3154 ..
734 3104 995 3169 gestient!
1062 3106 1233 3170 Epist.
1274 3119 1339 3155 ιι.
1382 3109 1464 3155 13.
1499 3109 1549 3155 8.

486 3185 746 3244 ‘tempus‚
782 3194 886 3246 quo
920 3178 1113 3230 amicos
1152 3186 1266 3230 tuos
1297 3195 1552 3233 exornare

490 3253 743 3318 potuisti?
808 3254 961 3306 conf.
1002 3256 1172 3320 Epist.
1202 3269 1293 3306 ιιι.
1320 3260 1365 3306 1.
1391 3261 1436 3311 1.
1472 3269 1552 3309 vt.

486 3335 572 3382 26.
595 3335 646 3383 3.
683 3344 812 3381 vm.
846 3335 926 3385 14.
948 3324 1029 3381 1⁶.
1099 3330 1341 3403 Nondum
1375 3339 1554 3384 tamen

488 3421 604 3457 eam
643 3407 807 3471 ipsam
847 3406 1263 3472 prepositionem
1297 3410 1392 3460 boc
1437 3409 1553 3465 loco

486 3498 790 3548 expungere
843 3498 999 3534 ausus
1049 3500 1201 3548 sum3
1253 3494 1556 3552 propterea,

489 3559 627 3626 quod
666 3560 881 3611 eandem
921 3561 1199 3626 prodidere
1246 3563 1554 3631 Beroaldus,

489 3638 787 3702 Catanaeus,
831 3637 1012 3701 Aldus,
1051 3637 1238 3704 Junta,
1278 3641 1554 3705 Stephani,

489 3713 788 3779 Rhenanus,
846 3714 1194 3773 Philomusus‚
1238 3716 1553 3783 Cratander,

490 3788 772 3854 Livineius,
810 3789 1041 3855 Lipsius,
1086 3791 1366 3855 Gruterus,
1413 3793 1553 3844 Box-

487 3867 717 3925 hornius,
761 3867 1144 3935 Berneflgerus,
1179 3871 1276 3920 Th.
1319 3870 1553 3928 Hearne,

490 3941 656 4005 Ceva,
677 3942 909 4003 Patarol,
932 3945 1219 3996 Gesnerus.
1260 3946 1507 3997 Schmun.

554 4017 810 4084 Raetisque
828 4022 1101 4088 imperium]
1135 4022 1254 4074 Hoc
1278 4023 1430 4072 modo
1453 4024 1554 4073 eti·

489 4109 571 4146 am
588 4096 817 4161 loquitur
834 4097 1065 4154 Curtius,
1083 4102 1249 4150 vri-4.
1269 4103 1352 4149 12.
1372 4101 1389 4128 ⁸
1402 4099 1551 4163 Mag-

487 4186 610 4222 nutn
630 4189 760 4224 onus
785 4176 1010 4224 sustines
1032 4175 1227 4238 capite,
1250 4175 1451 4238 regium
1474 4175 1551 4226 in·

487 4250 653 4315 signe.
709 4252 848 4317 Hoc,
877 4257 969 4302 aut
989 4250 1258 4302 moderate
1281 4249 1551 4316 perferen·
1576 4273 1582 4278 ·

1177 350 1400 401 NOTAE
1447 348 1857 401 VAmoRuM
1906 350 1993 400 IN

1621 491 1745 544 dum
1779 499 1897 556 est;
1931 497 2040 551 ant.
2070 492 2207 558 quod
2230 492 2514 551 abominor,
2545 496 2595 547 in
2628 502 2685 549 te

1622 568 1778 620 ruet!
1841 569 1983 623 Quin
2006 579 2063 620 et
2089 572 2291 621 Plinius
2319 572 2492 636 Major
2513 574 2584 624 H.
2612 575 2687 631 N.

1625 659 1748 696 xiv.
1784 651 1836 698 4.
1867 652 1883 676 ‘
1902 646 2200 699 Novissime
2233 648 2435 698 Annaeo
2463 650 2687 715 Seneca,

1623 723 1867 787 principe
1900 728 2014 775 tum
2048 724 2378 783 eruditionis,
2410 740 2473 776 ac
2501 735 2686 790 poten·

1624 800 1745 861 tiae3
1776 815 1891 866 quae
1916 808 2181 866 postremo
2205 801 2364 852 nimia
2398 804 2504 852 ruit
2526 816 2688 868 super

1622 877 1827 942 ipsum!
1860 879 2100 930 Schwcrz.

1688 954 1982 1018 Imploratus
2009 953 2280 1019 adoptione]
2316 956 2448 1006 Cum
2484 955 2550 1007 ad
2592 956 2686 1008 ab·-

1623 1039 1827 1081 seutem
1853 1032 2132 1082 Homerico
2149 1047 2297 1084 versu
2318 1033 2498 1082 Nerva
2521 1033 2686 1097 scrip-

1625 1107 1805 1173 sisset,
1827 1106 2018 1159 Τίσειαν
2037 1107 2215 1159 Δαναοὶ
2238 1107 2329 1170 ἐμὰ
2359 1107 2537 1173 δάκρυα
2556 1110 2687 1164 σοῖσι

1624 1182 1848 1240 Bimatra·
1921 1186 2027 1236 Has
2055 1186 2307 1251 lacrymor,
2336 1186 2558 1252 Trnjane,
2588 1188 2687 1237 tuis

1622 1261 1848 1313 ulciscere
1869 1262 1991 1313 telis.
2024 1262 2170 1326 Lips.

1692 1338 1827 1389 otim
1849 1337 2011 1401 duces]
2044 1337 2309 1390 Hannibal
2334 1337 2400 1387 ab
2424 1339 2581 1388 Italia
2605 1353 2684 1389 re-

1623 1422 1842 1465 vocatus
1862 1415 1927 1464 ad
1946 1404 2097 1478 opem
2120 1412 2387 1464 ferendam
2414 1415 2687 1479 Cartbagi-

1623 1492 1678 1541 ni
1708 1491 1821 1555 jam
1859 1489 1973 1543 fere
2010 1490 2254 1543 devictae.
2323 1492 2438 1542 Liv.
2468 1489 2686 1543 xxxii).

1622 1568 1779 1619 Rern.

1693 1644 1766 1694 Tu
1786 1644 1863 1694 illi
1884 1643 2164 1709 reddidisti]
2203 1644 2323 1696 Nou
2348 1651 2545 1696 temere
2566 1645 2684 1707 brec

1624 1719 1693 1770 de
1714 1721 1951 1785 Trajano.
2008 1721 2083 1772 At
2106 1723 2331 1786 superbe
2355 1724 2684 1785 Domitianus

1616 1795 1847 1861 jactavit
1892 1799 1943 1848 iu
1980 1808 2183 1858 senatu.
2218 1802 2234 1829 ‘
2255 1804 2307 1850 et
2341 1800 2478 1865 patri
2517 1814 2593 1865 se,
2629 1807 2688 1850 et

1622 1872 1792 1936 fratri,
1835 1874 2111 1940 imperium
2156 1876 2394 1940 dedisse;
2429 1877 2544 1927 illos
2583 1875 2688 1927 sibi

1627 1949 1953 2000 reddidisse.’
1986 1951 2204 2004 Sueton.
2227 1968 2343 2017 eap.
2368 1957 2446 2004 13.

1691 2026 1832 2077 Solus
1853 2042 1967 2090 erge
1987 2029 2050 2077 ad
2068 2028 2155 2078 Ιιοσ
2175 2028 2292 2092 ‹et-i]
2326 2028 2560 2080 Antehac
2581 2043 2687 2080 non

1627 2104 1756 2153 nulli
1790 2103 2052 2167 legerunt,
2074 2105 2217 2155 Solus
2250 2120 2365 2168 ergo
2395 2106 2574 2163 adhuc,
2602 2108 2690 2171 qui

1623 2193 1711 2244 pro
1762 2194 1953 2231 munere
2007 2186 2157 2230 tanto.
2234 2182 2574 2240 Parisienses,
2630 2189 2690 2234 et

1627 2257 1889 2308 Gruterus
1924 2255 2157 2316 edidere,
2189 2259 2331 2309 Solus
2358 2273 2473 2319 ergo
2504 2262 2567 2310 ud
2601 2259 2690 2309 hoe

1625 2331 1736 2396 συί,
1754 2332 1836 2395 qui
1853 2347 1941 2396 pro
1970 2348 2161 2384 munere
2192 2338 2346 2386 tauto.
2417 2335 2551 2386 Vide
2580 2336 2689 2386 Ex·

1626 2423 1764 2460 curs.
1787 2422 1915 2460 vm.
1946 2409 2311 2475 Berueggerus
2346 2426 2447 2461 non
2482 2411 2690 2463 absimi-

1625 2486 1730 2536 lem
1755 2486 2067 2536 scutentiam
2092 2503 2157 2537 ex
2178 2489 2380 2539 Seneca
2403 2486 2470 2538 de
2503 2487 2687 2541 Benef-

1626 2555 1694 2614 ιι.
1715 2566 1797 2614 80.
1819 2564 1919 2616 huc
1943 2564 2119 2614 attulit
2140 2580 2156 2615 z
2190 2565 2208 2593 ⁴
2228 2565 2427 2616 Eodem
2465 2581 2689 2616 momen·

1628 2646 1701 2697 to,
1724 2654 1828 2705 quo
1850 2641 2114 2705 obligatus
2141 2656 2219 2704 es,
2241 2642 2286 2693 si
2311 2643 2403 2708 vis,
2428 2657 2540 2694 cum
2563 2658 2690 2708 quo·

1624 2716 1755 2767 libet
1792 2716 1938 2781 paria
1969 2715 2177 2780 fecisti3
2212 2720 2475 2784 quoniam,
2503 2718 2595 2785 qui
2627 2721 2692 2770 li-

1625 2792 1817 2844 benter
1849 2793 2161 2845 beneficium
2188 2796 2401 2860 accipit,
2424 2794 2693 2846 reddidit!

1626 2871 1725 2920 Est
1748 2884 1890 2929 vero,
1925 2872 2065 2935 paria
2084 2871 2273 2931 facere,
2309 2873 2445 2924 idem
2482 2887 2563 2931 ac,
2593 2887 2690 2937 par

1625 2946 1741 3011 pari
1788 2946 2010 3013 referre,
2035 2948 2351 3015 beneficium
2395 2948 2690 3014 rependere

1627 3038 1690 3074 ac
1733 3037 2089 3089 compensare.
2156 3026 2355 3078 Colum.
2385 3040 2454 3078 ιι.
2492 3032 2539 3078 1.
2574 3027 2690 3077 dix·

1626 3099 1687 3158 it,
1735 3102 1912 3165 ‘paria
1960 3101 2136 3154 facere
2189 3118 2307 3157 cum
2363 3102 2691 3161 rationibus.'

1625 3177 1871 3234 Schmun-z.

1689 3253 1773 3305 Aa
1813 3255 1900 3304 Ιιοο
1937 3255 2056 3325 oepi]
2102 3257 2277 3308 Adhuc
2310 3259 2476 3311 Livin.
2509 3259 2601 3315 sed
2626 3261 2693 3313 cd

1625 3331 1713 3382 hoc
1730 3331 1823 3381 ωτι·
1845 3333 1912 3383 V.
1934 3333 1998 3386 C.
2021 3333 2185 3384 Livia.

1693 3410 1851 3460 Paria
1894 3412 2187 3478 accipiendo]
2224 3412 2389 3479 Atqui
2422 3412 2692 3465 reddendo
2795 3412 2806 3416 ⁴

1628 3486 1777 3551 paria
1817 3486 1967 3546 flunt,
2015 3496 2072 3539 et
2118 3504 2305 3542 nomen
2351 3488 2690 3555 expungitur.

1628 3567 1913 3619 Pulchrum
1934 3580 2170 3632 acumen,
2196 3574 2254 3618 ut
2272 3575 2499 3620 centena
2522 3570 2575 3619 in
2593 3571 2692 3621 boc

1627 3645 1843 3710 scripto.
1876 3644 2012 3708 Lips.

1694 3723 1853 3773 Paria
1888 3721 2187 3786 coemendo]
2225 3722 2344 3774 Non
2380 3721 2611 3773 absimile
2634 3723 2695 3773 il·

1624 3799 1716 3850 lud
1750 3799 1935 3849 Senec.
1970 3798 2204 3850 Benefic.
2236 3814 2300 3850 ιι.
2337 3804 2419 3854 30.
2448 3802 2465 3830 ‘
2488 3800 2691 3852 Eodem

1627 3880 1909 3937 momento,
1952 3889 2056 3939 quo
2098 3876 2358 3940 obligatus
2393 3892 2470 3936 es,
2511 3877 2556 3927 si
2595 3878 2692 3942 vis,

1626 3965 1742 4002 cum
1765 3950 2005 4015 quolibet
2028 3952 2177 4017 paria
2203 3951 2408 4003 fecisti:
2434 3953 2693 4018 quoniam.

1625 4027 1714 4092 qui
1737 4027 1965 4079 libenter
1989 4026 2295 4079 beneficium
2328 4030 2540 4094 accipit,
2575 4029 2694 4081 red·

1628 4102 1801 4152 didit!
1833 4103 1990 4153 Rern.
2023 4106 2055 4169 ι’
2659 4146 2668 4157 ,
2737 4104 2743 4113 ”

1696 4179 1864 4242 Immo,
1909 4182 2037 4231 ultro
2078 4181 2293 4246 dantem]
2334 4182 2478 4232 Ultra
2521 4182 2693 4232 Livin.

1628 4255 1780 4308 Bene
1799 4259 1945 4318 ultra,
1969 4257 2020 4309 id
2045 4267 2151 4323 est,
2183 4258 2321 4325 quod
2342 4260 2558 4325 amplius
2581 4269 2693 4324 ειη
