<?xml version="1.0" encoding="UTF-8"?>
<!DOCTYPE html PUBLIC "-//W3C//DTD XHTML 1.0 Transitional//EN"
    "http://www.w3.org/TR/xhtml1/DTD/xhtml1-transitional.dtd">
<html xmlns="http://www.w3.org/1999/xhtml" xml:lang="en" lang="en">
 <head>
  <title>
</title>
<meta http-equiv="Content-Type" content="text/html;charset=utf-8" />
  <meta name='ocr-system' content='tesseract 3.04.00' />
  <meta name='ocr-capabilities' content='ocr_page ocr_carea ocr_par ocr_line ocrx_word'/>
</head>
<body>
  <div class='ocr_page' id='page_1' title='image "./panegyriciveter01unkngoog_0697.png"; bbox 0 0 3017 4942; ppageno 0'>
   <div class='ocr_carea' id='block_1_1' title="bbox 775 408 2118 476">
    <p class='ocr_par' dir='ltr' id='par_1_1' title="bbox 775 408 2118 476">
     <span class='ocr_line' id='line_1_1' title="bbox 775 408 2118 476; baseline 0.001 -4"><span class='ocrx_word' id='word_1_1' title='bbox 775 422 840 472; x_wconf 85' lang='lat' dir='ltr'><strong>c.</strong></span> <span class='ocrx_word' id='word_1_2' title='bbox 887 420 1135 473; x_wconf 65' lang='lat' dir='ltr'><strong>unm</strong></span> <span class='ocrx_word' id='word_1_3' title='bbox 1181 420 1521 472; x_wconf 65' lang='lat' dir='ltr'><strong>saeuum</strong></span> <span class='ocrx_word' id='word_1_4' title='bbox 1570 423 1849 476; x_wconf 62' lang='lat' dir='ltr'><strong>Panno.</strong></span> <span class='ocrx_word' id='word_1_5' title='bbox 1924 424 1976 475; x_wconf 91' lang='lat'><strong>1.</strong></span> <span class='ocrx_word' id='word_1_6' title='bbox 2004 408 2118 476; x_wconf 78' lang='lat'><strong>92.</strong></span> 
     </span>
    </p>
   </div>
   <div class='ocr_carea' id='block_1_2' title="bbox 329 564 1412 1624">
    <p class='ocr_par' dir='ltr' id='par_1_2' title="bbox 329 564 1412 1012">
     <span class='ocr_line' id='line_1_2' title="bbox 336 564 1410 630; baseline 0.001 -16"><span class='ocrx_word' id='word_1_7' title='bbox 336 578 398 616; x_wconf 78' lang='lat' dir='ltr'><strong>v.</strong></span> <span class='ocrx_word' id='word_1_8' title='bbox 423 578 542 630; x_wconf 86' lang='lat' dir='ltr'><strong>cap.</strong></span> <span class='ocrx_word' id='word_1_9' title='bbox 577 568 658 615; x_wconf 84' lang='lat'><strong>11.</strong></span> <span class='ocrx_word' id='word_1_10' title='bbox 677 564 696 595; x_wconf 86' lang='lat'>‘</span> <span class='ocrx_word' id='word_1_11' title='bbox 714 565 877 617; x_wconf 83' lang='lat' dir='ltr'><strong>Noxil</strong></span> <span class='ocrx_word' id='word_1_12' title='bbox 899 564 1071 627; x_wconf 82' lang='lat' dir='ltr'><strong>ambo,</strong></span> <span class='ocrx_word' id='word_1_13' title='bbox 1093 565 1227 616; x_wconf 89' lang='lat' dir='ltr'><strong>alter</strong></span> <span class='ocrx_word' id='word_1_14' title='bbox 1247 564 1302 616; x_wconf 91' lang='lat' dir='ltr'><strong>in</strong></span> <span class='ocrx_word' id='word_1_15' title='bbox 1334 565 1410 616; x_wconf 83' lang='lat' dir='ltr'><strong>al-</strong></span> 
     </span>
     <span class='ocr_line' id='line_1_3' title="bbox 336 640 1412 694; baseline 0 -2"><span class='ocrx_word' id='word_1_16' title='bbox 336 650 512 692; x_wconf 89' lang='lat' dir='ltr'><strong>terum</strong></span> <span class='ocrx_word' id='word_1_17' title='bbox 531 656 767 693; x_wconf 82' lang='lat' dir='ltr'><strong>caussam</strong></span> <span class='ocrx_word' id='word_1_18' title='bbox 789 640 1106 694; x_wconf 75' lang='lat' dir='ltr'><strong>conferunt-⁹</strong></span> <span class='ocrx_word' id='word_1_19' title='bbox 1173 642 1315 694; x_wconf 81' lang='lat' dir='ltr'><strong>Plio.</strong></span> <span class='ocrx_word' id='word_1_20' title='bbox 1342 643 1412 693; x_wconf 85' lang='lat' dir='ltr'><strong>E·</strong></span> 
     </span>
     <span class='ocr_line' id='line_1_4' title="bbox 332 718 1411 782; baseline 0 -14"><span class='ocrx_word' id='word_1_21' title='bbox 332 718 462 782; x_wconf 88' lang='lat' dir='ltr'><strong>pist.</strong></span> <span class='ocrx_word' id='word_1_22' title='bbox 484 732 524 768; x_wconf 83' lang='lat' dir='ltr'><strong>r.</strong></span> <span class='ocrx_word' id='word_1_23' title='bbox 548 725 599 769; x_wconf 79' lang='lat'><strong>5.</strong></span> <span class='ocrx_word' id='word_1_24' title='bbox 620 719 637 747; x_wconf 89' lang='lat'>‘</span> <span class='ocrx_word' id='word_1_25' title='bbox 652 720 783 769; x_wconf 86' lang='lat' dir='ltr'><strong>Cum</strong></span> <span class='ocrx_word' id='word_1_26' title='bbox 803 720 943 769; x_wconf 80' lang='lat' dir='ltr'><strong>alter</strong></span> <span class='ocrx_word' id='word_1_27' title='bbox 965 719 1032 770; x_wconf 86' lang='lat' dir='ltr'><strong>ad</strong></span> <span class='ocrx_word' id='word_1_28' title='bbox 1054 720 1273 770; x_wconf 83' lang='lat' dir='ltr'><strong>alterum</strong></span> <span class='ocrx_word' id='word_1_29' title='bbox 1297 727 1411 769; x_wconf 88' lang='lat' dir='ltr'><strong>ten·</strong></span> 
     </span>
     <span class='ocr_line' id='line_1_5' title="bbox 329 793 1409 859; baseline 0 -14"><span class='ocrx_word' id='word_1_30' title='bbox 329 794 621 845; x_wconf 56' lang='lat' dir='ltr'><strong>fieremus?</strong></span> <span class='ocrx_word' id='word_1_31' title='bbox 683 793 835 845; x_wconf 87' lang='lat' dir='ltr'><strong>Idem</strong></span> <span class='ocrx_word' id='word_1_32' title='bbox 872 795 1043 859; x_wconf 85' lang='lat' dir='ltr'><strong>Epist.</strong></span> <span class='ocrx_word' id='word_1_33' title='bbox 1065 809 1147 847; x_wconf 79' lang='lat' dir='ltr'><strong>vr.</strong></span> <span class='ocrx_word' id='word_1_34' title='bbox 1173 800 1223 845; x_wconf 74' lang='lat'><strong>6.</strong></span> <span class='ocrx_word' id='word_1_35' title='bbox 1241 802 1256 825; x_wconf 77' lang='lat'>⁸</span> <span class='ocrx_word' id='word_1_36' title='bbox 1275 794 1409 846; x_wconf 85' lang='lat' dir='ltr'><strong>Mihi</strong></span> 
     </span>
     <span class='ocr_line' id='line_1_6' title="bbox 331 868 1410 937; baseline 0.003 -19"><span class='ocrx_word' id='word_1_37' title='bbox 331 869 680 934; x_wconf 74' lang='lat' dir='ltr'>peracerbum</span> <span class='ocrx_word' id='word_1_38' title='bbox 726 868 848 934; x_wconf 85' lang='lat' dir='ltr'><strong>fuit,</strong></span> <span class='ocrx_word' id='word_1_39' title='bbox 892 870 1031 937; x_wconf 87' lang='lat' dir='ltr'><strong>quod</strong></span> <span class='ocrx_word' id='word_1_40' title='bbox 1066 873 1202 921; x_wconf 87' lang='lat' dir='ltr'><strong>alter</strong></span> <span class='ocrx_word' id='word_1_41' title='bbox 1234 872 1410 935; x_wconf 86' lang='lat' dir='ltr'><strong>alteri,</strong></span> 
     </span>
     <span class='ocr_line' id='line_1_7' title="bbox 331 947 1351 1012; baseline 0.002 -16"><span class='ocrx_word' id='word_1_42' title='bbox 331 947 463 1012; x_wconf 88' lang='lat' dir='ltr'><strong>quid</strong></span> <span class='ocrx_word' id='word_1_43' title='bbox 489 955 758 1011; x_wconf 83' lang='lat' dir='ltr'><strong>pararent,</strong></span> <span class='ocrx_word' id='word_1_44' title='bbox 776 955 901 999; x_wconf 85' lang='lat' dir='ltr'><strong>sunt</strong></span> <span class='ocrx_word' id='word_1_45' title='bbox 922 947 1175 999; x_wconf 85' lang='lat' dir='ltr'><strong>indicati.’</strong></span> <span class='ocrx_word' id='word_1_46' title='bbox 1197 949 1351 1000; x_wconf 80' lang='lat' dir='ltr'><strong>Idem.</strong></span> 
     </span>
    </p>

    <p class='ocr_par' dir='ltr' id='par_1_3' title="bbox 332 1023 1406 1165">
     <span class='ocr_line' id='line_1_8' title="bbox 402 1023 1406 1091; baseline 0.004 -18"><span class='ocrx_word' id='word_1_47' title='bbox 402 1023 704 1089; x_wconf 76' lang='lat' dir='ltr'><strong>Accipimus]</strong></span> <span class='ocrx_word' id='word_1_48' title='bbox 716 1024 997 1091; x_wconf 65' lang='lat' dir='ltr'><strong>Accepimus</strong></span> <span class='ocrx_word' id='word_1_49' title='bbox 1008 1027 1075 1076; x_wconf 87' lang='lat' dir='ltr'><strong>V.</strong></span> <span class='ocrx_word' id='word_1_50' title='bbox 1090 1025 1255 1077; x_wconf 64' lang='lat' dir='ltr'><strong>Livius.</strong></span> <span class='ocrx_word' id='word_1_51' title='bbox 1273 1027 1406 1079; x_wconf 79' lang='lat' dir='ltr'><strong>Rec-</strong></span> 
     </span>
     <span class='ocr_line' id='line_1_9' title="bbox 332 1099 679 1165; baseline 0.009 -16"><span class='ocrx_word' id='word_1_52' title='bbox 332 1106 411 1150; x_wconf 83' lang='lat' dir='ltr'><strong>te.</strong></span> <span class='ocrx_word' id='word_1_53' title='bbox 435 1099 679 1165; x_wconf 66' lang='lat' dir='ltr'><strong>Rittmae.</strong></span> 
     </span>
    </p>

    <p class='ocr_par' dir='ltr' id='par_1_4' title="bbox 329 1177 1410 1624">
     <span class='ocr_line' id='line_1_10' title="bbox 401 1177 1406 1246; baseline 0.008 -19"><span class='ocrx_word' id='word_1_54' title='bbox 401 1177 506 1228; x_wconf 76' lang='lat' dir='ltr'><strong>Sed</strong></span> <span class='ocrx_word' id='word_1_55' title='bbox 526 1178 721 1242; x_wconf 68' lang='lat' dir='ltr'><strong>iterun,</strong></span> <span class='ocrx_word' id='word_1_56' title='bbox 742 1184 791 1229; x_wconf 79' lang='lat' dir='ltr'><strong>et</strong></span> <span class='ocrx_word' id='word_1_57' title='bbox 827 1181 1041 1246; x_wconf 72' lang='lat' dir='ltr'><strong>pariter]</strong></span> <span class='ocrx_word' id='word_1_58' title='bbox 1065 1181 1269 1240; x_wconf 68' lang='lat' dir='ltr'><strong>Item,</strong></span> <span class='ocrx_word' id='word_1_59' title='bbox 1291 1181 1328 1232; x_wconf 81' lang='lat' dir='ltr'><strong>i·</strong></span> <span class='ocrx_word' id='word_1_60' title='bbox 1356 1195 1406 1235; x_wconf 77' lang='lat' dir='ltr'><strong>e.</strong></span> 
     </span>
     <span class='ocr_line' id='line_1_11' title="bbox 331 1244 1408 1324; baseline 0.006 -21"><span class='ocrx_word' id='word_1_61' title='bbox 331 1254 418 1304; x_wconf 85' lang='lat' dir='ltr'><strong>bis</strong></span> <span class='ocrx_word' id='word_1_62' title='bbox 442 1244 684 1305; x_wconf 74' lang='lat' dir='ltr'><strong>consules</strong></span> <span class='ocrx_word' id='word_1_63' title='bbox 724 1271 902 1307; x_wconf 84' lang='lat' dir='ltr'><strong>sumus</strong></span> <span class='ocrx_word' id='word_1_64' title='bbox 925 1273 942 1317; x_wconf 76' lang='lat'>3</span> <span class='ocrx_word' id='word_1_65' title='bbox 969 1264 1019 1308; x_wconf 75' lang='lat' dir='ltr'><strong>et</strong></span> <span class='ocrx_word' id='word_1_66' title='bbox 1052 1259 1256 1324; x_wconf 70' lang='lat' dir='ltr'><strong>pariter,</strong></span> <span class='ocrx_word' id='word_1_67' title='bbox 1286 1260 1321 1310; x_wconf 84' lang='lat' dir='ltr'><strong>i.</strong></span> <span class='ocrx_word' id='word_1_68' title='bbox 1357 1273 1408 1310; x_wconf 88' lang='lat' dir='ltr'><strong>e.</strong></span> 
     </span>
     <span class='ocr_line' id='line_1_12' title="bbox 335 1332 1406 1400; baseline 0.006 -19"><span class='ocrx_word' id='word_1_69' title='bbox 335 1332 496 1382; x_wconf 86' lang='lat' dir='ltr'><strong>simul</strong></span> <span class='ocrx_word' id='word_1_70' title='bbox 549 1333 772 1398; x_wconf 65' lang='lat' dir='ltr'><strong>collega</strong></span> <span class='ocrx_word' id='word_1_71' title='bbox 825 1349 1020 1385; x_wconf 83' lang='lat' dir='ltr'><strong>sumus.</strong></span> <span class='ocrx_word' id='word_1_72' title='bbox 1105 1336 1406 1400; x_wconf 78' lang='lat' dir='ltr'><strong>christoph.</strong></span> 
     </span>
     <span class='ocr_line' id='line_1_13' title="bbox 330 1409 1410 1478; baseline 0.005 -20"><span class='ocrx_word' id='word_1_73' title='bbox 330 1409 563 1459; x_wconf 84' lang='lat' dir='ltr'><strong>Bebriua</strong></span> <span class='ocrx_word' id='word_1_74' title='bbox 610 1410 838 1474; x_wconf 83' lang='lat' dir='ltr'><strong>potavit,</strong></span> <span class='ocrx_word' id='word_1_75' title='bbox 881 1426 978 1476; x_wconf 90' lang='lat' dir='ltr'><strong>pro</strong></span> <span class='ocrx_word' id='word_1_76' title='bbox 1014 1413 1273 1476; x_wconf 82' lang='lat' dir='ltr'><strong>particula</strong></span> <span class='ocrx_word' id='word_1_77' title='bbox 1302 1413 1410 1478; x_wconf 70' lang='lat' dir='ltr'><strong>sed,</strong></span> 
     </span>
     <span class='ocr_line' id='line_1_14' title="bbox 329 1483 1404 1552; baseline 0.005 -19"><span class='ocrx_word' id='word_1_78' title='bbox 329 1483 730 1535; x_wconf 79' lang='lat' dir='ltr'><strong>rescribendum</strong></span> <span class='ocrx_word' id='word_1_79' title='bbox 750 1498 863 1535; x_wconf 81' lang='lat' dir='ltr'><strong>esse</strong></span> <span class='ocrx_word' id='word_1_80' title='bbox 875 1492 958 1546; x_wconf 60' lang='lat' dir='ltr'><strong>etz</strong></span> <span class='ocrx_word' id='word_1_81' title='bbox 989 1501 1094 1537; x_wconf 89' lang='lat' dir='ltr'><strong>non</strong></span> <span class='ocrx_word' id='word_1_82' title='bbox 1106 1495 1251 1539; x_wconf 77' lang='lat' dir='ltr'><strong>certe</strong></span> <span class='ocrx_word' id='word_1_83' title='bbox 1269 1503 1404 1552; x_wconf 73' lang='lat' dir='ltr'><strong>prm·</strong></span> 
     </span>
     <span class='ocr_line' id='line_1_15' title="bbox 329 1560 1407 1624; baseline 0.005 -13"><span class='ocrx_word' id='word_1_84' title='bbox 329 1566 420 1611; x_wconf 85' lang='lat' dir='ltr'><strong>ter</strong></span> <span class='ocrx_word' id='word_1_85' title='bbox 441 1560 697 1612; x_wconf 71' lang='lat' dir='ltr'><strong>rationem</strong></span> <span class='ocrx_word' id='word_1_86' title='bbox 716 1576 735 1624; x_wconf 69' lang='grc' dir='ltr'><strong><em>ς</em></strong></span> <span class='ocrx_word' id='word_1_87' title='bbox 765 1575 943 1613; x_wconf 80' lang='lat' dir='ltr'><strong>verum</strong></span> <span class='ocrx_word' id='word_1_88' title='bbox 965 1564 1135 1614; x_wconf 82' lang='lat' dir='ltr'><strong>nullus</strong></span> <span class='ocrx_word' id='word_1_89' title='bbox 1157 1564 1291 1615; x_wconf 88' lang='lat' dir='ltr'><strong>liber</strong></span> <span class='ocrx_word' id='word_1_90' title='bbox 1312 1565 1407 1616; x_wconf 86' lang='lat' dir='ltr'><strong>ali-</strong></span> 
     </span>
    </p>
   </div>
   <div class='ocr_carea' id='block_1_3' title="bbox 236 1638 1405 1713">
    <p class='ocr_par' dir='ltr' id='par_1_5' title="bbox 236 1638 1405 1713">
     <span class='ocr_line' id='line_1_16' title="bbox 236 1638 1405 1713; baseline 0.004 -25"><span class='ocrx_word' id='word_1_91' title='bbox 236 1708 241 1713; x_wconf 28' lang='lat'><strong>·</strong></span> <span class='ocrx_word' id='word_1_92' title='bbox 330 1638 421 1688; x_wconf 87' lang='lat' dir='ltr'><strong>cui</strong></span> <span class='ocrx_word' id='word_1_93' title='bbox 447 1638 1125 1691; x_wconf 79' lang='lat' dir='ltr'><strong>innovationilenocinatar.</strong></span> <span class='ocrx_word' id='word_1_94' title='bbox 1158 1640 1405 1693; x_wconf 67' lang='lat' dir='ltr'><strong>Sciam</strong></span> 
     </span>
    </p>
   </div>
   <div class='ocr_carea' id='block_1_4' title="bbox 269 1715 1408 4459">
    <p class='ocr_par' dir='ltr' id='par_1_6' title="bbox 269 1715 1408 4459">
     <span class='ocr_line' id='line_1_17' title="bbox 399 1715 1406 1781; baseline 0.002 -15"><span class='ocrx_word' id='word_1_95' title='bbox 399 1715 542 1766; x_wconf 65' lang='lat' dir='ltr'><strong>Can.</strong></span> <span class='ocrx_word' id='word_1_96' title='bbox 565 1723 706 1767; x_wconf 80' lang='lat' dir='ltr'><strong>xc‘n.</strong></span> <span class='ocrx_word' id='word_1_97' title='bbox 751 1716 1012 1777; x_wconf 74' lang='lat' dir='ltr'><strong>Proeseetir</strong></span> <span class='ocrx_word' id='word_1_98' title='bbox 1032 1717 1233 1781; x_wconf 64' lang='grc' dir='ltr'><strong>ανον-ἑο]</strong></span> <span class='ocrx_word' id='word_1_99' title='bbox 1254 1718 1406 1768; x_wconf 84' lang='lat' dir='ltr'><strong>Dici-</strong></span> 
     </span>
     <span class='ocr_line' id='line_1_18' title="bbox 327 1789 1403 1856; baseline 0.004 -15"><span class='ocrx_word' id='word_1_100' title='bbox 327 1796 418 1841; x_wconf 79' lang='lat' dir='ltr'><strong>tur</strong></span> <span class='ocrx_word' id='word_1_101' title='bbox 439 1789 742 1854; x_wconf 71' lang='lat' dir='ltr'><strong>‘proefectua</strong></span> <span class='ocrx_word' id='word_1_102' title='bbox 760 1792 969 1856; x_wconf 75' lang='lat' dir='ltr'><strong>aerarii,’</strong></span> <span class='ocrx_word' id='word_1_103' title='bbox 990 1802 1046 1844; x_wconf 83' lang='lat' dir='ltr'><strong>ut</strong></span> <span class='ocrx_word' id='word_1_104' title='bbox 1067 1794 1166 1844; x_wconf 84' lang='lat' dir='ltr'><strong>hoc</strong></span> <span class='ocrx_word' id='word_1_105' title='bbox 1180 1795 1328 1854; x_wconf 86' lang='lat' dir='ltr'><strong>loco;</strong></span> <span class='ocrx_word' id='word_1_106' title='bbox 1345 1796 1403 1846; x_wconf 84' lang='lat' dir='ltr'><strong>et</strong></span> 
     </span>
     <span class='ocr_line' id='line_1_19' title="bbox 330 1865 1406 1934; baseline 0.005 -17"><span class='ocrx_word' id='word_1_107' title='bbox 330 1874 347 1897; x_wconf 82' lang='lat'><em>‘</em></span> <span class='ocrx_word' id='word_1_108' title='bbox 367 1865 654 1930; x_wconf 74' lang='lat' dir='ltr'><strong>prmfectns</strong></span> <span class='ocrx_word' id='word_1_109' title='bbox 676 1868 887 1934; x_wconf 57' lang='lat' dir='ltr'><strong>mrariij</strong></span> <span class='ocrx_word' id='word_1_110' title='bbox 909 1875 965 1921; x_wconf 91' lang='lat' dir='ltr'><strong>ut</strong></span> <span class='ocrx_word' id='word_1_111' title='bbox 985 1870 1086 1933; x_wconf 80' lang='lat' dir='ltr'><strong>Ep.</strong></span> <span class='ocrx_word' id='word_1_112' title='bbox 1108 1883 1194 1921; x_wconf 79' lang='grc' dir='ltr'><strong>ιιι.</strong></span> <span class='ocrx_word' id='word_1_113' title='bbox 1213 1874 1265 1920; x_wconf 80' lang='grc'><strong>4.</strong></span> <span class='ocrx_word' id='word_1_114' title='bbox 1281 1875 1332 1920; x_wconf 74' lang='lat'><strong>2.</strong></span> <span class='ocrx_word' id='word_1_115' title='bbox 1347 1876 1406 1922; x_wconf 91' lang='lat' dir='ltr'><strong>et</strong></span> 
     </span>
     <span class='ocr_line' id='line_1_20' title="bbox 328 1945 1405 2011; baseline 0.004 -16"><span class='ocrx_word' id='word_1_116' title='bbox 328 1945 436 2008; x_wconf 86' lang='lat' dir='ltr'><strong>Ep.</strong></span> <span class='ocrx_word' id='word_1_117' title='bbox 468 1957 554 1996; x_wconf 77' lang='lat'><strong>11.</strong></span> <span class='ocrx_word' id='word_1_118' title='bbox 575 1949 652 1996; x_wconf 76' lang='lat'><strong>13.</strong></span> <span class='ocrx_word' id='word_1_119' title='bbox 669 1949 748 1996; x_wconf 86' lang='lat' dir='ltr'><strong>ll.</strong></span> <span class='ocrx_word' id='word_1_120' title='bbox 771 1946 1202 2011; x_wconf 73' lang='lat' dir='ltr'><strong>quemadmodum</strong></span> <span class='ocrx_word' id='word_1_121' title='bbox 1226 1955 1283 1997; x_wconf 91' lang='lat' dir='ltr'><strong>et</strong></span> <span class='ocrx_word' id='word_1_122' title='bbox 1306 1947 1405 1999; x_wconf 85' lang='lat' dir='ltr'><strong>boc</strong></span> 
     </span>
     <span class='ocr_line' id='line_1_21' title="bbox 327 2021 1406 2088; baseline 0.003 -17"><span class='ocrx_word' id='word_1_123' title='bbox 327 2023 452 2071; x_wconf 85' lang='lat' dir='ltr'><strong>loeo</strong></span> <span class='ocrx_word' id='word_1_124' title='bbox 484 2021 645 2072; x_wconf 74' lang='lat' dir='ltr'><strong>babet</strong></span> <span class='ocrx_word' id='word_1_125' title='bbox 673 2021 842 2072; x_wconf 84' lang='lat' dir='ltr'><strong>codex</strong></span> <span class='ocrx_word' id='word_1_126' title='bbox 862 2021 1166 2088; x_wconf 74' lang='lat' dir='ltr'><strong>Patavium,</strong></span> <span class='ocrx_word' id='word_1_127' title='bbox 1188 2029 1242 2074; x_wconf 89' lang='lat' dir='ltr'><strong>et</strong></span> <span class='ocrx_word' id='word_1_128' title='bbox 1271 2024 1406 2074; x_wconf 82' lang='lat' dir='ltr'><strong>liber</strong></span> 
     </span>
     <span class='ocr_line' id='line_1_22' title="bbox 328 2097 1406 2160; baseline 0.006 -15"><span class='ocrx_word' id='word_1_129' title='bbox 328 2097 512 2149; x_wconf 80' lang='lat' dir='ltr'><strong>Vossii</strong></span> <span class='ocrx_word' id='word_1_130' title='bbox 535 2098 795 2160; x_wconf 73' lang='lat' dir='ltr'><strong>Praeseetis</strong></span> <span class='ocrx_word' id='word_1_131' title='bbox 817 2101 1000 2151; x_wconf 81' lang='lat' dir='ltr'><strong>oerarii.</strong></span> <span class='ocrx_word' id='word_1_132' title='bbox 1037 2100 1293 2151; x_wconf 78' lang='lat' dir='ltr'><strong>AErariom</strong></span> <span class='ocrx_word' id='word_1_133' title='bbox 1314 2100 1406 2152; x_wconf 76' lang='lat' dir='ltr'><strong>Sa-</strong></span> 
     </span>
     <span class='ocr_line' id='line_1_23' title="bbox 333 2173 1403 2243; baseline 0.004 -18"><span class='ocrx_word' id='word_1_134' title='bbox 333 2175 478 2225; x_wconf 84' lang='lat' dir='ltr'><strong>turni</strong></span> <span class='ocrx_word' id='word_1_135' title='bbox 512 2175 563 2224; x_wconf 92' lang='lat' dir='ltr'><strong>in</strong></span> <span class='ocrx_word' id='word_1_136' title='bbox 581 2173 699 2225; x_wconf 81' lang='lat' dir='ltr'><strong>foro</strong></span> <span class='ocrx_word' id='word_1_137' title='bbox 723 2184 838 2226; x_wconf 89' lang='lat' dir='ltr'><strong>erat</strong></span> <span class='ocrx_word' id='word_1_138' title='bbox 859 2176 1035 2228; x_wconf 64' lang='lat' dir='ltr'><strong>Rome</strong></span> <span class='ocrx_word' id='word_1_139' title='bbox 1060 2193 1096 2243; x_wconf 44' lang='grc' dir='ltr'><strong>ς,</strong></span> <span class='ocrx_word' id='word_1_140' title='bbox 1112 2178 1248 2228; x_wconf 88' lang='lat' dir='ltr'><strong>unde</strong></span> <span class='ocrx_word' id='word_1_141' title='bbox 1264 2177 1403 2230; x_wconf 86' lang='lat' dir='ltr'><strong>Plin.</strong></span> 
     </span>
     <span class='ocr_line' id='line_1_24' title="bbox 329 2250 1401 2319; baseline 0.004 -19"><span class='ocrx_word' id='word_1_142' title='bbox 329 2250 438 2316; x_wconf 81' lang='lat' dir='ltr'><strong>Ep.</strong></span> <span class='ocrx_word' id='word_1_143' title='bbox 464 2264 522 2302; x_wconf 84' lang='lat' dir='ltr'><strong>x.</strong></span> <span class='ocrx_word' id='word_1_144' title='bbox 538 2254 623 2301; x_wconf 73' lang='lat'><strong>80.</strong></span> <span class='ocrx_word' id='word_1_145' title='bbox 643 2255 692 2302; x_wconf 88' lang='lat'><strong>1.</strong></span> <span class='ocrx_word' id='word_1_146' title='bbox 708 2251 805 2303; x_wconf 88' lang='lat' dir='ltr'><strong>‘Ut</strong></span> <span class='ocrx_word' id='word_1_147' title='bbox 821 2253 1044 2317; x_wconf 88' lang='lat' dir='ltr'><strong>primum</strong></span> <span class='ocrx_word' id='word_1_148' title='bbox 1058 2268 1160 2319; x_wconf 89' lang='lat' dir='ltr'><strong>me,</strong></span> <span class='ocrx_word' id='word_1_149' title='bbox 1173 2252 1401 2318; x_wconf 86' lang='lat' dir='ltr'><strong>domine,</strong></span> 
     </span>
     <span class='ocr_line' id='line_1_25' title="bbox 329 2327 1401 2394; baseline 0.003 -18"><span class='ocrx_word' id='word_1_150' title='bbox 329 2328 661 2393; x_wconf 74' lang='lat' dir='ltr'><strong>indulgentia</strong></span> <span class='ocrx_word' id='word_1_151' title='bbox 682 2337 861 2378; x_wconf 79' lang='lat' dir='ltr'><strong>vestra</strong></span> <span class='ocrx_word' id='word_1_152' title='bbox 887 2329 1145 2394; x_wconf 79' lang='lat' dir='ltr'><strong>promovit</strong></span> <span class='ocrx_word' id='word_1_153' title='bbox 1165 2327 1232 2378; x_wconf 84' lang='lat' dir='ltr'><strong>ad</strong></span> <span class='ocrx_word' id='word_1_154' title='bbox 1264 2343 1401 2393; x_wconf 68' lang='lat' dir='ltr'><strong>prm·</strong></span> 
     </span>
     <span class='ocr_line' id='line_1_26' title="bbox 329 2402 1400 2456; baseline 0.002 -2"><span class='ocrx_word' id='word_1_155' title='bbox 329 2402 595 2455; x_wconf 77' lang='lat' dir='ltr'><strong>secturam</strong></span> <span class='ocrx_word' id='word_1_156' title='bbox 620 2405 791 2455; x_wconf 67' lang='lat' dir='ltr'><strong>erarii</strong></span> <span class='ocrx_word' id='word_1_157' title='bbox 813 2403 1065 2456; x_wconf 85' lang='lat' dir='ltr'><strong>Saturni.&#39;</strong></span> <span class='ocrx_word' id='word_1_158' title='bbox 1122 2404 1327 2456; x_wconf 77' lang='lat' dir='ltr'><strong>Etenim</strong></span> <span class='ocrx_word' id='word_1_159' title='bbox 1348 2406 1400 2456; x_wconf 89' lang='lat' dir='ltr'><strong>in</strong></span> 
     </span>
     <span class='ocr_line' id='line_1_27' title="bbox 331 2481 1400 2547; baseline 0.002 -16"><span class='ocrx_word' id='word_1_160' title='bbox 331 2481 536 2546; x_wconf 84' lang='lat' dir='ltr'><strong>templo</strong></span> <span class='ocrx_word' id='word_1_161' title='bbox 571 2482 788 2533; x_wconf 86' lang='lat' dir='ltr'><strong>Saturni</strong></span> <span class='ocrx_word' id='word_1_162' title='bbox 826 2495 930 2533; x_wconf 88' lang='lat' dir='ltr'><strong>non</strong></span> <span class='ocrx_word' id='word_1_163' title='bbox 972 2483 1137 2532; x_wconf 85' lang='lat' dir='ltr'><strong>solum</strong></span> <span class='ocrx_word' id='word_1_164' title='bbox 1180 2483 1400 2547; x_wconf 85' lang='lat' dir='ltr'><strong>pecunia</strong></span> 
     </span>
     <span class='ocr_line' id='line_1_28' title="bbox 329 2558 1400 2624; baseline 0.002 -17"><span class='ocrx_word' id='word_1_165' title='bbox 329 2558 566 2624; x_wconf 86' lang='lat' dir='ltr'><strong>publica,</strong></span> <span class='ocrx_word' id='word_1_166' title='bbox 609 2559 702 2609; x_wconf 84' lang='lat' dir='ltr'><strong>sed</strong></span> <span class='ocrx_word' id='word_1_167' title='bbox 744 2559 902 2610; x_wconf 86' lang='lat' dir='ltr'><strong>etiam</strong></span> <span class='ocrx_word' id='word_1_168' title='bbox 939 2560 1133 2610; x_wconf 67' lang='lat' dir='ltr'><strong>tabula·</strong></span> <span class='ocrx_word' id='word_1_169' title='bbox 1172 2559 1400 2624; x_wconf 62' lang='lat' dir='ltr'><strong>publicu</strong></span> 
     </span>
     <span class='ocr_line' id='line_1_29' title="bbox 329 2634 1403 2695; baseline 0 -10"><span class='ocrx_word' id='word_1_170' title='bbox 329 2640 550 2695; x_wconf 87' lang='lat' dir='ltr'><strong>senatus</strong></span> <span class='ocrx_word' id='word_1_171' title='bbox 593 2636 967 2694; x_wconf 85' lang='lat' dir='ltr'><strong>consultorum,</strong></span> <span class='ocrx_word' id='word_1_172' title='bbox 1008 2642 1063 2686; x_wconf 89' lang='lat' dir='ltr'><strong>et</strong></span> <span class='ocrx_word' id='word_1_173' title='bbox 1103 2635 1206 2685; x_wconf 83' lang='lat' dir='ltr'><strong>alia</strong></span> <span class='ocrx_word' id='word_1_174' title='bbox 1240 2634 1403 2685; x_wconf 87' lang='lat' dir='ltr'><strong>moui·</strong></span> 
     </span>
     <span class='ocr_line' id='line_1_30' title="bbox 326 2713 1403 2777; baseline 0 -15"><span class='ocrx_word' id='word_1_175' title='bbox 326 2720 531 2775; x_wconf 84' lang='lat' dir='ltr'><strong>menta,</strong></span> <span class='ocrx_word' id='word_1_176' title='bbox 545 2714 676 2764; x_wconf 88' lang='lat' dir='ltr'><strong>item</strong></span> <span class='ocrx_word' id='word_1_177' title='bbox 698 2720 755 2763; x_wconf 89' lang='lat' dir='ltr'><strong>et</strong></span> <span class='ocrx_word' id='word_1_178' title='bbox 776 2714 928 2777; x_wconf 81' lang='lat' dir='ltr'><strong>signa</strong></span> <span class='ocrx_word' id='word_1_179' title='bbox 950 2713 1214 2777; x_wconf 84' lang='lat' dir='ltr'><strong>militaria,</strong></span> <span class='ocrx_word' id='word_1_180' title='bbox 1236 2727 1403 2762; x_wconf 86' lang='lat' dir='ltr'><strong>asser·</strong></span> 
     </span>
     <span class='ocr_line' id='line_1_31' title="bbox 327 2788 1404 2856; baseline 0.001 -19"><span class='ocrx_word' id='word_1_181' title='bbox 327 2788 627 2852; x_wconf 76' lang='lat' dir='ltr'><strong>vabantur3</strong></span> <span class='ocrx_word' id='word_1_182' title='bbox 661 2796 947 2856; x_wconf 86' lang='lat' dir='ltr'><strong>propterea</strong></span> <span class='ocrx_word' id='word_1_183' title='bbox 989 2789 1148 2855; x_wconf 84' lang='lat' dir='ltr'><strong>quod,</strong></span> <span class='ocrx_word' id='word_1_184' title='bbox 1181 2803 1404 2852; x_wconf 82' lang='lat' dir='ltr'><strong>regnan·</strong></span> 
     </span>
     <span class='ocr_line' id='line_1_32' title="bbox 328 2864 1403 2931; baseline 0.001 -16"><span class='ocrx_word' id='word_1_185' title='bbox 328 2876 383 2915; x_wconf 87' lang='lat' dir='ltr'><strong>te</strong></span> <span class='ocrx_word' id='word_1_186' title='bbox 410 2864 657 2930; x_wconf 79' lang='lat' dir='ltr'><strong>Saturno,</strong></span> <span class='ocrx_word' id='word_1_187' title='bbox 679 2865 808 2916; x_wconf 84' lang='lat' dir='ltr'><strong>fides</strong></span> <span class='ocrx_word' id='word_1_188' title='bbox 830 2872 888 2915; x_wconf 92' lang='lat' dir='ltr'><strong>et</strong></span> <span class='ocrx_word' id='word_1_189' title='bbox 901 2865 1111 2930; x_wconf 81' lang='lat' dir='ltr'><strong>justitia</strong></span> <span class='ocrx_word' id='word_1_190' title='bbox 1135 2864 1403 2931; x_wconf 68' lang='lat' dir='ltr'><strong>praecipue</strong></span> 
     </span>
     <span class='ocr_line' id='line_1_33' title="bbox 327 2941 1403 3006; baseline -0.002 -14"><span class='ocrx_word' id='word_1_191' title='bbox 327 2941 572 3005; x_wconf 71' lang='lat' dir='ltr'><strong>floruisse</strong></span> <span class='ocrx_word' id='word_1_192' title='bbox 598 2941 988 3006; x_wconf 79' lang='lat' dir='ltr'><strong>perhibebatur,</strong></span> <span class='ocrx_word' id='word_1_193' title='bbox 1009 2941 1250 2992; x_wconf 77' lang='lat' dir='ltr'><strong>tradente</strong></span> <span class='ocrx_word' id='word_1_194' title='bbox 1279 2941 1403 2991; x_wconf 88' lang='lat' dir='ltr'><strong>Plu·</strong></span> 
     </span>
     <span class='ocr_line' id='line_1_34' title="bbox 288 3018 1404 3082; baseline 0.002 -15"><span class='ocrx_word' id='word_1_195' title='bbox 288 3068 297 3077; x_wconf 70' lang='grc'><strong><em>,</em></strong></span> <span class='ocrx_word' id='word_1_196' title='bbox 328 3018 517 3069; x_wconf 80' lang='lat' dir='ltr'><strong>tarcbo</strong></span> <span class='ocrx_word' id='word_1_197' title='bbox 540 3020 743 3072; x_wconf 72' lang='lat' dir='ltr'><strong>Quaest.</strong></span> <span class='ocrx_word' id='word_1_198' title='bbox 762 3018 914 3068; x_wconf 78' lang='lat' dir='ltr'><strong>Rom.</strong></span> <span class='ocrx_word' id='word_1_199' title='bbox 934 3033 986 3069; x_wconf 92' lang='lat' dir='ltr'><strong>n.</strong></span> <span class='ocrx_word' id='word_1_200' title='bbox 1006 3023 1091 3069; x_wconf 77' lang='lat'><strong>41.</strong></span> <span class='ocrx_word' id='word_1_201' title='bbox 1122 3018 1186 3069; x_wconf 89' lang='lat' dir='ltr'><strong>In</strong></span> <span class='ocrx_word' id='word_1_202' title='bbox 1209 3018 1404 3082; x_wconf 88' lang='lat' dir='ltr'><strong>repub·</strong></span> 
     </span>
     <span class='ocr_line' id='line_1_35' title="bbox 327 3093 1405 3160; baseline 0 -15"><span class='ocrx_word' id='word_1_203' title='bbox 327 3096 435 3146; x_wconf 81' lang='lat' dir='ltr'><strong>lica</strong></span> <span class='ocrx_word' id='word_1_204' title='bbox 493 3094 664 3146; x_wconf 86' lang='lat' dir='ltr'><strong>libera</strong></span> <span class='ocrx_word' id='word_1_205' title='bbox 713 3101 1003 3160; x_wconf 71' lang='lat' dir='ltr'><strong>quaestores</strong></span> <span class='ocrx_word' id='word_1_206' title='bbox 1048 3094 1231 3145; x_wconf 86' lang='lat' dir='ltr'><strong>urbani</strong></span> <span class='ocrx_word' id='word_1_207' title='bbox 1283 3093 1405 3145; x_wconf 82' lang='lat' dir='ltr'><strong>huic</strong></span> 
     </span>
     <span class='ocr_line' id='line_1_36' title="bbox 327 3168 1405 3234; baseline -0.001 -13"><span class='ocrx_word' id='word_1_208' title='bbox 327 3171 539 3221; x_wconf 88' lang='lat' dir='ltr'><strong>muneri</strong></span> <span class='ocrx_word' id='word_1_209' title='bbox 568 3168 929 3234; x_wconf 60' lang='lat' dir='ltr'><strong>prefuerunn</strong></span> <span class='ocrx_word' id='word_1_210' title='bbox 958 3183 990 3219; x_wconf 82' lang='lat' dir='ltr'><strong>a</strong></span> <span class='ocrx_word' id='word_1_211' title='bbox 1008 3170 1198 3234; x_wconf 86' lang='lat' dir='ltr'><strong>quibus</strong></span> <span class='ocrx_word' id='word_1_212' title='bbox 1230 3177 1405 3220; x_wconf 87' lang='lat' dir='ltr'><strong>autem</strong></span> 
     </span>
     <span class='ocr_line' id='line_1_37' title="bbox 330 3247 1403 3311; baseline -0.001 -13"><span class='ocrx_word' id='word_1_213' title='bbox 330 3248 433 3298; x_wconf 87' lang='lat' dir='ltr'><strong>sub</strong></span> <span class='ocrx_word' id='word_1_214' title='bbox 466 3247 872 3311; x_wconf 70' lang='lat' dir='ltr'><strong>imperatoribus</strong></span> <span class='ocrx_word' id='word_1_215' title='bbox 898 3261 1028 3297; x_wconf 89' lang='lat' dir='ltr'><strong>cura</strong></span> <span class='ocrx_word' id='word_1_216' title='bbox 1062 3247 1210 3311; x_wconf 74' lang='lat' dir='ltr'><strong>liujus</strong></span> <span class='ocrx_word' id='word_1_217' title='bbox 1232 3247 1403 3298; x_wconf 77' lang='lat' dir='ltr'><strong>aerarii</strong></span> 
     </span>
     <span class='ocr_line' id='line_1_38' title="bbox 332 3320 1405 3389; baseline 0 -15"><span class='ocrx_word' id='word_1_218' title='bbox 332 3323 695 3374; x_wconf 82' lang='lat' dir='ltr'><strong>administrata</strong></span> <span class='ocrx_word' id='word_1_219' title='bbox 716 3320 898 3378; x_wconf 83' lang='lat' dir='ltr'><strong>fuerit,</strong></span> <span class='ocrx_word' id='word_1_220' title='bbox 921 3322 1153 3373; x_wconf 79' lang='lat' dir='ltr'><strong>breviter</strong></span> <span class='ocrx_word' id='word_1_221' title='bbox 1184 3324 1405 3389; x_wconf 76' lang='lat' dir='ltr'><strong>exponit</strong></span> 
     </span>
     <span class='ocr_line' id='line_1_39' title="bbox 329 3398 1403 3463; baseline 0.002 -15"><span class='ocrx_word' id='word_1_222' title='bbox 329 3399 503 3450; x_wconf 85' lang='lat' dir='ltr'><strong>Tacit.</strong></span> <span class='ocrx_word' id='word_1_223' title='bbox 539 3398 729 3449; x_wconf 81' lang='lat' dir='ltr'><strong>Annal.</strong></span> <span class='ocrx_word' id='word_1_224' title='bbox 765 3410 899 3448; x_wconf 84' lang='lat' dir='ltr'><strong>xm.</strong></span> <span class='ocrx_word' id='word_1_225' title='bbox 931 3401 1014 3448; x_wconf 79' lang='lat'><strong>29.</strong></span> <span class='ocrx_word' id='word_1_226' title='bbox 1048 3398 1064 3426; x_wconf 87' lang='lat'>‘</span> <span class='ocrx_word' id='word_1_227' title='bbox 1086 3399 1220 3449; x_wconf 85' lang='lat' dir='ltr'><strong>Dein</strong></span> <span class='ocrx_word' id='word_1_228' title='bbox 1259 3400 1403 3463; x_wconf 83' lang='lat' dir='ltr'><strong>prin-</strong></span> 
     </span>
     <span class='ocr_line' id='line_1_40' title="bbox 329 3472 1401 3541; baseline 0 -15"><span class='ocrx_word' id='word_1_229' title='bbox 329 3489 462 3539; x_wconf 81' lang='lat' dir='ltr'><strong>ceps</strong></span> <span class='ocrx_word' id='word_1_230' title='bbox 484 3472 688 3541; x_wconf 84' lang='lat' dir='ltr'><strong>(Nero)</strong></span> <span class='ocrx_word' id='word_1_231' title='bbox 710 3488 884 3524; x_wconf 71' lang='lat' dir='ltr'><strong>curam</strong></span> <span class='ocrx_word' id='word_1_232' title='bbox 909 3473 1201 3524; x_wconf 88' lang='lat' dir='ltr'><strong>tabularum</strong></span> <span class='ocrx_word' id='word_1_233' title='bbox 1236 3475 1401 3539; x_wconf 86' lang='lat' dir='ltr'><strong>publi·</strong></span> 
     </span>
     <span class='ocr_line' id='line_1_41' title="bbox 269 3549 1400 3616; baseline 0.002 -15"><span class='ocrx_word' id='word_1_234' title='bbox 269 3588 280 3601; x_wconf 73' lang='grc'><strong><em>,</em></strong></span> <span class='ocrx_word' id='word_1_235' title='bbox 332 3566 510 3602; x_wconf 88' lang='lat' dir='ltr'><strong>carum</strong></span> <span class='ocrx_word' id='word_1_236' title='bbox 546 3565 580 3601; x_wconf 88' lang='lat' dir='ltr'><strong>a</strong></span> <span class='ocrx_word' id='word_1_237' title='bbox 615 3549 963 3616; x_wconf 72' lang='lat' dir='ltr'><strong>quaestoribus</strong></span> <span class='ocrx_word' id='word_1_238' title='bbox 1008 3549 1074 3599; x_wconf 85' lang='lat' dir='ltr'><strong>ad</strong></span> <span class='ocrx_word' id='word_1_239' title='bbox 1121 3551 1400 3615; x_wconf 63' lang='lat' dir='ltr'><strong>prefectos</strong></span> 
     </span>
     <span class='ocr_line' id='line_1_42' title="bbox 331 3626 1399 3692; baseline 0.001 -14"><span class='ocrx_word' id='word_1_240' title='bbox 331 3628 621 3679; x_wconf 81' lang='lat' dir='ltr'><strong>transtulit.</strong></span> <span class='ocrx_word' id='word_1_241' title='bbox 691 3626 850 3676; x_wconf 86' lang='lat' dir='ltr'><strong>Varie</strong></span> <span class='ocrx_word' id='word_1_242' title='bbox 870 3626 1049 3677; x_wconf 84' lang='lat' dir='ltr'><strong>habita</strong></span> <span class='ocrx_word' id='word_1_243' title='bbox 1067 3641 1285 3692; x_wconf 70' lang='lat' dir='ltr'><strong>acsoepe</strong></span> <span class='ocrx_word' id='word_1_244' title='bbox 1305 3628 1399 3679; x_wconf 88' lang='lat' dir='ltr'><strong>im-</strong></span> 
     </span>
     <span class='ocr_line' id='line_1_43' title="bbox 330 3701 1400 3768; baseline -0.003 -12"><span class='ocrx_word' id='word_1_245' title='bbox 330 3709 538 3755; x_wconf 84' lang='lat' dir='ltr'><strong>mutata</strong></span> <span class='ocrx_word' id='word_1_246' title='bbox 580 3703 697 3768; x_wconf 83' lang='lat' dir='ltr'><strong>ejus</strong></span> <span class='ocrx_word' id='word_1_247' title='bbox 734 3702 936 3763; x_wconf 69' lang='lat' dir='ltr'><strong>sormag</strong></span> <span class='ocrx_word' id='word_1_248' title='bbox 979 3716 1099 3753; x_wconf 86' lang='lat' dir='ltr'><strong>nam</strong></span> <span class='ocrx_word' id='word_1_249' title='bbox 1135 3701 1400 3764; x_wconf 73' lang='lat' dir='ltr'><strong>Augustus</strong></span> 
     </span>
     <span class='ocr_line' id='line_1_44' title="bbox 332 3777 1403 3845; baseline 0.001 -16"><span class='ocrx_word' id='word_1_250' title='bbox 332 3778 571 3845; x_wconf 81' lang='lat' dir='ltr'><strong>permisit</strong></span> <span class='ocrx_word' id='word_1_251' title='bbox 592 3779 800 3828; x_wconf 85' lang='lat' dir='ltr'><strong>senatui</strong></span> <span class='ocrx_word' id='word_1_252' title='bbox 830 3777 1060 3842; x_wconf 81' lang='lat' dir='ltr'><strong>deligere</strong></span> <span class='ocrx_word' id='word_1_253' title='bbox 1084 3779 1364 3843; x_wconf 69' lang='lat' dir='ltr'><strong>pra-fecto·</strong></span> <span class='ocrx_word' id='word_1_254' title='bbox 1386 3795 1403 3843; x_wconf 70' lang='grc' dir='ltr'><strong><em>ς</em></strong></span> 
     </span>
     <span class='ocr_line' id='line_1_45' title="bbox 331 3845 1400 3921; baseline 0.001 -14"><span class='ocrx_word' id='word_1_255' title='bbox 331 3845 547 3918; x_wconf 83' lang='lat' dir='ltr'><strong>deinde,</strong></span> <span class='ocrx_word' id='word_1_256' title='bbox 570 3855 765 3906; x_wconf 85' lang='lat' dir='ltr'><strong>ambitu</strong></span> <span class='ocrx_word' id='word_1_257' title='bbox 800 3853 1162 3920; x_wconf 81' lang='lat' dir='ltr'><strong>suffragiorum</strong></span> <span class='ocrx_word' id='word_1_258' title='bbox 1186 3872 1400 3921; x_wconf 88' lang='lat' dir='ltr'><strong>suspec-</strong></span> 
     </span>
     <span class='ocr_line' id='line_1_46' title="bbox 335 3931 1399 4000; baseline 0.002 -17"><span class='ocrx_word' id='word_1_259' title='bbox 335 3941 411 3995; x_wconf 89' lang='lat' dir='ltr'><strong>to,</strong></span> <span class='ocrx_word' id='word_1_260' title='bbox 430 3939 575 3982; x_wconf 81' lang='lat' dir='ltr'><strong>sorte</strong></span> <span class='ocrx_word' id='word_1_261' title='bbox 590 3931 919 3982; x_wconf 85' lang='lat' dir='ltr'><strong>ducebantur</strong></span> <span class='ocrx_word' id='word_1_262' title='bbox 938 3945 1005 3981; x_wconf 83' lang='lat' dir='ltr'><strong>ex</strong></span> <span class='ocrx_word' id='word_1_263' title='bbox 1026 3946 1243 3985; x_wconf 80' lang='lat' dir='ltr'><strong>numero</strong></span> <span class='ocrx_word' id='word_1_264' title='bbox 1268 3949 1399 4000; x_wconf 63' lang='lat' dir='ltr'><strong>pse·</strong></span> 
     </span>
     <span class='ocr_line' id='line_1_47' title="bbox 338 4010 1399 4076; baseline 0.001 -16"><span class='ocrx_word' id='word_1_265' title='bbox 338 4018 511 4060; x_wconf 85' lang='lat' dir='ltr'><strong>torum</strong></span> <span class='ocrx_word' id='word_1_266' title='bbox 549 4010 637 4074; x_wconf 88' lang='lat' dir='ltr'><strong>qui</strong></span> <span class='ocrx_word' id='word_1_267' title='bbox 663 4015 988 4072; x_wconf 75' lang='lat' dir='ltr'><strong>proeesseut3</strong></span> <span class='ocrx_word' id='word_1_268' title='bbox 1021 4024 1191 4076; x_wconf 83' lang='lat' dir='ltr'><strong>neque</strong></span> <span class='ocrx_word' id='word_1_269' title='bbox 1222 4011 1275 4061; x_wconf 90' lang='lat' dir='ltr'><strong>id</strong></span> <span class='ocrx_word' id='word_1_270' title='bbox 1309 4010 1399 4061; x_wconf 90' lang='lat' dir='ltr'><strong>diu</strong></span> 
     </span>
     <span class='ocr_line' id='line_1_48' title="bbox 331 4082 1399 4152; baseline 0 -14"><span class='ocrx_word' id='word_1_271' title='bbox 331 4086 546 4142; x_wconf 78' lang='lat' dir='ltr'><strong>mansit,</strong></span> <span class='ocrx_word' id='word_1_272' title='bbox 565 4086 685 4150; x_wconf 88' lang='lat' dir='ltr'><strong>quia</strong></span> <span class='ocrx_word' id='word_1_273' title='bbox 705 4099 816 4135; x_wconf 89' lang='lat' dir='ltr'><strong>sors</strong></span> <span class='ocrx_word' id='word_1_274' title='bbox 829 4082 1108 4137; x_wconf 74' lang='lat' dir='ltr'><strong>deerrabat</strong></span> <span class='ocrx_word' id='word_1_275' title='bbox 1128 4088 1193 4137; x_wconf 89' lang='lat' dir='ltr'><strong>ad</strong></span> <span class='ocrx_word' id='word_1_276' title='bbox 1218 4102 1399 4152; x_wconf 80' lang='lat' dir='ltr'><strong>parum</strong></span> 
     </span>
     <span class='ocr_line' id='line_1_49' title="bbox 335 4161 1403 4230; baseline 0.003 -18"><span class='ocrx_word' id='word_1_277' title='bbox 335 4163 571 4213; x_wconf 86' lang='lat' dir='ltr'><strong>idoneos.</strong></span> <span class='ocrx_word' id='word_1_278' title='bbox 630 4161 787 4211; x_wconf 90' lang='lat' dir='ltr'><strong>Tunc</strong></span> <span class='ocrx_word' id='word_1_279' title='bbox 831 4162 1077 4213; x_wconf 85' lang='lat' dir='ltr'><strong>Claudius</strong></span> <span class='ocrx_word' id='word_1_280' title='bbox 1116 4172 1403 4230; x_wconf 68' lang='lat' dir='ltr'><strong>quaestores</strong></span> 
     </span>
     <span class='ocr_line' id='line_1_50' title="bbox 337 4238 1404 4304; baseline 0 -13"><span class='ocrx_word' id='word_1_281' title='bbox 337 4255 543 4291; x_wconf 84' lang='lat' dir='ltr'><strong>rursum</strong></span> <span class='ocrx_word' id='word_1_282' title='bbox 565 4238 834 4303; x_wconf 76' lang='lat' dir='ltr'><strong>imposuit,</strong></span> <span class='ocrx_word' id='word_1_283' title='bbox 856 4238 1044 4304; x_wconf 80' lang='lat' dir='ltr'><strong>iisque,</strong></span> <span class='ocrx_word' id='word_1_284' title='bbox 1063 4240 1130 4291; x_wconf 75' lang='lat' dir='ltr'><strong>ue&#39;</strong></span> <span class='ocrx_word' id='word_1_285' title='bbox 1163 4249 1304 4293; x_wconf 81' lang='lat' dir='ltr'><strong>metu</strong></span> <span class='ocrx_word' id='word_1_286' title='bbox 1323 4241 1404 4292; x_wconf 71' lang='lat' dir='ltr'><strong>ot·-</strong></span> 
     </span>
     <span class='ocr_line' id='line_1_51' title="bbox 333 4316 1408 4379; baseline 0 -11"><span class='ocrx_word' id='word_1_287' title='bbox 333 4317 627 4368; x_wconf 81' lang='lat' dir='ltr'><strong>fensionum</strong></span> <span class='ocrx_word' id='word_1_288' title='bbox 646 4316 854 4379; x_wconf 77' lang='lat' dir='ltr'><strong>segnius</strong></span> <span class='ocrx_word' id='word_1_289' title='bbox 876 4317 1231 4378; x_wconf 79' lang='lat' dir='ltr'><strong>consulerent,</strong></span> <span class='ocrx_word' id='word_1_290' title='bbox 1249 4325 1408 4368; x_wconf 82' lang='lat' dir='ltr'><strong>extra</strong></span> 
     </span>
     <span class='ocr_line' id='line_1_52' title="bbox 332 4392 1397 4459; baseline 0.001 -13"><span class='ocrx_word' id='word_1_291' title='bbox 332 4394 573 4447; x_wconf 82' lang='lat' dir='ltr'><strong>ordinem</strong></span> <span class='ocrx_word' id='word_1_292' title='bbox 606 4392 829 4444; x_wconf 82' lang='lat' dir='ltr'><strong>bonores</strong></span> <span class='ocrx_word' id='word_1_293' title='bbox 851 4392 1105 4459; x_wconf 79' lang='lat' dir='ltr'><strong>promisit.</strong></span> <span class='ocrx_word' id='word_1_294' title='bbox 1169 4394 1275 4446; x_wconf 77' lang='lat' dir='ltr'><strong>Sed</strong></span> <span class='ocrx_word' id='word_1_295' title='bbox 1307 4395 1397 4447; x_wconf 83' lang='lat' dir='ltr'><strong>de·</strong></span> 
     </span>
    </p>
   </div>
   <div class='ocr_carea' id='block_1_5' title="bbox 2378 346 2552 479">
    <p class='ocr_par' dir='ltr' id='par_1_7' title="bbox 2378 346 2552 479">
     <span class='ocr_line' id='line_1_53' title="bbox 2378 346 2552 479; baseline 0.011 -2"><span class='ocrx_word' id='word_1_296' title='bbox 2378 346 2552 479; x_wconf 70' lang='lat' dir='ltr'><strong>nm‘</strong></span> 
     </span>
    </p>
   </div>
   <div class='ocr_carea' id='block_1_6' title="bbox 1471 564 2552 3925">
    <p class='ocr_par' dir='ltr' id='par_1_8' title="bbox 1473 564 2552 3151">
     <span class='ocr_line' id='line_1_54' title="bbox 1484 564 2552 631; baseline 0.002 -14"><span class='ocrx_word' id='word_1_297' title='bbox 1484 573 1602 618; x_wconf 84' lang='lat' dir='ltr'><strong>erat</strong></span> <span class='ocrx_word' id='word_1_298' title='bbox 1634 566 1791 619; x_wconf 89' lang='lat' dir='ltr'><strong>robur</strong></span> <span class='ocrx_word' id='word_1_299' title='bbox 1826 566 2001 618; x_wconf 74' lang='lat' dir='ltr'><strong>aetatis</strong></span> <span class='ocrx_word' id='word_1_300' title='bbox 2030 581 2148 618; x_wconf 89' lang='lat' dir='ltr'><strong>eum</strong></span> <span class='ocrx_word' id='word_1_301' title='bbox 2187 564 2409 631; x_wconf 87' lang='lat' dir='ltr'><strong>primum</strong></span> <span class='ocrx_word' id='word_1_302' title='bbox 2436 564 2552 619; x_wconf 72' lang='lat' dir='ltr'><strong>&#39;nia-</strong></span> 
     </span>
     <span class='ocr_line' id='line_1_55' title="bbox 1483 643 2549 708; baseline 0.005 -16"><span class='ocrx_word' id='word_1_303' title='bbox 1483 643 1756 708; x_wconf 75' lang='lat' dir='ltr'><strong>gistratum</strong></span> <span class='ocrx_word' id='word_1_304' title='bbox 1779 643 2190 708; x_wconf 81' lang='lat' dir='ltr'><strong>capessentibus.</strong></span> <span class='ocrx_word' id='word_1_305' title='bbox 2256 644 2425 707; x_wconf 81' lang='lat' dir='ltr'><strong>Igitur</strong></span> <span class='ocrx_word' id='word_1_306' title='bbox 2441 646 2549 697; x_wconf 85' lang='lat' dir='ltr'><strong>Ne-</strong></span> 
     </span>
     <span class='ocr_line' id='line_1_56' title="bbox 1483 719 2552 789; baseline 0.003 -17"><span class='ocrx_word' id='word_1_307' title='bbox 1483 733 1545 773; x_wconf 84' lang='lat' dir='ltr'><strong>ro</strong></span> <span class='ocrx_word' id='word_1_308' title='bbox 1570 727 1804 783; x_wconf 70' lang='lat' dir='ltr'><strong>praetura</strong></span> <span class='ocrx_word' id='word_1_309' title='bbox 1820 719 2116 789; x_wconf 86' lang='lat' dir='ltr'><strong>defunctos,</strong></span> <span class='ocrx_word' id='word_1_310' title='bbox 2143 727 2198 771; x_wconf 86' lang='lat' dir='ltr'><strong>et</strong></span> <span class='ocrx_word' id='word_1_311' title='bbox 2220 722 2552 785; x_wconf 82' lang='lat' dir='ltr'><strong>experientia</strong></span> 
     </span>
     <span class='ocr_line' id='line_1_57' title="bbox 1485 795 2550 862; baseline 0.006 -16"><span class='ocrx_word' id='word_1_312' title='bbox 1485 797 1754 862; x_wconf 85' lang='lat' dir='ltr'><strong>probatos,</strong></span> <span class='ocrx_word' id='word_1_313' title='bbox 1777 796 2013 862; x_wconf 65' lang='lat' dir='ltr'><strong>delegit!</strong></span> <span class='ocrx_word' id='word_1_314' title='bbox 2052 795 2181 848; x_wconf 74' lang='lat' dir='ltr'><strong>Haec</strong></span> <span class='ocrx_word' id='word_1_315' title='bbox 2196 797 2363 849; x_wconf 83' lang='lat' dir='ltr'><strong>forma</strong></span> <span class='ocrx_word' id='word_1_316' title='bbox 2382 800 2550 852; x_wconf 82' lang='lat' dir='ltr'><strong>adbuc</strong></span> 
     </span>
     <span class='ocr_line' id='line_1_58' title="bbox 1481 874 2550 940; baseline 0.004 -16"><span class='ocrx_word' id='word_1_317' title='bbox 1481 874 1581 924; x_wconf 85' lang='lat' dir='ltr'><strong>sub</strong></span> <span class='ocrx_word' id='word_1_318' title='bbox 1602 874 1780 926; x_wconf 83' lang='lat' dir='ltr'><strong>Nerva</strong></span> <span class='ocrx_word' id='word_1_319' title='bbox 1800 882 1858 925; x_wconf 89' lang='lat' dir='ltr'><strong>et</strong></span> <span class='ocrx_word' id='word_1_320' title='bbox 1880 875 2110 940; x_wconf 73' lang='lat' dir='ltr'><strong>&#39;l&#39;rajano</strong></span> <span class='ocrx_word' id='word_1_321' title='bbox 2125 874 2373 939; x_wconf 88' lang='lat' dir='ltr'><strong>obtinuit,</strong></span> <span class='ocrx_word' id='word_1_322' title='bbox 2401 876 2476 928; x_wconf 83' lang='lat' dir='ltr'><strong>ita</strong></span> <span class='ocrx_word' id='word_1_323' title='bbox 2490 880 2550 928; x_wconf 87' lang='lat' dir='ltr'><strong>ut</strong></span> 
     </span>
     <span class='ocr_line' id='line_1_59' title="bbox 1480 952 2551 1017; baseline 0.001 -13"><span class='ocrx_word' id='word_1_324' title='bbox 1480 952 1538 1005; x_wconf 79' lang='lat' dir='ltr'><strong>hi</strong></span> <span class='ocrx_word' id='word_1_325' title='bbox 1558 952 1799 1017; x_wconf 65' lang='lat' dir='ltr'><strong>prefecti</strong></span> <span class='ocrx_word' id='word_1_326' title='bbox 1833 960 1953 1017; x_wconf 89' lang='lat' dir='ltr'><strong>post</strong></span> <span class='ocrx_word' id='word_1_327' title='bbox 1990 952 2362 1017; x_wconf 60' lang='lat' dir='ltr'><strong>praefecturam</strong></span> <span class='ocrx_word' id='word_1_328' title='bbox 2403 954 2551 1007; x_wconf 78' lang='lat' dir='ltr'><strong>brevi</strong></span> 
     </span>
     <span class='ocr_line' id='line_1_60' title="bbox 1483 1029 2549 1093; baseline 0.002 -13"><span class='ocrx_word' id='word_1_329' title='bbox 1483 1030 1809 1080; x_wconf 82' lang='lat' dir='ltr'><strong>consulatum</strong></span> <span class='ocrx_word' id='word_1_330' title='bbox 1838 1029 2055 1093; x_wconf 82' lang='lat' dir='ltr'><strong>adipisci</strong></span> <span class='ocrx_word' id='word_1_331' title='bbox 2079 1030 2328 1082; x_wconf 83' lang='lat' dir='ltr'><strong>solerent.</strong></span> <span class='ocrx_word' id='word_1_332' title='bbox 2393 1031 2549 1083; x_wconf 85' lang='lat' dir='ltr'><strong>Unde</strong></span> 
     </span>
     <span class='ocr_line' id='line_1_61' title="bbox 1480 1101 2552 1168; baseline 0.003 -14"><span class='ocrx_word' id='word_1_333' title='bbox 1480 1101 1624 1154; x_wconf 88' lang='lat' dir='ltr'><strong>Plin.</strong></span> <span class='ocrx_word' id='word_1_334' title='bbox 1647 1104 1819 1168; x_wconf 80' lang='lat' dir='ltr'><strong>Epist.</strong></span> <span class='ocrx_word' id='word_1_335' title='bbox 1840 1117 1975 1156; x_wconf 85' lang='lat' dir='ltr'><strong>xur.</strong></span> <span class='ocrx_word' id='word_1_336' title='bbox 2002 1109 2081 1154; x_wconf 83' lang='lat'><strong>11.</strong></span> <span class='ocrx_word' id='word_1_337' title='bbox 2100 1106 2116 1134; x_wconf 80' lang='lat'>⁸</span> <span class='ocrx_word' id='word_1_338' title='bbox 2137 1107 2373 1157; x_wconf 83' lang='lat' dir='ltr'><strong>Lacessis</strong></span> <span class='ocrx_word' id='word_1_339' title='bbox 2389 1107 2552 1159; x_wconf 86' lang='lat' dir='ltr'><strong>bomi-</strong></span> 
     </span>
     <span class='ocr_line' id='line_1_62' title="bbox 1478 1178 2551 1246; baseline 0.006 -14"><span class='ocrx_word' id='word_1_340' title='bbox 1478 1194 1599 1233; x_wconf 81' lang='lat' dir='ltr'><strong>nem</strong></span> <span class='ocrx_word' id='word_1_341' title='bbox 1615 1182 1723 1246; x_wconf 86' lang='lat' dir='ltr'><strong>jam</strong></span> <span class='ocrx_word' id='word_1_342' title='bbox 1754 1181 2061 1244; x_wconf 67' lang='lat' dir='ltr'><strong>praefectum</strong></span> <span class='ocrx_word' id='word_1_343' title='bbox 2098 1178 2289 1246; x_wconf 65' lang='lat' dir='ltr'><strong>erarii,</strong></span> <span class='ocrx_word' id='word_1_344' title='bbox 2309 1191 2367 1236; x_wconf 89' lang='lat' dir='ltr'><strong>et</strong></span> <span class='ocrx_word' id='word_1_345' title='bbox 2399 1186 2551 1238; x_wconf 80' lang='lat' dir='ltr'><strong>brevi</strong></span> 
     </span>
     <span class='ocr_line' id='line_1_63' title="bbox 1477 1257 2549 1323; baseline 0.005 -16"><span class='ocrx_word' id='word_1_346' title='bbox 1477 1257 1779 1309; x_wconf 64' lang='lat' dir='ltr'><strong>consulem·</strong></span> <span class='ocrx_word' id='word_1_347' title='bbox 1801 1282 1806 1289; x_wconf 51' lang='lat'><strong>⁴</strong></span> <span class='ocrx_word' id='word_1_348' title='bbox 1841 1259 1930 1310; x_wconf 87' lang='lat' dir='ltr'><strong>Sic</strong></span> <span class='ocrx_word' id='word_1_349' title='bbox 1951 1267 2005 1310; x_wconf 88' lang='lat' dir='ltr'><strong>et</strong></span> <span class='ocrx_word' id='word_1_350' title='bbox 2026 1259 2124 1323; x_wconf 80' lang='lat' dir='ltr'><strong>ipsi</strong></span> <span class='ocrx_word' id='word_1_351' title='bbox 2149 1260 2323 1311; x_wconf 81' lang='lat' dir='ltr'><strong>Plinio</strong></span> <span class='ocrx_word' id='word_1_352' title='bbox 2340 1275 2401 1312; x_wconf 88' lang='lat' dir='ltr'><strong>ac</strong></span> <span class='ocrx_word' id='word_1_353' title='bbox 2416 1262 2549 1313; x_wconf 78' lang='lat' dir='ltr'><strong>Cor·</strong></span> 
     </span>
     <span class='ocr_line' id='line_1_64' title="bbox 1480 1333 2551 1400; baseline 0.006 -17"><span class='ocrx_word' id='word_1_354' title='bbox 1480 1342 1628 1393; x_wconf 85' lang='lat' dir='ltr'><strong>nuto,</strong></span> <span class='ocrx_word' id='word_1_355' title='bbox 1650 1348 1765 1385; x_wconf 84' lang='lat' dir='ltr'><strong>cum</strong></span> <span class='ocrx_word' id='word_1_356' title='bbox 1789 1333 2016 1385; x_wconf 84' lang='lat' dir='ltr'><strong>noudum</strong></span> <span class='ocrx_word' id='word_1_357' title='bbox 2042 1336 2304 1387; x_wconf 85' lang='lat' dir='ltr'><strong>biennium</strong></span> <span class='ocrx_word' id='word_1_358' title='bbox 2329 1336 2551 1400; x_wconf 77' lang='lat' dir='ltr'><strong>praefec-</strong></span> 
     </span>
     <span class='ocr_line' id='line_1_65' title="bbox 1479 1410 2549 1475; baseline 0.002 -14"><span class='ocrx_word' id='word_1_359' title='bbox 1479 1417 1615 1461; x_wconf 66' lang='lat' dir='ltr'><strong>turm</strong></span> <span class='ocrx_word' id='word_1_360' title='bbox 1631 1410 1799 1461; x_wconf 60' lang='lat' dir='ltr'><strong>erarii</strong></span> <span class='ocrx_word' id='word_1_361' title='bbox 1817 1411 2237 1475; x_wconf 72' lang='lat' dir='ltr'><strong>complevissent,</strong></span> <span class='ocrx_word' id='word_1_362' title='bbox 2251 1414 2549 1465; x_wconf 87' lang='lat' dir='ltr'><strong>consulatus</strong></span> 
     </span>
     <span class='ocr_line' id='line_1_66' title="bbox 1479 1486 2550 1552; baseline 0.006 -16"><span class='ocrx_word' id='word_1_363' title='bbox 1479 1501 1514 1537; x_wconf 89' lang='lat' dir='ltr'><strong>a</strong></span> <span class='ocrx_word' id='word_1_364' title='bbox 1548 1486 1776 1552; x_wconf 71' lang='lat' dir='ltr'><strong>Trojano</strong></span> <span class='ocrx_word' id='word_1_365' title='bbox 1814 1486 2018 1539; x_wconf 84' lang='lat' dir='ltr'><strong>oblatus</strong></span> <span class='ocrx_word' id='word_1_366' title='bbox 2054 1497 2154 1539; x_wconf 79' lang='lat' dir='ltr'><strong>est.</strong></span> <span class='ocrx_word' id='word_1_367' title='bbox 2216 1490 2379 1540; x_wconf 84' lang='lat' dir='ltr'><strong>Istam</strong></span> <span class='ocrx_word' id='word_1_368' title='bbox 2425 1505 2550 1542; x_wconf 79' lang='lat' dir='ltr'><strong>vero</strong></span> 
     </span>
     <span class='ocr_line' id='line_1_67' title="bbox 1477 1564 2549 1633; baseline 0.002 -18"><span class='ocrx_word' id='word_1_369' title='bbox 1477 1564 1653 1615; x_wconf 81' lang='lat' dir='ltr'><strong>Taciti</strong></span> <span class='ocrx_word' id='word_1_370' title='bbox 1687 1565 2034 1616; x_wconf 87' lang='lat' dir='ltr'><strong>narrationem</strong></span> <span class='ocrx_word' id='word_1_371' title='bbox 2068 1566 2296 1617; x_wconf 79' lang='lat' dir='ltr'><strong>illustrat</strong></span> <span class='ocrx_word' id='word_1_372' title='bbox 2320 1566 2549 1633; x_wconf 85' lang='lat' dir='ltr'><strong>Lipsius,</strong></span> 
     </span>
     <span class='ocr_line' id='line_1_68' title="bbox 1477 1639 2548 1695; baseline 0.005 -6"><span class='ocrx_word' id='word_1_373' title='bbox 1477 1639 1534 1690; x_wconf 89' lang='lat' dir='ltr'><strong>in</strong></span> <span class='ocrx_word' id='word_1_374' title='bbox 1567 1640 1808 1691; x_wconf 79' lang='lat' dir='ltr'><strong>Excursu</strong></span> <span class='ocrx_word' id='word_1_375' title='bbox 1832 1641 1902 1692; x_wconf 86' lang='lat' dir='ltr'><strong>B.</strong></span> <span class='ocrx_word' id='word_1_376' title='bbox 1924 1640 1990 1691; x_wconf 90' lang='lat' dir='ltr'><strong>ad</strong></span> <span class='ocrx_word' id='word_1_377' title='bbox 2012 1641 2183 1692; x_wconf 82' lang='lat' dir='ltr'><strong>Tacit.</strong></span> <span class='ocrx_word' id='word_1_378' title='bbox 2205 1639 2394 1694; x_wconf 84' lang='lat' dir='ltr'><strong>Annal.</strong></span> <span class='ocrx_word' id='word_1_379' title='bbox 2415 1655 2548 1695; x_wconf 80' lang='lat' dir='ltr'><strong>xm.</strong></span> 
     </span>
     <span class='ocr_line' id='line_1_69' title="bbox 1479 1715 2547 1781; baseline 0.006 -17"><span class='ocrx_word' id='word_1_380' title='bbox 1479 1715 1709 1766; x_wconf 80' lang='lat' dir='ltr'><strong>illustrat</strong></span> <span class='ocrx_word' id='word_1_381' title='bbox 1749 1724 1808 1767; x_wconf 90' lang='lat' dir='ltr'><strong>et</strong></span> <span class='ocrx_word' id='word_1_382' title='bbox 1843 1717 2175 1781; x_wconf 80' lang='lat' dir='ltr'><strong>Vertraniua,</strong></span> <span class='ocrx_word' id='word_1_383' title='bbox 2216 1718 2283 1768; x_wconf 87' lang='lat' dir='ltr'><strong>ad</strong></span> <span class='ocrx_word' id='word_1_384' title='bbox 2328 1719 2547 1771; x_wconf 83' lang='lat' dir='ltr'><strong>citatum</strong></span> 
     </span>
     <span class='ocr_line' id='line_1_70' title="bbox 1478 1790 2547 1856; baseline 0.007 -16"><span class='ocrx_word' id='word_1_385' title='bbox 1478 1790 1654 1843; x_wconf 82' lang='lat' dir='ltr'><strong>Taciti</strong></span> <span class='ocrx_word' id='word_1_386' title='bbox 1690 1793 1880 1856; x_wconf 83' lang='lat' dir='ltr'><strong>locum,</strong></span> <span class='ocrx_word' id='word_1_387' title='bbox 1909 1793 1964 1844; x_wconf 90' lang='lat' dir='ltr'><strong>in</strong></span> <span class='ocrx_word' id='word_1_388' title='bbox 1999 1793 2226 1844; x_wconf 82' lang='lat' dir='ltr'><strong>editione</strong></span> <span class='ocrx_word' id='word_1_389' title='bbox 2248 1795 2547 1848; x_wconf 65' lang='lat' dir='ltr'><strong>Graeciano.</strong></span> 
     </span>
     <span class='ocr_line' id='line_1_71' title="bbox 1476 1869 2547 1937; baseline 0.005 -17"><span class='ocrx_word' id='word_1_390' title='bbox 1476 1869 1751 1927; x_wconf 85' lang='lat' dir='ltr'><strong>Ceterum,</strong></span> <span class='ocrx_word' id='word_1_391' title='bbox 1775 1885 1891 1920; x_wconf 86' lang='lat' dir='ltr'><strong>cum</strong></span> <span class='ocrx_word' id='word_1_392' title='bbox 1926 1870 2247 1922; x_wconf 79' lang='lat' dir='ltr'><strong>Octavianus</strong></span> <span class='ocrx_word' id='word_1_393' title='bbox 2278 1870 2547 1937; x_wconf 83' lang='lat' dir='ltr'><strong>Augustus</strong></span> 
     </span>
     <span class='ocr_line' id='line_1_72' title="bbox 1477 1945 2544 2014; baseline 0.004 -19"><span class='ocrx_word' id='word_1_394' title='bbox 1477 1945 1637 1996; x_wconf 86' lang='lat' dir='ltr'><strong>etiam</strong></span> <span class='ocrx_word' id='word_1_395' title='bbox 1662 1946 1921 2010; x_wconf 81' lang='lat' dir='ltr'><strong>peculiare</strong></span> <span class='ocrx_word' id='word_1_396' title='bbox 1939 1948 2180 1998; x_wconf 57' lang='lat' dir='ltr'><strong>aerarium</strong></span> <span class='ocrx_word' id='word_1_397' title='bbox 2199 1947 2421 2000; x_wconf 84' lang='lat' dir='ltr'><strong>militare</strong></span> <span class='ocrx_word' id='word_1_398' title='bbox 2439 1950 2544 2014; x_wconf 91' lang='lat' dir='ltr'><strong>pri·</strong></span> 
     </span>
     <span class='ocr_line' id='line_1_73' title="bbox 1477 2023 2547 2088; baseline 0.006 -17"><span class='ocrx_word' id='word_1_399' title='bbox 1477 2034 1594 2072; x_wconf 81' lang='lat' dir='ltr'><strong>mus</strong></span> <span class='ocrx_word' id='word_1_400' title='bbox 1618 2023 1920 2088; x_wconf 89' lang='lat' dir='ltr'><strong>instituerit,</strong></span> <span class='ocrx_word' id='word_1_401' title='bbox 1948 2030 2004 2075; x_wconf 89' lang='lat' dir='ltr'><strong>et</strong></span> <span class='ocrx_word' id='word_1_402' title='bbox 2027 2025 2283 2088; x_wconf 62' lang='lat' dir='ltr'><strong>prateriis</strong></span> <span class='ocrx_word' id='word_1_403' title='bbox 2308 2027 2431 2077; x_wconf 83' lang='lat' dir='ltr'><strong>viris</strong></span> <span class='ocrx_word' id='word_1_404' title='bbox 2454 2028 2547 2077; x_wconf 89' lang='lat' dir='ltr'><strong>tri·</strong></span> 
     </span>
     <span class='ocr_line' id='line_1_74' title="bbox 1481 2097 2549 2154; baseline 0.005 -6"><span class='ocrx_word' id='word_1_405' title='bbox 1481 2097 1579 2148; x_wconf 89' lang='lat' dir='ltr'><strong>bua</strong></span> <span class='ocrx_word' id='word_1_406' title='bbox 1599 2106 1741 2149; x_wconf 88' lang='lat' dir='ltr'><strong>sorte</strong></span> <span class='ocrx_word' id='word_1_407' title='bbox 1764 2099 1917 2151; x_wconf 86' lang='lat' dir='ltr'><strong>lectis</strong></span> <span class='ocrx_word' id='word_1_408' title='bbox 1939 2099 2006 2150; x_wconf 86' lang='lat' dir='ltr'><strong>ad</strong></span> <span class='ocrx_word' id='word_1_409' title='bbox 2030 2101 2308 2152; x_wconf 88' lang='lat' dir='ltr'><strong>trienninm</strong></span> <span class='ocrx_word' id='word_1_410' title='bbox 2336 2101 2549 2154; x_wconf 85' lang='lat' dir='ltr'><strong>manda·</strong></span> 
     </span>
     <span class='ocr_line' id='line_1_75' title="bbox 1477 2170 2546 2237; baseline 0.004 -12"><span class='ocrx_word' id='word_1_411' title='bbox 1477 2175 1566 2237; x_wconf 81' lang='lat' dir='ltr'><strong>rit,</strong></span> <span class='ocrx_word' id='word_1_412' title='bbox 1591 2170 1823 2226; x_wconf 74' lang='lat' dir='ltr'><strong>testibm&#39;</strong></span> <span class='ocrx_word' id='word_1_413' title='bbox 1839 2177 2009 2227; x_wconf 89' lang='lat' dir='ltr'><strong>Dione</strong></span> <span class='ocrx_word' id='word_1_414' title='bbox 2031 2175 2124 2228; x_wconf 88' lang='lat' dir='ltr'><strong>lib.</strong></span> <span class='ocrx_word' id='word_1_415' title='bbox 2146 2189 2233 2227; x_wconf 69' lang='lat' dir='ltr'><strong>zv.</strong></span> <span class='ocrx_word' id='word_1_416' title='bbox 2251 2186 2306 2228; x_wconf 88' lang='lat' dir='ltr'><strong>et</strong></span> <span class='ocrx_word' id='word_1_417' title='bbox 2327 2178 2546 2229; x_wconf 81' lang='lat' dir='ltr'><strong>Sueton.</strong></span> 
     </span>
     <span class='ocr_line' id='line_1_76' title="bbox 1475 2250 2549 2315; baseline 0.003 -13"><span class='ocrx_word' id='word_1_418' title='bbox 1475 2250 1618 2315; x_wconf 80' lang='lat' dir='ltr'><strong>Aug.</strong></span> <span class='ocrx_word' id='word_1_419' title='bbox 1637 2266 1686 2302; x_wconf 89' lang='lat' dir='ltr'><strong>c.</strong></span> <span class='ocrx_word' id='word_1_420' title='bbox 1700 2257 1783 2304; x_wconf 73' lang='grc'><strong>49.</strong></span> <span class='ocrx_word' id='word_1_421' title='bbox 1805 2253 1894 2305; x_wconf 85' lang='lat' dir='ltr'><strong>Jo.</strong></span> <span class='ocrx_word' id='word_1_422' title='bbox 1916 2254 2150 2303; x_wconf 75' lang='lat' dir='ltr'><strong>Messon.</strong></span> <span class='ocrx_word' id='word_1_423' title='bbox 2174 2253 2225 2302; x_wconf 86' lang='lat' dir='ltr'><strong>in</strong></span> <span class='ocrx_word' id='word_1_424' title='bbox 2248 2253 2374 2304; x_wconf 86' lang='lat' dir='ltr'><strong>Vita</strong></span> <span class='ocrx_word' id='word_1_425' title='bbox 2389 2255 2549 2306; x_wconf 87' lang='lat' dir='ltr'><strong>Plinii</strong></span> 
     </span>
     <span class='ocr_line' id='line_1_77' title="bbox 1474 2327 2546 2394; baseline 0.002 -14"><span class='ocrx_word' id='word_1_426' title='bbox 1474 2328 1511 2380; x_wconf 85' lang='lat' dir='ltr'>J</span> <span class='ocrx_word' id='word_1_427' title='bbox 1516 2330 1729 2390; x_wconf 86' lang='lat' dir='ltr'><strong>unioris,</strong></span> <span class='ocrx_word' id='word_1_428' title='bbox 1750 2328 1815 2378; x_wconf 88' lang='lat' dir='ltr'><strong>ad</strong></span> <span class='ocrx_word' id='word_1_429' title='bbox 1838 2327 1904 2379; x_wconf 87' lang='grc' dir='ltr'><strong>Α.</strong></span> <span class='ocrx_word' id='word_1_430' title='bbox 1927 2329 1990 2379; x_wconf 83' lang='lat' dir='ltr'><strong>C.</strong></span> <span class='ocrx_word' id='word_1_431' title='bbox 2009 2332 2093 2380; x_wconf 86' lang='grc'><strong>98.</strong></span> <span class='ocrx_word' id='word_1_432' title='bbox 2128 2332 2424 2394; x_wconf 84' lang='lat' dir='ltr'><strong>annotavit,</strong></span> <span class='ocrx_word' id='word_1_433' title='bbox 2442 2346 2546 2382; x_wconf 85' lang='lat' dir='ltr'><strong>nou</strong></span> 
     </span>
     <span class='ocr_line' id='line_1_78' title="bbox 1473 2404 2550 2469; baseline 0.005 -14"><span class='ocrx_word' id='word_1_434' title='bbox 1473 2404 1696 2469; x_wconf 85' lang='lat' dir='ltr'><strong>liquere,</strong></span> <span class='ocrx_word' id='word_1_435' title='bbox 1739 2419 1921 2456; x_wconf 87' lang='lat' dir='ltr'><strong>eamne</strong></span> <span class='ocrx_word' id='word_1_436' title='bbox 1967 2404 2333 2469; x_wconf 75' lang='lat' dir='ltr'><strong>praefecturam</strong></span> <span class='ocrx_word' id='word_1_437' title='bbox 2374 2410 2550 2460; x_wconf 67' lang='lat' dir='ltr'><strong>erarii</strong></span> 
     </span>
     <span class='ocr_line' id='line_1_79' title="bbox 1473 2480 2551 2549; baseline 0.008 -21"><span class='ocrx_word' id='word_1_438' title='bbox 1473 2480 1738 2545; x_wconf 85' lang='lat' dir='ltr'><strong>militaris,</strong></span> <span class='ocrx_word' id='word_1_439' title='bbox 1776 2482 1916 2531; x_wconf 81' lang='lat' dir='ltr'><strong>bisce</strong></span> <span class='ocrx_word' id='word_1_440' title='bbox 1950 2482 2164 2547; x_wconf 83' lang='lat' dir='ltr'><strong>Trajani</strong></span> <span class='ocrx_word' id='word_1_441' title='bbox 2207 2487 2551 2549; x_wconf 81' lang='lat' dir='ltr'><strong>temporibus,</strong></span> 
     </span>
     <span class='ocr_line' id='line_1_80' title="bbox 1474 2555 2547 2620; baseline 0.007 -14"><span class='ocrx_word' id='word_1_442' title='bbox 1474 2556 1544 2606; x_wconf 86' lang='lat' dir='ltr'><strong>ab</strong></span> <span class='ocrx_word' id='word_1_443' title='bbox 1596 2556 1690 2606; x_wconf 83' lang='lat' dir='ltr'><strong>illa</strong></span> <span class='ocrx_word' id='word_1_444' title='bbox 1744 2555 2061 2620; x_wconf 77' lang='lat' dir='ltr'><strong>praefectura</strong></span> <span class='ocrx_word' id='word_1_445' title='bbox 2108 2560 2285 2611; x_wconf 72' lang='lat' dir='ltr'><strong>mrarii</strong></span> <span class='ocrx_word' id='word_1_446' title='bbox 2333 2562 2547 2613; x_wconf 88' lang='lat' dir='ltr'><strong>Saturni</strong></span> 
     </span>
     <span class='ocr_line' id='line_1_81' title="bbox 1474 2631 2548 2703; baseline 0.007 -21"><span class='ocrx_word' id='word_1_447' title='bbox 1474 2631 1801 2690; x_wconf 84' lang='lat' dir='ltr'><strong>distinctam,</strong></span> <span class='ocrx_word' id='word_1_448' title='bbox 1829 2647 1896 2683; x_wconf 89' lang='lat' dir='ltr'><strong>an</strong></span> <span class='ocrx_word' id='word_1_449' title='bbox 1930 2648 2085 2684; x_wconf 85' lang='lat' dir='ltr'><strong>unam</strong></span> <span class='ocrx_word' id='word_1_450' title='bbox 2117 2637 2442 2703; x_wconf 87' lang='lat' dir='ltr'><strong>eandemque</strong></span> <span class='ocrx_word' id='word_1_451' title='bbox 2465 2637 2548 2689; x_wconf 81' lang='lat' dir='ltr'><strong>fu·</strong></span> 
     </span>
     <span class='ocr_line' id='line_1_82' title="bbox 1475 2708 2545 2774; baseline 0.006 -16"><span class='ocrx_word' id='word_1_452' title='bbox 1475 2708 1616 2771; x_wconf 85' lang='lat' dir='ltr'><strong>isse;</strong></span> <span class='ocrx_word' id='word_1_453' title='bbox 1651 2723 1945 2774; x_wconf 82' lang='lat' dir='ltr'><strong>quanquam</strong></span> <span class='ocrx_word' id='word_1_454' title='bbox 1973 2711 2071 2760; x_wconf 87' lang='lat' dir='ltr'><strong>boe</strong></span> <span class='ocrx_word' id='word_1_455' title='bbox 2095 2713 2424 2763; x_wconf 80' lang='lat' dir='ltr'><strong>verisimilius</strong></span> <span class='ocrx_word' id='word_1_456' title='bbox 2452 2728 2545 2764; x_wconf 79' lang='lat' dir='ltr'><strong>ex·</strong></span> 
     </span>
     <span class='ocr_line' id='line_1_83' title="bbox 1477 2778 2547 2848; baseline 0.006 -13"><span class='ocrx_word' id='word_1_457' title='bbox 1477 2783 1699 2848; x_wconf 79' lang='lat' dir='ltr'><strong>istimet,</strong></span> <span class='ocrx_word' id='word_1_458' title='bbox 1721 2799 1787 2835; x_wconf 83' lang='lat' dir='ltr'><strong>ex</strong></span> <span class='ocrx_word' id='word_1_459' title='bbox 1806 2778 1975 2836; x_wconf 75' lang='lat' dir='ltr'><strong>Tacit.</strong></span> <span class='ocrx_word' id='word_1_460' title='bbox 1995 2783 2188 2837; x_wconf 84' lang='lat' dir='ltr'><strong>Annal.</strong></span> <span class='ocrx_word' id='word_1_461' title='bbox 2220 2801 2272 2838; x_wconf 87' lang='lat' dir='ltr'><strong>v.</strong></span> <span class='ocrx_word' id='word_1_462' title='bbox 2291 2792 2340 2838; x_wconf 82' lang='lat'><strong>8.</strong></span> <span class='ocrx_word' id='word_1_463' title='bbox 2364 2788 2453 2839; x_wconf 83' lang='lat' dir='ltr'><strong>ubi</strong></span> <span class='ocrx_word' id='word_1_464' title='bbox 2477 2789 2547 2841; x_wconf 82' lang='lat' dir='ltr'><strong>da</strong></span> 
     </span>
     <span class='ocr_line' id='line_1_84' title="bbox 1479 2860 2546 2929; baseline 0.007 -19"><span class='ocrx_word' id='word_1_465' title='bbox 1479 2861 1547 2911; x_wconf 90' lang='lat' dir='ltr'><strong>P.</strong></span> <span class='ocrx_word' id='word_1_466' title='bbox 1586 2860 1826 2923; x_wconf 85' lang='lat' dir='ltr'><strong>Vitellio,</strong></span> <span class='ocrx_word' id='word_1_467' title='bbox 1870 2864 1888 2892; x_wconf 90' lang='lat'>‘</span> <span class='ocrx_word' id='word_1_468' title='bbox 1906 2862 2102 2926; x_wconf 86' lang='lat' dir='ltr'><strong>Illum,&#39;</strong></span> <span class='ocrx_word' id='word_1_469' title='bbox 2142 2864 2330 2929; x_wconf 83' lang='lat' dir='ltr'><strong>iuquit,</strong></span> <span class='ocrx_word' id='word_1_470' title='bbox 2377 2873 2393 2896; x_wconf 76' lang='lat'><strong><em>⁴</em></strong></span> <span class='ocrx_word' id='word_1_471' title='bbox 2410 2866 2546 2917; x_wconf 86' lang='lat' dir='ltr'><strong>indi·</strong></span> 
     </span>
     <span class='ocr_line' id='line_1_85' title="bbox 1478 2938 2549 3002; baseline 0.005 -14"><span class='ocrx_word' id='word_1_472' title='bbox 1478 2951 1568 2988; x_wconf 81' lang='lat' dir='ltr'><strong>cca</strong></span> <span class='ocrx_word' id='word_1_473' title='bbox 1612 2938 1921 3002; x_wconf 78' lang='lat' dir='ltr'><strong>arguebant,</strong></span> <span class='ocrx_word' id='word_1_474' title='bbox 1964 2940 2192 2990; x_wconf 85' lang='lat' dir='ltr'><strong>claustra</strong></span> <span class='ocrx_word' id='word_1_475' title='bbox 2208 2951 2215 2956; x_wconf 90' lang='grc'>·</span> <span class='ocrx_word' id='word_1_476' title='bbox 2232 2942 2422 2999; x_wconf 72' lang='lat' dir='ltr'><strong>aerarii,</strong></span> <span class='ocrx_word' id='word_1_477' title='bbox 2460 2943 2549 2993; x_wconf 89' lang='lat' dir='ltr'><strong>cui</strong></span> 
     </span>
     <span class='ocr_line' id='line_1_86' title="bbox 1481 3011 2549 3081; baseline 0.007 -19"><span class='ocrx_word' id='word_1_478' title='bbox 1481 3011 1768 3078; x_wconf 67' lang='lat' dir='ltr'><strong>praefectus</strong></span> <span class='ocrx_word' id='word_1_479' title='bbox 1799 3019 1931 3070; x_wconf 80' lang='lat' dir='ltr'><strong>erat,</strong></span> <span class='ocrx_word' id='word_1_480' title='bbox 1952 3021 2009 3064; x_wconf 90' lang='lat' dir='ltr'><strong>et</strong></span> <span class='ocrx_word' id='word_1_481' title='bbox 2029 3015 2305 3066; x_wconf 87' lang='lat' dir='ltr'><strong>militarem</strong></span> <span class='ocrx_word' id='word_1_482' title='bbox 2334 3019 2549 3081; x_wconf 88' lang='lat' dir='ltr'><strong>pecuni-</strong></span> 
     </span>
     <span class='ocr_line' id='line_1_87' title="bbox 1477 3089 2501 3151; baseline 0.005 -10"><span class='ocrx_word' id='word_1_483' title='bbox 1477 3103 1584 3151; x_wconf 78' lang='lat' dir='ltr'><strong>am,</strong></span> <span class='ocrx_word' id='word_1_484' title='bbox 1604 3089 1758 3140; x_wconf 86' lang='lat' dir='ltr'><strong>rebus</strong></span> <span class='ocrx_word' id='word_1_485' title='bbox 1780 3090 1928 3140; x_wconf 77' lang='lat' dir='ltr'><strong>novis</strong></span> <span class='ocrx_word' id='word_1_486' title='bbox 1950 3091 2229 3141; x_wconf 86' lang='lat' dir='ltr'><strong>attulisse.’</strong></span> <span class='ocrx_word' id='word_1_487' title='bbox 2257 3092 2501 3147; x_wconf 64' lang='lat' dir='ltr'><strong>Schmun-z.</strong></span> 
     </span>
    </p>

    <p class='ocr_par' dir='ltr' id='par_1_9' title="bbox 1471 3165 2550 3763">
     <span class='ocr_line' id='line_1_88' title="bbox 1548 3165 2545 3234; baseline 0.005 -18"><span class='ocrx_word' id='word_1_488' title='bbox 1548 3165 1809 3226; x_wconf 72' lang='lat' dir='ltr'><strong>Proesectis</strong></span> <span class='ocrx_word' id='word_1_489' title='bbox 1845 3167 2045 3231; x_wconf 72' lang='lat' dir='ltr'><strong>orario]</strong></span> <span class='ocrx_word' id='word_1_490' title='bbox 2094 3166 2142 3218; x_wconf 87' lang='lat' dir='ltr'><strong>Ii</strong></span> <span class='ocrx_word' id='word_1_491' title='bbox 2186 3177 2337 3219; x_wconf 88' lang='lat' dir='ltr'><strong>eraut</strong></span> <span class='ocrx_word' id='word_1_492' title='bbox 2377 3171 2545 3234; x_wconf 88' lang='lat' dir='ltr'><strong>primo</strong></span> 
     </span>
     <span class='ocr_line' id='line_1_89' title="bbox 1478 3242 2548 3309; baseline 0.005 -16"><span class='ocrx_word' id='word_1_493' title='bbox 1478 3249 1791 3309; x_wconf 73' lang='lat' dir='ltr'><strong>qumstores.</strong></span> <span class='ocrx_word' id='word_1_494' title='bbox 1806 3243 1999 3293; x_wconf 86' lang='lat' dir='ltr'><strong>deinde</strong></span> <span class='ocrx_word' id='word_1_495' title='bbox 2017 3242 2216 3306; x_wconf 75' lang='lat' dir='ltr'><strong>oediles,</strong></span> <span class='ocrx_word' id='word_1_496' title='bbox 2231 3245 2389 3295; x_wconf 88' lang='lat' dir='ltr'><strong>tertio</strong></span> <span class='ocrx_word' id='word_1_497' title='bbox 2409 3260 2548 3309; x_wconf 76' lang='lat' dir='ltr'><strong>prae·</strong></span> 
     </span>
     <span class='ocr_line' id='line_1_90' title="bbox 1481 3320 2545 3386; baseline 0.004 -15"><span class='ocrx_word' id='word_1_498' title='bbox 1481 3328 1646 3385; x_wconf 81' lang='lat' dir='ltr'><strong>tores,</strong></span> <span class='ocrx_word' id='word_1_499' title='bbox 1678 3321 1854 3386; x_wconf 83' lang='lat' dir='ltr'><strong>(Suet.</strong></span> <span class='ocrx_word' id='word_1_500' title='bbox 1890 3320 2028 3383; x_wconf 78' lang='lat' dir='ltr'><strong>Aug.</strong></span> <span class='ocrx_word' id='word_1_501' title='bbox 2072 3335 2119 3370; x_wconf 92' lang='lat' dir='ltr'><strong>c.</strong></span> <span class='ocrx_word' id='word_1_502' title='bbox 2151 3325 2236 3371; x_wconf 76' lang='lat'><strong>86.</strong></span> <span class='ocrx_word' id='word_1_503' title='bbox 2271 3321 2459 3372; x_wconf 86' lang='lat' dir='ltr'><strong>Claud.</strong></span> <span class='ocrx_word' id='word_1_504' title='bbox 2496 3338 2545 3375; x_wconf 88' lang='lat' dir='ltr'><strong>c.</strong></span> 
     </span>
     <span class='ocr_line' id='line_1_91' title="bbox 1473 3397 2550 3464; baseline 0 -15"><span class='ocrx_word' id='word_1_505' title='bbox 1473 3397 1589 3463; x_wconf 75' lang='lat'><strong>24.)</strong></span> <span class='ocrx_word' id='word_1_506' title='bbox 1618 3397 1847 3464; x_wconf 86' lang='lat' dir='ltr'><strong>denique</strong></span> <span class='ocrx_word' id='word_1_507' title='bbox 1873 3397 2133 3462; x_wconf 77' lang='lat' dir='ltr'><strong>praefecti,</strong></span> <span class='ocrx_word' id='word_1_508' title='bbox 2157 3399 2267 3447; x_wconf 79' lang='lat' dir='ltr'><strong>sive</strong></span> <span class='ocrx_word' id='word_1_509' title='bbox 2291 3400 2550 3463; x_wconf 67' lang='lat' dir='ltr'><strong>praetorii,</strong></span> 
     </span>
     <span class='ocr_line' id='line_1_92' title="bbox 1475 3473 2550 3540; baseline 0 -13"><span class='ocrx_word' id='word_1_510' title='bbox 1475 3477 1528 3527; x_wconf 90' lang='lat' dir='ltr'><strong>b.</strong></span> <span class='ocrx_word' id='word_1_511' title='bbox 1552 3491 1601 3529; x_wconf 86' lang='lat' dir='ltr'><strong>e.</strong></span> <span class='ocrx_word' id='word_1_512' title='bbox 1635 3484 1868 3540; x_wconf 76' lang='lat' dir='ltr'><strong>praetura</strong></span> <span class='ocrx_word' id='word_1_513' title='bbox 1905 3473 2092 3536; x_wconf 87' lang='lat' dir='ltr'><strong>functi,</strong></span> <span class='ocrx_word' id='word_1_514' title='bbox 2128 3488 2229 3523; x_wconf 86' lang='lat' dir='ltr'><strong>non</strong></span> <span class='ocrx_word' id='word_1_515' title='bbox 2272 3482 2550 3540; x_wconf 61' lang='lat' dir='ltr'><strong>pretores,</strong></span> 
     </span>
     <span class='ocr_line' id='line_1_93' title="bbox 1474 3551 2546 3620; baseline 0.001 -17"><span class='ocrx_word' id='word_1_516' title='bbox 1474 3554 1614 3620; x_wconf 87' lang='lat' dir='ltr'><strong>iique</strong></span> <span class='ocrx_word' id='word_1_517' title='bbox 1639 3553 1898 3602; x_wconf 86' lang='lat' dir='ltr'><strong>biennium</strong></span> <span class='ocrx_word' id='word_1_518' title='bbox 1920 3566 1988 3601; x_wconf 80' lang='lat' dir='ltr'><strong>ex</strong></span> <span class='ocrx_word' id='word_1_519' title='bbox 2009 3551 2281 3601; x_wconf 84' lang='lat' dir='ltr'><strong>sanctione</strong></span> <span class='ocrx_word' id='word_1_520' title='bbox 2305 3553 2546 3604; x_wconf 83' lang='lat' dir='ltr'><strong>Neronis.</strong></span> 
     </span>
     <span class='ocr_line' id='line_1_94' title="bbox 1474 3627 2545 3686; baseline -0.006 -7"><span class='ocrx_word' id='word_1_521' title='bbox 1474 3630 1561 3679; x_wconf 86' lang='lat' dir='ltr'><strong>Id.</strong></span> <span class='ocrx_word' id='word_1_522' title='bbox 1599 3628 1739 3678; x_wconf 87' lang='lat' dir='ltr'><strong>Plio.</strong></span> <span class='ocrx_word' id='word_1_523' title='bbox 1775 3627 1842 3679; x_wconf 87' lang='lat' dir='ltr'><strong>de</strong></span> <span class='ocrx_word' id='word_1_524' title='bbox 1877 3642 1937 3676; x_wconf 86' lang='lat' dir='ltr'><strong>se</strong></span> <span class='ocrx_word' id='word_1_525' title='bbox 1968 3634 2024 3676; x_wconf 91' lang='lat' dir='ltr'><strong>et</strong></span> <span class='ocrx_word' id='word_1_526' title='bbox 2056 3627 2314 3686; x_wconf 81' lang='lat' dir='ltr'><strong>Tertullo,</strong></span> <span class='ocrx_word' id='word_1_527' title='bbox 2362 3631 2545 3682; x_wconf 77' lang='lat' dir='ltr'><strong>‘Nou-</strong></span> 
     </span>
     <span class='ocr_line' id='line_1_95' title="bbox 1471 3704 2225 3763; baseline 0.001 -8"><span class='ocrx_word' id='word_1_528' title='bbox 1471 3705 1596 3755; x_wconf 81' lang='lat' dir='ltr'><strong>dum</strong></span> <span class='ocrx_word' id='word_1_529' title='bbox 1622 3704 1920 3763; x_wconf 84' lang='lat' dir='ltr'><strong>biennium,’</strong></span> <span class='ocrx_word' id='word_1_530' title='bbox 1937 3707 2039 3754; x_wconf 83' lang='lat' dir='ltr'><strong>&amp;c.</strong></span> <span class='ocrx_word' id='word_1_531' title='bbox 2071 3705 2225 3756; x_wconf 75' lang='lat' dir='ltr'><strong>Bm.</strong></span> 
     </span>
    </p>

    <p class='ocr_par' dir='ltr' id='par_1_10' title="bbox 1473 3780 2545 3925">
     <span class='ocr_line' id='line_1_96' title="bbox 1540 3780 2545 3845; baseline 0.004 -13"><span class='ocrx_word' id='word_1_532' title='bbox 1540 3781 1764 3844; x_wconf 76' lang='lat' dir='ltr'><strong>Dedisti]</strong></span> <span class='ocrx_word' id='word_1_533' title='bbox 1798 3782 1941 3845; x_wconf 87' lang='lat' dir='ltr'><strong>Ergo</strong></span> <span class='ocrx_word' id='word_1_534' title='bbox 1963 3780 2172 3831; x_wconf 84' lang='lat' dir='ltr'><strong>videtur</strong></span> <span class='ocrx_word' id='word_1_535' title='bbox 2191 3796 2347 3832; x_wconf 88' lang='lat' dir='ltr'><strong>unum</strong></span> <span class='ocrx_word' id='word_1_536' title='bbox 2379 3784 2545 3836; x_wconf 83' lang='lat' dir='ltr'><strong>idem-¹</strong></span> 
     </span>
     <span class='ocr_line' id='line_1_97' title="bbox 1473 3856 2545 3925; baseline 0.006 -19"><span class='ocrx_word' id='word_1_537' title='bbox 1473 3873 1599 3923; x_wconf 82' lang='lat' dir='ltr'><strong>que,</strong></span> <span class='ocrx_word' id='word_1_538' title='bbox 1619 3856 1828 3921; x_wconf 82' lang='lat' dir='ltr'><strong>quando</strong></span> <span class='ocrx_word' id='word_1_539' title='bbox 1850 3856 1991 3906; x_wconf 83' lang='lat' dir='ltr'><strong>Plin-</strong></span> <span class='ocrx_word' id='word_1_540' title='bbox 2024 3869 2140 3907; x_wconf 81' lang='lat' dir='ltr'><strong>xer.</strong></span> <span class='ocrx_word' id='word_1_541' title='bbox 2178 3863 2227 3908; x_wconf 88' lang='lat'><strong>1.</strong></span> <span class='ocrx_word' id='word_1_542' title='bbox 2262 3858 2415 3925; x_wconf 75' lang='lat' dir='ltr'><strong>dixit,</strong></span> <span class='ocrx_word' id='word_1_543' title='bbox 2449 3868 2465 3890; x_wconf 80' lang='lat'><strong>⁴</strong></span> <span class='ocrx_word' id='word_1_544' title='bbox 2486 3869 2545 3912; x_wconf 78' lang='lat' dir='ltr'><strong>tu</strong></span> 
     </span>
    </p>
   </div>
   <div class='ocr_carea' id='block_1_7' title="bbox 1476 3932 2619 3996">
    <p class='ocr_par' dir='ltr' id='par_1_11' title="bbox 1476 3932 2619 3996">
     <span class='ocr_line' id='line_1_98' title="bbox 1476 3932 2619 3996; baseline 0 -13"><span class='ocrx_word' id='word_1_545' title='bbox 1476 3933 1624 3985; x_wconf 81' lang='lat' dir='ltr'><strong>nobis</strong></span> <span class='ocrx_word' id='word_1_546' title='bbox 1636 3933 1958 3983; x_wconf 85' lang='lat' dir='ltr'><strong>consulatum</strong></span> <span class='ocrx_word' id='word_1_547' title='bbox 1977 3932 2212 3983; x_wconf 86' lang='lat' dir='ltr'><strong>obtulisti</strong></span> <span class='ocrx_word' id='word_1_548' title='bbox 2228 3933 2261 3996; x_wconf 62' lang='grc' dir='ltr'><strong>ς’</strong></span> <span class='ocrx_word' id='word_1_549' title='bbox 2286 3942 2340 3984; x_wconf 89' lang='lat' dir='ltr'><strong>et</strong></span> <span class='ocrx_word' id='word_1_550' title='bbox 2354 3936 2454 3986; x_wconf 85' lang='lat' dir='ltr'><strong>boc</strong></span> <span class='ocrx_word' id='word_1_551' title='bbox 2471 3937 2544 3988; x_wconf 85' lang='lat' dir='ltr'><strong>lo·</strong></span> <span class='ocrx_word' id='word_1_552' title='bbox 2612 3972 2619 3983; x_wconf 93' lang='lat'><strong>.</strong></span> 
     </span>
    </p>
   </div>
   <div class='ocr_carea' id='block_1_8' title="bbox 1471 4010 2590 4464">
    <p class='ocr_par' dir='ltr' id='par_1_12' title="bbox 1471 4010 2590 4464">
     <span class='ocr_line' id='line_1_99' title="bbox 1471 4010 2542 4075; baseline -0.007 -11"><span class='ocrx_word' id='word_1_553' title='bbox 1471 4027 1560 4075; x_wconf 89' lang='lat' dir='ltr'><strong>co,</strong></span> <span class='ocrx_word' id='word_1_554' title='bbox 1577 4012 1594 4041; x_wconf 89' lang='lat'>‘</span> <span class='ocrx_word' id='word_1_555' title='bbox 1607 4010 1757 4062; x_wconf 86' lang='lat' dir='ltr'><strong>nobis</strong></span> <span class='ocrx_word' id='word_1_556' title='bbox 1769 4011 2091 4061; x_wconf 82' lang='lat' dir='ltr'><strong>consulatum</strong></span> <span class='ocrx_word' id='word_1_557' title='bbox 2106 4023 2169 4058; x_wconf 86' lang='lat' dir='ltr'><strong>an</strong></span> <span class='ocrx_word' id='word_1_558' title='bbox 2177 4016 2249 4073; x_wconf 85' lang='lat' dir='ltr'><strong>te,</strong></span> <span class='ocrx_word' id='word_1_559' title='bbox 2264 4026 2418 4072; x_wconf 85' lang='lat' dir='ltr'><strong>quam</strong></span> <span class='ocrx_word' id='word_1_560' title='bbox 2428 4027 2542 4063; x_wconf 85' lang='lat' dir='ltr'><strong>suc.</strong></span> 
     </span>
     <span class='ocr_line' id='line_1_100' title="bbox 1471 4082 2542 4151; baseline -0.006 -12"><span class='ocrx_word' id='word_1_561' title='bbox 1471 4101 1735 4139; x_wconf 85' lang='lat' dir='ltr'><strong>cessorem</strong></span> <span class='ocrx_word' id='word_1_562' title='bbox 1757 4085 1837 4151; x_wconf 90' lang='lat' dir='ltr'><strong>(in</strong></span> <span class='ocrx_word' id='word_1_563' title='bbox 1862 4082 2177 4150; x_wconf 65' lang='lat' dir='ltr'><strong>praefectura</strong></span> <span class='ocrx_word' id='word_1_564' title='bbox 2200 4086 2420 4151; x_wconf 48' lang='lat' dir='ltr'><strong>eratin)</strong></span> <span class='ocrx_word' id='word_1_565' title='bbox 2446 4088 2542 4138; x_wconf 79' lang='lat' dir='ltr'><strong>de.</strong></span> 
     </span>
     <span class='ocr_line' id='line_1_101' title="bbox 1471 4166 2590 4223; baseline -0.004 -4"><span class='ocrx_word' id='word_1_566' title='bbox 1471 4167 1639 4219; x_wconf 84' lang='lat' dir='ltr'><strong>disti.’</strong></span> <span class='ocrx_word' id='word_1_567' title='bbox 1661 4167 1768 4217; x_wconf 89' lang='lat' dir='ltr'><strong>Pro</strong></span> <span class='ocrx_word' id='word_1_568' title='bbox 1782 4179 1912 4217; x_wconf 78' lang='lat' dir='ltr'><strong>voce</strong></span> <span class='ocrx_word' id='word_1_569' title='bbox 1924 4179 2247 4223; x_wconf 69' lang='lat' dir='ltr'><strong>successoren,</strong></span> <span class='ocrx_word' id='word_1_570' title='bbox 2257 4166 2424 4216; x_wconf 84' lang='lat' dir='ltr'><strong>codex</strong></span> <span class='ocrx_word' id='word_1_571' title='bbox 2439 4167 2544 4219; x_wconf 83' lang='lat' dir='ltr'><strong>Pa-</strong></span> <span class='ocrx_word' id='word_1_572' title='bbox 2579 4205 2590 4218; x_wconf 84' lang='lat'><strong>.</strong></span> 
     </span>
     <span class='ocr_line' id='line_1_102' title="bbox 1479 4239 2544 4296; baseline -0.006 -1"><span class='ocrx_word' id='word_1_573' title='bbox 1479 4245 1684 4296; x_wconf 79' lang='lat' dir='ltr'><strong>tavinua</strong></span> <span class='ocrx_word' id='word_1_574' title='bbox 1705 4241 1862 4292; x_wconf 83' lang='lat' dir='ltr'><strong>habet</strong></span> <span class='ocrx_word' id='word_1_575' title='bbox 1879 4239 2228 4290; x_wconf 75' lang='lat' dir='ltr'><strong>successionem·</strong></span> <span class='ocrx_word' id='word_1_576' title='bbox 2273 4243 2544 4295; x_wconf 78' lang='lat' dir='ltr'><strong>Quaeritur</strong></span> 
     </span>
     <span class='ocr_line' id='line_1_103' title="bbox 1479 4317 2542 4385; baseline 0 -14"><span class='ocrx_word' id='word_1_577' title='bbox 1479 4336 1626 4383; x_wconf 80' lang='lat' dir='ltr'><strong>vero,</strong></span> <span class='ocrx_word' id='word_1_578' title='bbox 1662 4333 1767 4385; x_wconf 89' lang='lat' dir='ltr'><strong>quo</strong></span> <span class='ocrx_word' id='word_1_579' title='bbox 1812 4326 2048 4382; x_wconf 82' lang='lat' dir='ltr'><strong>tempore</strong></span> <span class='ocrx_word' id='word_1_580' title='bbox 2076 4317 2333 4383; x_wconf 83' lang='lat' dir='ltr'><strong>Trajanus</strong></span> <span class='ocrx_word' id='word_1_581' title='bbox 2370 4319 2542 4374; x_wconf 83' lang='lat' dir='ltr'><strong>Plinio</strong></span> 
     </span>
     <span class='ocr_line' id='line_1_104' title="bbox 1480 4393 2541 4464; baseline 0.001 -15"><span class='ocrx_word' id='word_1_582' title='bbox 1480 4399 1820 4464; x_wconf 77' lang='lat' dir='ltr'><strong>cornutoque</strong></span> <span class='ocrx_word' id='word_1_583' title='bbox 1829 4393 2039 4447; x_wconf 83' lang='lat' dir='ltr'><strong>dederit</strong></span> <span class='ocrx_word' id='word_1_584' title='bbox 2049 4394 2371 4447; x_wconf 83' lang='lat' dir='ltr'><strong>consulatum</strong></span> <span class='ocrx_word' id='word_1_585' title='bbox 2383 4395 2403 4445; x_wconf 74' lang='grc' dir='ltr'><strong><em>ἓ</em></strong></span> <span class='ocrx_word' id='word_1_586' title='bbox 2414 4395 2541 4450; x_wconf 83' lang='lat' dir='ltr'><strong>Cre·</strong></span> 
     </span>
    </p>
   </div>
  </div>
 </body>
</html>
