3017 4942
786 393 853 439 c.
901 391 1149 441 ventu
1196 390 1532 442 suenum
1582 394 1860 444 nnuc.
1936 397 1987 447 ι.
2031 380 2140 449 83.
2395 384 2568 451 1029

363 525 434 588 le,
452 530 513 577 ut
532 524 737 590 opinor.
769 525 921 577 Idem.

430 602 588 658 Quam
608 601 747 666 bene]
781 603 904 653 Nou
925 602 1293 668 superbiendo,
1308 619 1423 669 (με

362 679 583 727 maxima
619 679 790 741 magui
838 679 995 729 animi
1036 679 1278 743 probatio
1319 687 1423 738 est,

360 769 476 805 cum
501 755 569 805 sit
593 755 746 805 valde
767 754 982 809 difficile
1004 755 1057 806 in
1083 755 1424 808 felicitatibus

359 844 461 880 uon
483 832 685 881 extolli.
718 833 939 883 Patara,

423 909 623 958 Modica
643 909 797 973 calta]
828 909 877 958 Ι.
895 924 945 959 e.
970 907 1223 965 modesta.
1246 911 1420 961 mode·

353 991 493 1048 -rata,
516 986 810 1045 mediocris,
831 990 991 1045 cultu.
1044 990 1060 1017 ⁸
1078 986 1282 1038 Cultus’
1308 989 1419 1054 qui-

357 1061 476 1111 dem
501 1063 777 1128 aliquando
796 1065 862 1115 de
899 1065 1296 1119 universsyitte
1334 1081 1418 1116 ra-

357 1138 516 1195 tione,
548 1154 609 1189 ac
643 1154 760 1190 cum
786 1141 1014 1205 publica,
1035 1147 1144 1191 tum
1168 1141 1416 1193 domesti-

356 1228 418 1263 ca
464 1217 862 1274 consuetudine,
899 1218 1107 1267 dicitur.
1159 1219 1301 1269 ‘Cic.
1344 1218 1415 1269 de

354 1289 508 1341 Orat.
535 1306 575 1342 1.
594 1297 643 1342 8.
678 1294 694 1321 ‘
719 1295 851 1347 Qum
877 1293 953 1343 vis
984 1294 1086 1343 aiia
1120 1294 1294 1356 potuit
1322 1295 1412 1344 ho-

353 1367 518 1417 mines
542 1385 573 1419 a
604 1368 717 1419 fera
741 1372 1037 1434 agrestique
1061 1371 1168 1420 vita
1186 1370 1250 1419 ad
1277 1372 1414 1422 bunc

350 1441 629 1496 humanum
668 1448 865 1497 multum
903 1447 1215 1512 civilemque
1248 1448 1410 1499 dedu·

350 1521 538 1571 cere?'
605 1524 795 1588 Virgii.
836 1526 950 1576 IEu.
982 1539 1035 1575 v.
1072 1530 1191 1576 750.
1223 1527 1241 1555 ‘
1265 1525 1411 1579 Gens

347 1595 479 1647 dura
504 1606 662 1664 atque
682 1616 871 1664 aspera
893 1603 1070 1652 cuitu.'
1128 1604 1409 1667 Speciatim

347 1681 543 1740 tamen,
568 1686 624 1731 ut
645 1678 745 1728 boc
767 1679 899 1735 loco,
917 1694 1014 1742 pro
1040 1681 1249 1741 vestitu,
1270 1681 1409 1744 ejas·

345 1767 451 1815 que
476 1760 679 1812 ornatu,
702 1758 935 1820 ponitur.
964 1758 1218 1809 Quinctii.
1237 1758 1410 1810 Instit.

346 1828 503 1879 Orat.
541 1843 621 1880 tx.
664 1835 717 1880 3.
768 1831 837 1882 de
888 1833 1079 1882 vestitu
1152 1834 1407 1885 oraton-ist

341 1907 357 1932 ⁸
393 1906 580 1956 Cultus
620 1922 723 1958 nou
768 1919 851 1959 est
895 1912 1138 1974 proprius
1182 1913 1406 1962 oratoris

275 2023 279 2026 Α
340 1982 559 2049 aliquis3
594 1984 687 2035 sed
711 1988 875 2050 magis
898 2001 1041 2036 more
1070 1990 1405 2050 conspicitur.

342 2059 519 2110 Quare
537 2059 603 2111 sit
622 2092 661 2109 ..
676 2091 692 2108 .
705 2062 1073 2124 splendiduset
1091 2065 1269 2114 virilis:
1284 2079 1402 2116 nam

339 2141 398 2184 et
421 2143 562 2200 toga,
597 2145 652 2187 et
679 2140 905 2201 calceus,
934 2146 988 2189 et
1023 2142 1261 2204 capillus.
1295 2149 1403 2193 tam

338 2213 499 2263 nimia
542 2230 682 2271 cura.
718 2232 869 2281 quam
911 2219 1245 2282 negligentia,
1282 2229 1404 2271 sunt

337 2291 805 2353 reprehendenda.’
866 2295 1037 2345 Tacit.
1059 2294 1248 2345 Anuai.
1274 2311 1404 2347 xm.

336 2370 420 2431 54.
452 2366 470 2394 ‘
488 2366 853 2421 Advertebant
873 2371 1117 2435 quosdam
1141 2372 1286 2422 cultu
1309 2387 1398 2422 ex·

337 2451 486 2494 terno
510 2445 563 2494 iu
587 2444 795 2498 sedibus
813 2446 1141 2496 senatorum)
1184 2448 1402 2499 Sueten.

336 2521 471 2573 Caes.
494 2535 609 2585 cap.
631 2527 715 2574 45.
747 2524 763 2550 ‘
785 2524 1043 2575 Caesarem
1072 2524 1215 2574 cuitu
1252 2533 1398 2575 nota·

332 2597 490 2648 bilem
510 2598 717 2651 feruntt
756 2602 1068 2653 usumenim
1106 2603 1214 2652 iato
1247 2603 1396 2654 clavo

331 2674 397 2727 ad
434 2690 614 2725 manus
647 2675 944 2738 fimbriato,’
976 2680 1075 2727 ὅτε.
1153 2678 1397 2729 Notanda

331 2766 455 2800 vero
475 2761 558 2802 est
578 2761 845 2803 structura
870 2754 1010 2803 vocis
1030 2755 1232 2805 modice.
1287 2756 1395 2807 Hic

329 2831 637 2894 simpliciter
697 2831 1032 2894 conjungitur
1085 2846 1201 2882 cum
1267 2848 1395 2885 casu

328 2914 502 2967 sexto,
538 2908 719 2957 modica
751 2910 919 2967 cuum
950 2908 1086 2957 baud
1121 2924 1290 2967 secus.
1328 2926 1393 2962 ac

326 2984 542 3034 Tacitus
582 2985 647 3033 de
694 2984 872 3048 Agric.
919 2999 1039 3047 cap.
1074 2989 1157 3035 40.
1191 2988 1206 3014 ‘
1232 2988 1389 3038 Cultu

326 3060 579 3123 modicus,
598 3076 841 3111 sermone
872 3058 1077 3111 facilis?
1143 3060 1216 3111 At
1249 3063 1388 3114 idem

323 3144 504 3188 noster
539 3139 671 3188 Piin.
695 3139 861 3200 Epist.
889 3152 925 3187 ι.
947 3143 1030 3188 22.
1066 3137 1215 3189 addit
1255 3155 1389 3203 prae-

322 3214 668 3278 positionem:
696 3217 712 3242 ⁴
729 3215 899 3267 Quam
926 3228 1109 3277 parcus
1134 3216 1187 3265 in
1213 3216 1385 3268 victu!

323 3306 477 3354 quam
522 3293 755 3343 modicus
810 3292 1102 3343 in.cu1tut’
1168 3294 1386 3344 Tacitus

321 3384 438 3419 cum
474 3385 597 3419 casu
633 3370 867 3420 secundo
888 3370 1174 3433 connectit,
1194 3369 1385 3422 Annal.

318 3456 402 3495 lv.
424 3451 508 3496 52.
542 3452 557 3476 ⁸
583 3445 839 3495 Domitius
878 3445 1009 3497 Afer
1041 3460 1224 3496 recens
1248 3463 1383 3510 ιπε-

319 3530 460 3586 tura,
502 3524 736 3573 medicus
788 3523 1139 3586 dignationis?
1205 3525 1277 3575 Et
1316 3539 1382 3577 11.

316 3604 399 3657 73.
432 3601 448 3628 ‘
471 3599 631 3650 Hunc
661 3599 838 3650 mitem
876 3614 1001 3663 erga
1036 3600 1248 3661 amicos,
1273 3616 1381 3650 mo-

314 3675 491 3749 dicum
525 3678 870 3741 voluptatum,
908 3691 1010 3726 rino
1034 3677 1379 3743 matrimonio,

314 3752 479 3802 certis
499 3753 699 3816 liberis,
720 3752 926 3815 egisse.’
957 3752 1198 3803 Schmun.

379 3830 541 3879 Parca
580 3827 832 3891 comitata]
867 3830 955 3878 Ne
1001 3830 1222 3893 privatae
1266 3830 1376 3894 qui-

239 3899 243 3902 ⁴
314 3903 432 3955 dem
455 3904 700 3966 feminae3
724 3905 960 3967 inprimis
984 3913 1240 3968 spectatae
1265 3905 1375 3968 dig·

310 3981 516 4039 nitatis,
538 3983 649 4030 siue
668 3981 918 4030 comitatu
943 3980 1242 4043 prodibant.
1290 3981 1376 4032 Ita

308 4058 452 4121 apud
473 4059 648 4109 Plaut.
668 4059 842 4108 Casin.
865 4071 928 4106 ιι.
947 4061 998 4106 2.
1018 4061 1065 4108 1.
1101 4058 1375 4110 Murrbina

308 4137 358 4185 in
405 4134 544 4184 aedes
586 4135 782 4184 vicinas
828 4135 1113 4185 transitura
1133 4176 1136 4183 .
1154 4135 1371 4187 ancilias

307 4214 551 4278 subsequi
572 4228 686 4265 sese
711 4213 898 4276 jubet:
929 4214 945 4241 ⁸
971 4213 1257 4277 Sequimini
1284 4228 1369 4264 co·

305 4291 462 4351 mites
489 4291 541 4341 in
574 4292 868 4355 proximum
891 4287 1013 4339 binc
1037 4287 1154 4338 me.'
1224 4289 1366 4341 Pra-

1499 527 1653 579 ibant
1707 543 1774 579 ex
1817 528 1994 582 officio
2038 531 2569 597 anteambniatrices;

1498 604 1954 669 subsequebantur
2015 607 2340 674 pedisequa.
2425 609 2565 659 Vide

1497 679 1804 743 Pignorium
1831 682 1896 731 de
1917 683 2117 741 Servis,
2145 698 2266 748 pag.
2287 689 2404 736 425.
2451 686 2565 737 Ha-

1497 754 1688 805 bebant
1724 763 1781 807 et
1814 772 1993 808 servos
2028 760 2079 808 iu
2119 761 2409 821 comitatu3
2455 775 2564 810 ma-

1496 831 1636 882 xime
1675 834 1719 882 si
1758 835 1960 885 ieeticis
2000 834 2324 887 ferebantur.
2387 838 2561 888 Etiam

1494 906 1621 971 iliae,
1644 909 1831 972 quibus
1870 925 1971 960 uon
2002 918 2117 961 erat
2150 927 2234 962 res
2258 913 2447 963 lautior
2469 914 2564 964 do·

1493 982 1584 1038 mi,
1600 984 1879 1049 aliquando
1898 985 2262 1037 conducebant
2283 987 2380 1038 sibi
2401 990 2561 1039 comi-

1492 1061 1596 1120 tes,
1608 1067 1666 1109 ut
1681 1060 2057 1124 splendidiores
2070 1064 2386 1115 haberentur
2400 1085 2417 1129 3
2431 1081 2559 1131 quas

1493 1137 1833 1199 reprehendit
1875 1140 2120 1191 Juvenal.
2167 1141 2280 1191 Sat.
2326 1155 2402 1191 νι.
2441 1147 2563 1193 352.

1490 1212 1507 1238 ‘
1536 1213 1651 1263 Nec
1693 1215 1891 1271 melior,
1934 1216 2131 1265 silicem
2176 1216 2395 1280 pedibus
2440 1233 2558 1284 qun

1488 1291 1717 1339 conterit
1735 1297 1900 1347 atrum
1919 1307 1936 1352 ς
1955 1292 2122 1344 Quam
2144 1308 2261 1358 quae
2284 1294 2561 1358 longorum

1489 1365 1694 1433 vehitur
1715 1367 1920 1416 cervice
1939 1368 2206 1430 Syrorum.
2251 1371 2326 1420 Ut
2347 1378 2558 1435 spectet

1488 1441 1651 1500 ludos,
1707 1445 1950 1494 conducit
2018 1444 2262 1508 Oguimia
2334 1454 2553 1506 vestem,

1487 1519 1747 1571 Conducit
1769 1520 2025 1584 comites‚'
2054 1526 2155 1572 διο.
2227 1524 2396 1574 Divus
2424 1525 2554 1575 Hie·

1487 1611 1730 1662 ronymus
1764 1598 1932 1649 adbuc
1964 1613 2057 1648 suo
2093 1608 2328 1664 tempore
2351 1601 2404 1650 in
2429 1602 2554 1665 Epi·

1484 1675 1621 1724 stola
1654 1675 1720 1724 ad
1759 1676 1966 1726 Furiam
1992 1675 2300 1741 Romanam,
2324 1679 2549 1730 nobilem

1485 1749 1713 1808 viduam,
1735 1752 1973 1816 scripsit:
2010 1758 2024 1780 ⁴
2050 1752 2170 1802 Noli
2196 1755 2261 1802 ad
2287 1754 2548 1817 publicum

1484 1828 1703 1879 subinde
1726 1828 2033 1894 procedere,
2067 1838 2122 1880 et
2147 1831 2434 1895 spadonum
2456 1824 2551 1882 'ex-

1481 1906 1650 1956 ercitu
1689 1914 1983 1972 praeeunte,
2025 1906 2293 1958 viduarum
2324 1910 2548 1959 circum·

1479 1982 1603 2033 ferri
1649 1983 1931 2036 libertate.’
2014 1984 2388 2036 Laudabantur
2421 2002 2548 2052 ergo

1478 2058 1705 2121 femiuae,
1730 2075 1846 2126 quae
1882 2059 2230 2110 moderatiore
2263 2062 2548 2114 utebantur

1479 2136 1749 2187 comitatu.
1804 2136 2144 2188 Quinctiiian.
2167 2139 2405 2197 Deciam.
2428 2143 2546 2189 sol.

1480 2219 1497 2243 ‘
1517 2215 1694 2266 Habes
1719 2230 1932 2267 uxorem
1957 2232 2060 2267 uon
2080 2217 2422 2281 ambitiosam,
2439 2233 2545 2268 nou

1480 2300 1780 2344 exacturam
1805 2294 2082 2345 comitatus
2095 2313 2111 2356 ;
2147 2294 2239 2343 sed
2276 2310 2393 2361 quoe
2430 2301 2544 2349 tota

1476 2382 1543 2417 ex
1566 2375 1657 2418 tuo
1682 2370 1828 2419 vultu
1852 2369 2183 2433 dependeat.'
2220 2370 2390 2433 Magis
2416 2387 2542 2423 vero

1474 2441 1653 2492 decuit
1674 2443 2047 2508 imperatorum
2068 2459 2277 2507 uxores,
2291 2447 2544 2511 filiasque,

1472 2527 1565 2570 aut
1599 2535 1817 2577 sorores,
1852 2522 2100 2572 honestus
2136 2523 2543 2586 splendidiusque

1473 2597 1764 2648 comitatus.
1797 2597 1866 2646 Iu
1882 2612 1979 2660 qua
1997 2611 2054 2647 re
2074 2604 2245 2647 tamen
2267 2599 2382 2648 alias
2401 2600 2541 2660 aliis,

1472 2680 1564 2723 aut
1587 2673 1982 2738 ambitiosiores,
2014 2680 2106 2724 ant
2141 2674 2540 2739 moderatiores,

1471 2747 1634 2801 fuere.
1671 2750 1760 2800 Sic
1775 2750 2015 2800 Macrob.
2032 2750 2145 2800 Sat.
2164 2764 2229 2801 11.
2246 2755 2296 2799 5.
2312 2766 2536 2805 comme·

1470 2822 1677 2889 morat,'
1700 2825 1992 2890 Augustum
2036 2826 2158 2876 fiiiae
2198 2820 2534 2893 pr'aecepisse,

1467 2903 1485 2931 ‘
1502 2911 1563 2954 ut
1576 2902 1936 2953 moderaretur
1955 2901 2189 2966 profusos
2205 2905 2396 2967 cultus,
2415 2919 2533 2969 per-

1467 2979 1780 3044 spicuusque
1796 2977 2110 3029 comitatus.’
2129 2980 2256 3029 Mox
2270 2990 2536 3053 praeterea

1466 3056 1578 3107 baec
1593 3055 1788 3107 refert:
1807 3063 1821 3086 ‘
1838 3057 2216 3107 converterant
2227 3057 2279 3107 in
2294 3073 2349 3108 se
2368 3073 2532 3123 popu·

1461 3134 1569 3183 lum
1601 3134 1652 3182 in
1675 3133 1978 3197 spectaculo
2009 3132 2358 3196 gladiatorum
2382 3134 2533 3185 Livia

1465 3214 1524 3260 et
1551 3210 1715 3272 Julia,
1760 3210 2039 3260 comitatus
2076 3209 2527 3263 dissimilitudine:

1462 3286 1675 3351 quippe,
1699 3285 2037 3355 ,cingentibus
2060 3287 2259 3337 Liviam
2285 3290 2531 3352 gravibus

1463 3362 1618 3423 viris3
1673 3362 1787 3413 boec
1834 3363 2153 3427 juventutis,
2207 3372 2263 3415 et
2317 3367 2527 3431 quidem

1461 3438 1760 3501 luxuriosae,
1810 3452 1973 3503 grege
2027 3440 2528 3492 circumsidebatur.'

1459 3515 1613 3565 Idem.

1525 3591 1695 3641 Civilis
1715 3591 1922 3655 incessu]
1958 3590 2004 3640 1.
2028 3605 2075 3640 e.
2109 3605 2263 3655 quam
2288 3592 2524 3646 modeste

1453 3667 1670 3730 incedit,
1691 3673 1940 3732 tanquam
1960 3667 2107 3730 civis,
2141 3683 2244 3717 nou
2269 3669 2520 3734 principis

1454 3752 1509 3794 et
1529 3743 1749 3807 Augusti
1770 3757 1918 3792 uxor.
1980 3742 2060 3791 De
2082 3756 2206 3791 voce
2222 3744 2395 3808 civilis,
2406 3746 2523 3810 jam

1453 3835 1629 3884 supra,
1669 3819 1735 3868 ad
1783 3833 1873 3882 pp.
1917 3822 2030 3868 584.
2072 3822 2188 3869 9⁷2.
2235 3834 2336 3869 non
2394 3822 2522 3873 nibil

1451 3898 1577 3948 dixi.
1630 3896 1737 3946 Pro
1759 3895 1962 3957 incessu,
1992 3893 2233 3945 librarius
2258 3896 2312 3947 in
2335 3898 2521 3951 codice

1454 3974 1713 4029 Patavino
1751 3969 2074 4020 incommode
2110 3972 2324 4034 scripsit
2357 3973 2408 4023 in
2441 3990 2516 4028 se-

1445 4066 1595 4101 cessu.
1658 4048 1714 4100 Si
1749 4047 1984 4098 Servium
2016 4047 2081 4096 ad
2117 4047 2303 4112 Virgil.
2337 4051 2450 4101 AEn.
2474 4068 2517 4104 1.

1446 4134 1529 4183 76.
1553 4127 1805 4183 audimus,
1824 4123 2102 4174 ‘incedere
2118 4123 2134 4145 ’
2153 4132 2210 4177 et
2230 4132 2246 4155 ‘
2270 4126 2519 4180 incessus’

1446 4208 1514 4259 de
1535 4205 1785 4271 ejusmodi
1809 4204 2126 4268 potissimum
2144 4204 2348 4255 incessu
2367 4221 2516 4257 usur·

1448 4293 1625 4352 patur,
1653 4283 1742 4349 qui
1765 4296 1880 4333 cum
1902 4282 2181 4346 gravitate,
2212 4288 2267 4332 et
2288 4280 2512 4348 quodam

2970 4492 2979 4501 ι
2970 4436 2979 4465 .-
