3017 4942
537 405 675 475 898

542 566 696 617 anxie
716 564 1089 631 expectabant,
1119 574 1383 628 verentes,
1411 580 1481 616 ne
1512 567 1605 617 tli-

541 645 632 708 qui
654 643 919 694 exercitus
942 650 999 694 et
1022 645 1304 707 provinciae
1330 659 1362 693 a
1383 658 1440 693 se
1462 641 1607 693 defe-

540 719 755 784 cissent,
770 728 826 771 et
842 721 893 770 in
912 721 1130 770 alterius
1149 720 1605 785 verbajurassent.

542 797 693 847 Beni.

606 872 733 922 Dies
753 869 881 934 exit]
917 872 1057 924 Olim
1081 873 1237 937 vulgo
1269 871 1606 935 prodebatur,

538 947 643 996 dies
659 948 751 996 erit
764 963 785 1006 ,·
818 948 913 996 etsi
931 947 1042 1011 jam
1067 947 1328 997 Livineius
1349 946 1401 997 in
1426 954 1607 996 vetere

540 1024 726 1074 codice
761 1025 1060 1074 invenisset.
1086 1025 1189 1075 dies
1219 1025 1340 1080 exit,
1385 1036 1605 1088 eamque

538 1101 828 1153 lectionem
856 1102 1111 1165 exemplis
1145 1115 1350 1167 qunque
1386 1102 1604 1151 aliorum

539 1179 855 1242 scriptorum
875 1179 1295 1243 comprobasset.
1335 1178 1607 1228 Meraab·

494 1257 501 1282 ³
540 1253 736 1303 erratio
774 1253 968 1304 librarii
1004 1262 1106 1316 est,
1147 1255 1324 1320 quiin
1360 1269 1475 1304 meo
1519 1268 1605 1304 co-

538 1330 660 1383 dice
680 1330 778 1380 hoc
802 1333 920 1383 loco
949 1333 1179 1398 scripsit,
1212 1348 1402 1383 securus
1432 1332 1621 1382 tibi-et·

537 1409 716 1458 lactem
747 1408 853 1458 dies
883 1410 1014 1460 exit.
1077 1409 1423 1467 Parisienses,
1444 1410 1496 1458 in
1529 1409 1605 1459 sic

538 1484 681 1533 dicta
715 1484 943 1534 Puteani
978 1484 1227 1541 editione,
1261 1487 1481 1550 primum
1521 1498 1605 1533 an.

537 1562 684 1610 1643.
724 1561 773 1609 in
819 1567 1134 1611 contextum·
1170 1575 1423 1626 recepere
1466 1561 1609 1619 exim

535 1650 666 1700 quos
684 1636 1121 1701 deincepssecuti
1150 1645 1292 1701 sunt,
1324 1637 1603 1702 Gruterus,

534 1711 653 1763 Jac.
679 1713 764 1763 Dc
786 1714 837 1762 la
858 1714 1059 1769 Banne‚
1079 1713 1352 1777 cellarius,
1373 1713 1605 1787 Hearne,

536 1788 948 1853 Gotscblingins‚
971 1790 1312 1845 Arntzenins‚
1336 1796 1409 1853 et,
1442 1789 1493 1837 in
1531 1791 1604 1839 al-

537 1872 653 1915 tera
708 1858 958 1928 editione,
1004 1864 1287 1917 Gesnerus.
1330 1894 1334 1901 ·
1370 1866 1603 1916 Probavi

522 1940 701 2004 jamin
717 1941 977 2005 prioribus
990 1941 1453 1994 Observationibus
1470 1943 1605 1993 banc

533 2018 813 2066 lectionem
850 2018 1164 2069 auctoritate
1200 2018 1438 2068 codicum
1474 2019 1605 2069 Mss.

535 2090 870 2155 Parmensis,
905 2094 1096 2147 Veneti
1121 2099 1170 2144 1.
1208 2102 1264 2145 et
1299 2095 1431 2156 mei3
1462 2109 1605 2146 nunc

536 2169 693 2218 etiam
739 2167 989 2232 suffragia
1032 2169 1275 2220 codicum
1320 2169 1604 2223 Vaticano-

534 2258 665 2307 rmn,
686 2244 1330 2309 Salisburgensis‚-Veneti
1354 2249 1407 2294 2.
1440 2245 1604 2295 Pata-

532 2319 811 2384 vini,-item
835 2321 956 2371 libri
980 2321 1239 2382 Vossiani,
1259 2319 1458 2371 addere
1486 2335 1606 2383 pos·
1632 2350 1635 2355 -

508 2405 667 2449 fnum.
732 2397 911 2447 Simile
946 2400 1241 2460 exemplum
1278 2412 1344 2447 ex
1384 2397 1603 2448 Seneca

495 2507 499 2512 -
532 2474 703 2538 Epist.
716 2478 765 2524 Β.
779 2476 1045 2525 annotavit
1059 2475 1323 2525 Livineius
1333 2480 1355 2524 ἐ
1380 2480 1396 2505 ⁴
1414 2475 1604 2525 Nullus

533 2551 656 2601 mibi
681 2566 774 2613 per
796 2553 959 2602 otium
982 2551 1094 2602 dies
1116 2550 1262 2602 exit)
1305 2548 1456 2601 Infra
1478 2565 1603 2602 vero

534 2626 608 2676 ait
634 2626 831 2676 Plinius
856 2637 1056 2690 noster,
1077 2641 1256 2679 xxxx.
1274 2632 1324 2677 6.
1345 2629 1361 2656 ‘
1382 2628 1511 2678 Cum
1536 2629 1602 2677 ti·

531 2702 586 2751 bi
621 2702 733 2751 dies
773 2704 940 2753 omnis
979 2718 1178 2754 summa
1215 2719 1331 2755 cnm
1374 2704 1602 2754 utilitate

531 2784 728 2840 nostra,
741 2793 857 2829 cum
881 2789 971 2829 tua
993 2780 1170 2841 laude,
1188 2779 1483 2836 condatur?
1500 2781 1538 2829 i.
1555 2794 1602 2830 e.

532 2862 705 2904 exeat.
740 2856 853 2904 Etsi
880 2871 1004 2906 vero
1026 2858 1299 2921 quotannis
1319 2857 1474 2906 variis
1495 2857 1603 2906 die-

530 2930 650 2993 bus,
670 2947 719 2982 v.
737 2948 787 2996 g.
810 2932 1090 2989 natalibus,
1114 2933 1305 2996 quibus
1330 2948 1447 2983 cum
1471 2935 1602 2997 nati,

531 3014 644 3061 tum
682 3008 953 3072 imperinm
993 3009 1176 3074 adepti
1214 3019 1369 3061 erant
1408 3011 1601 3074 princi-

531 3098 650 3149 pes,
682 3086 809 3135 item
844 3086 1129 3148 Parilibus,
1160 3088 1406 3138 Calendis
1436 3089 1600 3141 Janu·

533 3161 675 3217 ariis,
715 3175 806 3212 ιιι.
855 3163 994 3213 Non.
1034 3163 1162 3215 Jan.
1197 3166 1435 3215 solennia
1477 3175 1602 3217 vota

532 3237 725 3289 fierent
767 3253 865 3303 pro
909 3240 1079 3290 salute
1118 3241 1449 3304 principum;
1495 3243 1600 3294 duo

532 3321 709 3363 tamen
735 3314 960 3364 maxime
980 3315 1111 3380 dies,
1122 3330 1317 3382 nempe
1344 3332 1429 3369 m.
1460 3321 1602 3371 Non.
1636 3358 1641 3363 .

531 3389 656 3442 Jau.
687 3398 755 3441 et
799 3392 986 3441 natalis
1029 3392 1253 3456 imperii.
1290 3408 1395 3444 non
1438 3397 1600 3446 solum

533 3467 717 3519 laetitia
756 3481 819 3516 ac
860 3468 1176 3517 solennitate
1213 3478 1469 3535 votorum,
1505 3473 1601 3522 sed

533 3546 694 3594 etiam
715 3545 1054 3608 praestatione
1074 3544 1439 3609 jurisjurandi,
1462 3548 1602 3596 cele-

531 3620 858 3682 brabantur;
883 3621 1212 3679 dumzltoma‘„
1236 3634 1270 3671 a
1290 3623 1603 3685 magistrati-

535 3698 653 3755 bus,
674 3700 801 3749 etin
825 3698 1113 3761 provinciis
1143 3713 1176 3747 a
1207 3700 1602 3762 proconsulibus

536 3775 647 3825 sive
685 3775 1007 3837 praesidibus,
1044 3774 1170 3824 item
1206 3790 1236 3824 a
1269 3776 1522 3827 militibus
1546 3784 1602 3828 et

537 3850 961 3916 provincialibus,
1016 3851 1071 3900 in
1126 3857 1247 3900 acta
1304 3866 1601 3918 nomenque

537 3927 798 3991 principis,
818 3925 1051 3987 juratum
1084 3931 1187 3984 est,
1220 3941 1341 3989 quo,
1371 3930 1602 3993 repetita

505 4002 863 4056 »sacramenti
902 4001 1172 4066 religione,
1227 4002 1358 4053 fides
1418 4018 1605 4055 eornm

537 4079 734 4127 certius
751 4077 1493 4147 firmiusqueobstringeretur.
1515 4083 1601 4134 Dc

538 4151 624 4200 die
640 4153 799 4202 natali
818 4153 1019 4214 imperii
1039 4161 1262 4204 testatur
1278 4154 1419 4205 Plin.
1436 4158 1602 4220 Epist.

538 4239 595 4275 x.
628 4228 713 4275 60.
747 4234 801 4275 et
832 4230 916 4275 61.
959 4227 1046 4277 De
1078 4242 1169 4279 ln.
1209 4230 1349 4280 Nou.
1382 4231 1602 4285 Januar.

501 4328 508 4334 a
540 4302 699 4352 Caius
745 4302 1135 4364 ,iureconsultus
1191 4305 1271 4361 de,
1307 4308 1599 4362 Verborum

1231 394 1453 472 Nora
1498 419 1907 471 umorum
1950 419 2039 469 nt

1677 562 1913 630 Signific-
1930 566 1967 615 l.
1984 567 2100 615 282.
2120 561 2139 606 5
2158 562 2289 612 Post
2303 554 2563 612 Calenda's
2577 559 2737 612 anu·

1678 643 1814 691 arias
1847 642 1937 691 die
1967 640 2125 691 tertio
2159 653 2254 704 pro
2290 638 2456 687 salute
2490 636 2742 700 principis

1678 724 1803 770 vota
1841 714 2231 782 suscipiuntur!
2296 716 2413 767 Quo
2446 714 2654 777 Lipsius
2682 712 2739 762 in

1679 797 1903 846 Excurs.
1929 796 1994 845 Β.
2010 794 2079 843 ad
2101 793 2274 843 Tacit.
2299 791 2491 842 Annei:
2513 802 2634 840 xvi.
2656 795 2741 840 22.

1679 871 1834 921 etiam
1858 872 1969 920 haec
1985 870 2154 919 Taciti
2171 868 2329 918 verba
2351 866 2538 917 refert:
2567 868 2584 894 ⁴
2600 867 2742 918 Quin

1679 953 1737 997 et
1771 948 1858 996 illa
1893 943 2216 1011 objectabat,
2241 945 2500 1008 principio
2522 944 2751 992 anni=vi·

1679 1031 1819 1074 tasse
1833 1025 2112 1076 Thraseam
2137 1024 2347 1073 solenne
2358 1021 2744 1086 Jusjurandntn,

1679 1115 1781 1151 nec
1802 1100 2268 1164 nuncupationibus
2300 1104 2538 1147 votorum
2573 1096 2744 1147 affuis-

1679 1178 1774 1228 κδ.
1824 1177 2248 1229 Cf--Cassubom
2282 1175 2348 1225 ad
2388 1175 2654 1239 Spartian.
2692 1175 2743 1223 in

1679 1254 1931 1318 Adriano,
1952 1268 2001 1303 c.
2023 1257 2107 1303 24.
2137 1252 2382 1302 Schmon-

1702 1356 1709 1367 ·
1746 1331 1997 1381 Patientia
2016 1329 2204 1395 nostro]
2240 1329 2374 1381 vide
2399 1341 2577 1400 supra,
2600 1327 2742 1394 adp.

1677 1411 1792 1457 582.
1831 1408 1984 1456 Idem.

1744 1483 1884 1533 Hinc
1904 1489 2048 1548 atque
2068 1482 2203 1547 inde]
2244 1482 2377 1532 Nam
2388 1479 2465 1529 ³siu
2503 1477 2745 1529 omnibns

1678 1561 1960 1623 provinciis
2000 1569 2058 1609 et
2084 1558 2363 1621 jurabatur
2401 1556 2665 1620 principi,
2691 1563 2746 1605 et

1680 1642 1801 1684 vota
1824 1635 1949 1685 item
1972 1633 2187 1683 fiebant.
2224 1633 2361 1696 Lips.
2624 1684 2627 1687 ,

1704 1742 1709 1751 -
1744 1712 1965 1762 Publice
1979 1710 2262 1774 servitutis]
2291 1710 2430 1770 Lege
2448 1708 2749 1769 securitatis,

1681 1788 1947 1851 precessit
1982 1788 2143 1850 enim,
2173 1792 2189 1815 ⁴
2210 1799 2424 1835 securus
2456 1785 2555 1834 tibi
2579 1785 2750 1834 et-loe-

1678 1869 1765 1913 tus
1787 1862 1936 1913 dies.'
1979 1863 2222 1913 Rittersh.
2250 1884 2257 1891 ·

1741 1939 1960 1989 Publica
2021 1937 2293 2000 servitutis]
2364 1936 2752 1987 Rittersbusius

1675 2026 1858 2091 noster
1887 2015 2165 2079 legendum
2200 2015 2403 2064 censuit
2430 2013 2640 2077 publica
2671 2027 2752 2061 se-

1674 2093 1917 2152 curitatis,
1949 2094 2069 2158 quia
2104 2100 2463 2156 praecesserat‚
2485 2093 2516 2141 .‘·
2529 2102 2755 2140 securus

1677 2169 1778 2219 tibi
1801 2180 1857 2220 et
1878 2170 2029 2219 laetns
2051 2169 2164 2218 dies
2187 2167 2334 2219 exit.⁸
2358 2188 2365 2204 ·
2399 2169 2499 2218 Cui
2534 2167 2752 2230 conjec-

1678 2253 1811 2297 turo
1844 2247 2002 2296 etiam
2038 2242 2340 2295 succurrere
2362 2243 2651 2292 videantur
2665 2256 2757 2291 se.

1678 2323 1893 2386 quentia
1933 2321 2111 2384 verba,
2154 2321 2369 2371 ‘Tuam
2405 2320 2753 2369 securitatem

1678 2412 1778 2451 uon
1801 2412 1948 2448 mora
1965 2400 2265 2447 nuntiorum
2354 2414 2376 2446 ·.
2403 2393 2625 2445 ὤθει-εἶν
2642 2396 2754 2442 Ve-

1679 2488 1810 2531 rum,
1850 2474 1989 2539 quod
2029 2473 2162 2523 bene
2203 2471 2574 2523 animadvertit
2610 2468 2755 2520 Arn-

1680 2552 1894 2607 tnenius,
1938 2551 2083 2600 nulla
2125 2564 2256 2613 opus
2298 2554 2382 2598 est
2436 2547 2754 2603 mutatione.

1678 2627 1763 2677 cui
1786 2641 1891 2677 nec.
1909 2626 2042 2676 nllus
2066 2624 2211 2676 favet
2232 2624 2380 2675 liber.
2421 2623 2610 2674 Nuntii
2627 2622 2752 2685 pub-

1674 2702 1783 2751 liea
1803 2702 2052 2753 servitutis
2075 2707 2245 2758 erant,
2263 2714 2392 2765 qnos
2411 2713 2442 2748 e
2462 2699 2750 2763 provinciis

1676 2780 1958 2830 mittebant
1978 2777 2248 2843 praesides,
2264 2784 2323 2826 ut
2337 2775 2592 2825 certiores
2604 2773 2749 2823 face-

1675 2861 1796 2904 rent
1833 2855 2115 2919 principes‚
2153 2852 2531 2909 etiammalos,
2566 2864 2749 2901 omnes

1674 2932 1728 2983 in
1753 2932 2035 2997 provinciis
2071 2936 2191 2983 vota
2225 2930 2412 2980 fecisse
2445 2944 2541 2994 pro
2576 2930 2749 2979 salute

1675 3010 1946 3075 principis,
1983 3008 2240 3059 nemiuem
2278 3006 2495 3067 vitasse,
2528 3014 2622 3056 aut
2653 3005 2748 3056 de·

1675 3088 1916 3151 clinasse,
1940 3085 2335 3150 jusjurandum,
2358 3099 2462 3150 quo
2499 3093 2747 3149 tanquam

1676 3165 1885 3215 vinculo
1906 3165 2363 3227 obstringerentnr
2395 3163 2459 3211 ad
2493 3161 2670 3226 fidem,
2690 3170 2749 3212 et

1678 3239 1745 3288 ad
1773 3240 1962 3304 jugum
1995 3239 2265 3292 servitutis
2296 3239 2539 3304 patiente
2574 3242 2747 3291 animo

1676 3316 2070 3381 perferendum.
2109 3315 2351 3366 Selinous-z.

1743 3393 1983 3458 Nuntios]
2019 3394 2162 3445 Quos
2198 3391 2470 3456 praesides,
2501 3399 2596 3442 aut
2631 3407 2747 3457 pro·

1677 3469 1938 3532 consules,
1957 3469 2098 3521 illico
2126 3468 2427 3531 mittebant,
2451 3468 2749 3535 significan·

1678 3551 1778 3609 tes,
1791 3545 2021 3608 jurasse,
2044 3543 2268 3596 vovisse.
2334 3545 2401 3594 In
2435 3546 2601 3596 Plinii
2623 3545 2747 3610 Epi·

1678 3620 1826 3675 stolis
1847 3622 1912 3672 ad
1930 3621 2230 3686 Trajauum,
2243 3623 2376 3672 tales
2394 3623 2513 3672 istae
2529 3623 2746 3674 nuncia·

1676 3693 1826 3757 toriae
1849 3699 2110 3762 leguntur.
2132 3697 2314 3747 svide.
2334 3697 2485 3762 Lips.

1698 3806 1709 3815 «
1744 3774 1900 3839 Illud]
1922 3774 2264 3829 Exercitnnm
2279 3788 2342 3823 ac
2361 3774 2748 3838 provinciarum

1677 3847 2052 3912 defectionem,
2081 3864 2234 3914 quam
2266 3850 2612 3901 merebantur
2642 3851 2747 3901 suis

1675 3927 1982 3977 sceleribus.
2016 3928 2172 3977 Beria.

1683 4040 1699 4052 .
1742 4003 1853 4053 Neo
1869 4004 2003 4068 erat]
2037 4003 2170 4055 Cum
2196 4016 2374 4056 omnes
2398 4017 2456 4053 se
2479 4003 2744 4068 digniores

1677 4079 1844 4129 tacite
1887 4086 2251 4143 agnoscerent,
2293 4078 2607 4129 metuebant
2637 4081 2745 4130 sine

1674 4155 1975 4209 discrimine
1999 4165 2194 4213 omnes,
2209 4171 2276 4206 ne
2297 4157 2644 4222 cuitauquam
2666 4157 2745 4208 fn-

1674 4235 1795 4283 turo
1819 4233 2112 4284 successori
2127 4233 2390 4296 jurarent.
2424 4233 2584 4288 Idem.

1741 4310 1863 4360 Nec·
1890 4316 1998 4362 erat
2040 4310 2296 4362 discrimen
2320 4311 2487 4360 ullum
2510 4311 2739 4375 vetoris]
