3017 4942
551 387 684 456 946

548 558 652 612 que
684 546 861 610 fidem,
893 553 954 598 ut
989 555 1233 613 tauquam
1266 563 1405 600 verm
1429 556 1485 600 et
1509 549 1614 599 siu·

547 639 686 677 ceroe
735 624 1120 675 crederemur?
1175 626 1240 674 R.
1285 626 1611 689 potissimum

545 702 895 751 testimonium
930 701 1266 751 conscientiae
1302 701 1452 751 bouoe
1485 702 1615 751 Tra·

536 777 653 840 jani
679 777 927 840 principis
948 777 1129 838 optimi
1151 792 1169 836 ς
1201 791 1318 826 cum
1343 777 1424 826 bic
1453 778 1608 826 intel·

543 854 755 916 lexerit‚
781 853 1121 916 sciveritque‚
1155 867 1211 901 se
1244 853 1357 901 istis
1394 866 1495 903 non
1533 853 1610 900 in·

544 930 758 993 dignum
801 921 939 979 esse.
1019 929 1220 980 Qinaerit
1269 944 1441 992 porro,
1483 928 1608 993 quid

541 1006 833 1056 istiusmodi
867 1006 1080 1057 vocibus
1102 1005 1387 1055 detraxerit
1411 1004 1609 1054 fidem?

543 1084 611 1134 R.
660 1083 1012 1134 testimonium
1068 1083 1402 1132 conscientiae
1458 1082 1608 1132 malae

541 1159 792 1209 malorum
818 1160 1103 1223 principum
1127 1174 1144 1219 ς
1180 1173 1295 1207 cum
1318 1159 1369 1207 bi
1393 1173 1492 1208 non
1520 1173 1608 1221 po·

542 1236 741 1284 tuerint
763 1250 863 1285 nou
887 1249 1038 1285 nosse
1072 1246 1128 1283 et
1158 1248 1459 1296 agnoscere,
1494 1241 1608 1283 tan-

543 1318 628 1363 tas
656 1311 854 1369 laudes,
880 1318 1088 1376 tamque
1110 1311 1261 1359 laetas
1284 1324 1453 1374 voces,
1477 1309 1530 1358 in
1552 1323 1608 1358 se

541 1398 647 1438 non
672 1388 973 1438 convenire.
1007 1387 1251 1437 samm.

612 1464 883 1531 Credebant
920 1464 1040 1528 sibi]
1097 1462 1145 1511 1.
1183 1479 1235 1511 e.
1272 1462 1606 1513 conscientias

542 1554 671 1591 suae.
737 1541 1001 1590 Librarius
1046 1539 1238 1588 codicis
1282 1539 1606 1602 Guelpberb.

543 1633 821 1682 perperam
844 1618 1018 1668 omisit
1047 1630 1329 1681 pronomen
1356 1616 1480 1675 sibi5
1516 1632 1607 1667 eu·

531 1695 622 1758 jus
648 1703 818 1744 tamen
851 1695 1162 1758 singularem
1197 1691 1402 1756 ἔμφασιν
1428 1695 1525 1744 boc
1555 1695 1605 1743 in

540 1772 657 1821 loco
679 1772 1019 1836 agnoscimus.
1083 1771 1178 1822 Sic.
1205 1772 1469 1820 Minucius
1507 1773 1606 1821 Fe-

541 1850 621 1900 lix
641 1865 760 1914 cap.
782 1854 866 1900 24.
902 1856 918 1878 ‘
942 1849 1078 1899 Fieri
1115 1849 1314 1898 malunt
1350 1849 1503 1898 alieni
1525 1863 1608 1898 er-

544 1927 677 1975 roris
721 1927 973 1983 accessio,
1015 1941 1166 1991 quam
1210 1925 1306 1975 sibi
1354 1925 1608 1976 credere.’

545 2001 700 2051 Idem.

607 2078 736 2144 Sibi]
770 2077 1110 2129 Conscientiae
1146 2093 1275 2142 suae,
1308 2093 1460 2142 quam
1494 2095 1608 2130 sce·

541 2155 754 2212 letibus,
783 2155 1004 2221 odioque
1030 2156 1081 2204 in
1105 2155 1246 2205 cives
1271 2156 1608 2221 inquinatam,

542 2240 600 2283 et
619 2233 843 2289 noxiam,
868 2238 1139 2281 noverant.
1173 2232 1394 2282 Potor-ol.

608 2307 765 2371 Super
784 2308 910 2372 ltoec]
947 2308 995 2357 1.
1020 2324 1069 2358 e.
1100 2317 1292 2372 praeter
1314 2309 1446 2374 haec,
1475 2324 1608 2373 prae-

544 2390 714 2435 terea.
764 2383 966 2433 Plinius
1006 2385 1176 2448 Epist.
1214 2398 1296 2434 tv.
1331 2390 1415 2436 26.
1461 2389 1477 2416 ‘
1512 2388 1610 2436 Vir

543 2458 895 2522 gravissimus,
940 2461 1293 2521 doctissimus,
1330 2461 1609 2511 disertissi-

538 2549 674 2598 mus,
708 2549 864 2598 super
897 2536 1009 2584 ltaec
1043 2538 1506 2599 occupastisimus.'
1540 2541 1607 2589 E·

539 2612 666 2675 pist.
706 2625 790 2662 tx.
820 2617 904 2661 25.
943 2615 960 2641 ⁴
987 2613 1103 2662 Viri
1144 2613 1450 2676 gravissimi,
1490 2630 1609 2665 eru-

541 2690 798 2746 ditissimi,
843 2705 905 2740 ac
947 2706 1104 2753 super
1143 2692 1244 2740 ista
1289 2691 1351 2755 (i.
1388 2706 1436 2740 e.
1474 2707 1607 2756 ptae-

541 2766 717 2833 terea)
741 2768 1029 2820 verissimi?
1092 2767 1246 2817 Amat
1265 2770 1392 2818 hanc
1416 2768 1606 2819 formu-

541 2846 645 2895 lam
687 2846 845 2895 etiam
887 2846 1001 2894 Liv.
1035 2859 1099 2894 u.
1136 2849 1218 2895 27.
1258 2845 1466 2908 ‘Super
1494 2846 1608 2896 baec

540 2923 699 2970 timor
753 2922 962 2971 incessit
1016 2921 1198 2970 Sabini
1243 2920 1401 2971 belli.’
1455 2921 1607 2972 Idem

543 3009 686 3046 xxx.
706 3000 757 3048 1.
792 2998 808 3026 ‘
834 2998 1005 3060 Super
1037 2999 1155 3046 baec
1188 2998 1389 3047 bellicae
1426 2998 1606 3048 laudes

541 3074 839 3122 consulatus
877 3082 1171 3137 compotem
1211 3072 1483 3124 fecerant!
1516 3089 1609 3126 xl..

540 3154 625 3200 23.
654 3152 670 3179 ‘
698 3151 832 3201 Haec
865 3166 1024 3214 super
1059 3160 1242 3203 cetera
1277 3154 1479 3204 tristem
1518 3155 1606 3204 ad·

541 3235 757 3276 ventum
804 3228 858 3277 iu
910 3229 1276 3280 Macedoniam
1311 3231 1425 3294 regi
1461 3229 1606 3280 fece-

541 3304 703 3357 tunt!
735 3306 977 3357 Solimon.

541 3401 549 3407 ·
592 3381 761 3445 ·Quis]
811 3382 874 3431 In
919 3383 1185 3433 codicibus
1224 3383 1464 3439 Venetis,
1503 3384 1607 3435 Pit-¹

540 3457 768 3519 sititensi,
807 3459 1206 3522 Salisburgensi,
1244 3459 1518 3514 Patavino,
1552 3469 1611 3511 et

540 3534 680 3585 libro
710 3530 1001 3596 -Vossiano,
1044 3535 1296 3597 scriptum
1348 3543 1429 3585 est
1487 3536 1607 3592 Qui.

545 3613 767 3663 Constat
792 3613 1019 3677 quidem,
1040 3626 1324 3676 pronomen
1347 3613 1432 3677 qui
1449 3615 1606 3664 etiam

540 3702 642 3752 pro
674 3691 779 3752 quis
823 3690 984 3752 poui3
1032 3689 1122 3737 sed
1161 3697 1285 3738 tunc
1327 3691 1509 3754 magis,
1542 3692 1605 3748 si,

544 3773 604 3813 ut
628 3765 701 3814 ita
724 3766 924 3829 loquar.
947 3765 1224 3827 adjective,
1249 3779 1402 3828 quam
1427 3767 1467 3814 si
1486 3766 1603 3816 sub·

542 3842 794 3903 stautive,
851 3851 1148 3905 usurpetur.
1227 3841 1385 3892 Quod
1435 3842 1607 3892 Taub·

540 3920 761 3977 mannus
789 3916 853 3965 ad
890 3917 1075 3978 virgil.
1097 3917 1275 3978 Eolog.
1298 3929 1362 3965 tt.
1397 3920 1479 3968 19.
1516 3931 1602 3965 ex-

538 3993 721 4054 emplo
742 3992 976 4041 Terentii
997 3991 1265 4042 declarat:
1300 3997 1315 4020 ‘
1340 3992 1474 4042 Quis
1505 3990 1608 4042 fuit

542 4067 704 4128 igitur
721 4068 959 4117 ?.PY'1·11.
995 4069 1104 4117 lste
1126 4069 1360 4117 Chaerea.
1377 4069 1482 4117 Tu.
1503 4069 1607 4120 Qui

545 4144 767 4196 Chaerea
782 4144 817 4193 ?’
886 4146 993 4195 Sed
1019 4147 1069 4194 in
1094 4146 1170 4195 bis
1199 4144 1313 4195 fere
1348 4154 1610 4210 perpetuo

544 4221 750 4270 variare
781 4223 1008 4279 codices,
1048 4237 1145 4271 nee
1180 4223 1398 4272 multum
1444 4224 1605 4272 inter-

543 4315 701 4362 esse;
734 4308 940 4352 veteres
976 4302 1182 4366 quidem
1222 4309 1398 4353 certos
1444 4301 1605 4352 fuisse

1250 405 1473 455 No'rAE.
1519 405 1931 457 vammum
1982 405 2061 456 m

1690 549 1965 612 elegantia
2000 563 2128 614 suae,
2156 553 2213 599 et
2245 546 2335 599 ubi
2368 546 2471 612 qui,
2502 544 2591 598 nbi
2623 547 2752 611 quir,

1686 631 1983 688 prestaret,
2025 640 2124 675 usu
2171 625 2333 673 fuisse
2377 623 2582 686 doctos,
2623 625 2753 672 licet

1687 714 1782 748 nos
1817 715 1960 763 saepe
1997 700 2050 750 iu
2090 701 2168 750 bis
2199 698 2535 762 fluctuemus,
2574 699 2758 750 obser-

1686 777 1828 825 vavit
1867 777 2114 826 Burman.
2154 776 2220 825 ad
2252 773 2468 825 Phaedr.
2507 789 2548 824 t.
2588 779 2671 824 la.
2702 779 2755 826 6.

1686 851 1940 902 Conferas
1964 852 2261 902 Bentleium
2281 852 2348 900 ad
2369 850 2691 899 Horat.Sat.
2712 862 2758 901 ι.

1683 934 1731 981 4.
1755 935 1805 981 4.
1852 931 2014 982 Nolui
2047 931 2299 994 ergojam
2330 929 2359 978 'a
2396 929 2614 992 vulgata
2647 928 2756 978 lec⁴

1684 1008 1821 1058 tione
1846 1008 2115 1058 recedere.
2153 1008 2305 1056 Idem.

1748 1084 1851 1133 Aut
1864 1084 2093 1148 principi]
2114 1084 2295 1133 Malim
2311 1080 2547 1147 principe,
2560 1086 2614 1130 et
2632 1092 2756 1130 mox

1680 1165 1886 1210 amunte.
1924 1160 2068 1223 Lips.

1748 1237 1972 1301 Principi
2025 1235 2230 1300 diceret]
2295 1234 2491 1286 Maluit
2548 1232 2760 1297 Lipsius

1675 1317 1909 1381 principe,
1931 1324 1986 1365 et
2007 1330 2126 1364 mox
2147 1319 2357 1364 amante.
2424 1312 2497 1361 Et
2518 1326 2647 1359 sane
2670 1324 2756 1359 co-

1683 1393 1785 1441 dex
1820 1408 1964 1442 meus
2001 1392 2159 1441 habet
2192 1390 2442 1455 prin-cim,-
2476 1390 2637 1438 immo
2671 1401 2759 1435 co-

1683 1469 1786 1518 dex
1812 1469 2117 1524 Patavinus,
2143 1476 2197 1516 et
2218 1467 2352 1517 liber
2374 1465 2682 1523 Vossianus,
2700 1464 2759 1512 ds

1678 1547 1896 1609 principe
1908 1560 1930 1604 ,⁶
1970 1544 2058 1594 sed
2095 1543 2279 1594 amanti
2308 1542 2499 1607 ubique
2535 1554 2776 1602 expres··

1681 1637 1794 1670 sum
1827 1630 1928 1672 est.
1995 1622 2360 1670 constitueret
2388 1617 2602 1682 quidem
2634 1616 2759 1678 Lip-

1683 1700 1830 1748 siana
1865 1697 2159 1748 emendatio
2194 1695 2505 1745 sententiam
2542 1707 2652 1742 non
2686 1694 2761 1740 ioa-

1682 1784 2087 1840 cougruentem3
2127 1773 2289 1836 majus
2326 1781 2499 1820 tamen
2535 1780 2760 1818 acumen

1683 1851 1736 1900 in
1781 1854 1991 1916 vulgata
2028 1851 2255 1900 lectione
2296 1847 2461 1897 latere
2499 1845 2760 1895 arbitror.

1684 1931 1846 1980 Patet
1870 1930 2025 1986 enim,
2042 1928 2298 1976 neminem
2315 1923 2468 1972 facile
2487 1936 2760 1982 ausurum,

1683 2005 1910 2070 principi
1944 2003 2275 2053 mediocriter
2296 2001 2492 2050 amanti
2516 1999 2570 2046 in
2594 2011 2659 2046 os
2679 1997 2759 2045 di·

1684 2096 1823 2139 cere,
1846 2082 1933 2131 Sic
1962 2086 2010 2130 te
2036 2084 2194 2130 ament
2225 2078 2337 2134 Dii,
2367 2077 2761 2141 quemadmodum

1682 2164 1736 2208 tu
1764 2164 1879 2208 nos?
1945 2158 2064 2207 Hoc
2099 2155 2237 2205 enim
2273 2154 2407 2203 idem
2440 2151 2582 2201 foret
2617 2166 2685 2201 ae
2715 2151 2761 2200 si

1683 2234 1903 2296 diceret,
1921 2235 1996 2283 Te
2016 2230 2349 2282 mediocriter
2364 2230 2554 2279 saltem
2578 2234 2761 2277 ament

1682 2312 1796 2369 Dii,
1820 2308 2249 2376 quemadmodum
2274 2316 2329 2356 tu
2355 2321 2448 2356 nos
2479 2305 2758 2358 mediocrie

1684 2396 1767 2441 ter
1795 2389 1969 2439 amas!
2039 2387 2211 2437 Multo
2236 2384 2400 2434 minus
2424 2382 2635 2439 liceret,
2659 2383 2757 2432 boc

1684 2466 1907 2531 principi
1930 2466 2064 2515 malo
2088 2472 2141 2513 et
2164 2460 2360 2512 offenso
2382 2461 2434 2509 in
2459 2474 2517 2509 os
2540 2459 2760 2520 dicere;

1680 2543 1816 2603 foret
1838 2543 1973 2592 enim
1995 2543 2091 2592 boc
2111 2540 2335 2603 satyrice
2355 2537 2571 2587 dictum.
2622 2535 2758 2585 Inde

1681 2635 1807 2671 vero
1828 2619 2081 2670 accidisse
2104 2624 2251 2680 puto,
2276 2623 2334 2664 ut
2357 2614 2567 2678 quidam
2595 2613 2757 2664 libra-

1683 2698 1747 2747 rii
1766 2696 2093 2759 reposuerint
2106 2694 2340 2757 principe,
2358 2699 2414 2741 et
2430 2693 2490 2741 de
2508 2691 2759 2755 principe:

1680 2776 1803 2838 quia
1836 2773 1974 2824 forte
2005 2773 2187 2835 inepte
2211 2769 2410 2833 opinati
2435 2775 2579 2831 sunt,
2601 2782 2756 2831 opor·

1684 2860 1798 2902 tere
1820 2851 1934 2902 boec
1955 2852 2117 2900 verba
2137 2845 2477 2910 penituscum
2500 2846 2758 2908 proximis

1682 2928 1918 2991 vocibus,
1948 2928 2006 2976 de
2036 2940 2108 2985 se,
2134 2920 2434 2973 convenire.
2498 2921 2751 2971 Ceterum

1682 3004 1949 3055 Gesnerus
1972 3000 2309 3055 existimavit,
2332 2997 2429 3048 boc
2448 2997 2757 3059 membrum,

1687 3080 1809 3137 Quis
1827 3081 1914 3129 Ιιοσ
1939 3113 1953 3129 .
1977 3110 1993 3127 .
2019 3111 2033 3127 .
2052 3075 2252 3133 amanti,
2275 3088 2377 3124 non
2400 3074 2516 3123 loco
2540 3088 2637 3122 suo
2661 3089 2751 3137 po·

1682 3159 1859 3220 situm,
1904 3148 2237 3207 ten'ebrarum
2283 3150 2479 3215 aliquid
2526 3151 2751 3200 orationi

1681 3232 1961 3294 offudisse3
1993 3227 2345 3295 reponendum
2377 3233 2496 3290 post
2530 3227 2749 3276 alteram

1680 3307 1973 3364 formulam,
2003 3307 2111 3355 Nos
2146 3304 2216 3353 sic
2249 3306 2463 3352 amarent
2494 3300 2612 3362 Dii,
2636 3317 2750 3365 quo·

1680 3387 1815 3434 modo
1847 3389 1917 3434 tu.
1986 3383 2125 3433 Nam
2161 3381 2235 3429 sic
2267 3379 2471 3428 demum
2499 3385 2646 3426 recte
2673 3378 2750 3426 iu·

1680 3459 1830 3523 ferri,
1868 3459 1992 3517 Quis
2025 3460 2112 3507 Ιιοσ
2146 3455 2403 3519 posterius
2438 3455 2499 3503 de
2533 3468 2624 3511 ιω
2665 3458 2747 3504 ortt

1679 3543 1927 3600 utrumque
1949 3536 2045 3586 boc
2072 3531 2281 3597 principi
2298 3530 2478 3580 diceret
2499 3530 2750 3580 mediocri·

1680 3619 1757 3663 ter
1789 3609 2009 3663 amanti?
2071 3611 2285 3665 Verum,
2316 3606 2747 3673 dissentientibus

1681 3691 1913 3739 omuibus
1938 3686 2103 3747 libris,
2127 3686 2252 3734 nihil
2276 3684 2447 3733 adbuc
2469 3692 2635 3732 muto.
2682 3682 2745 3731 In

1679 3766 1859 3815 codice
1898 3762 2359 3826 Guelpherbytano
2406 3771 2615 3821 prorsus
2656 3759 2744 3806 ab·

1678 3850 1801 3891 sunt
1822 3841 1901 3890 hae
1929 3851 2035 3890 tres
2060 3840 2329 3898 voces,out
2352 3835 2411 3883 de
2428 3849 2512 3892 ιω
2549 3835 2741 3883 utinam

1679 3918 1889 3969 deesset
1908 3925 1961 3966 et
1978 3930 2218 3980 sequens,
2234 3926 2399 3974 eaque
2417 3918 2607 3974 quarta
2628 3924 2744 3966 vox,

1678 3994 1804 4044 out!
1868 3993 1969 4042 Hae
2001 3993 2137 4040 enim
2172 3996 2395 4053 quatuor
2424 3999 2582 4034 voces
2618 3995 2740 4033 tuuc

1682 4070 1919 4121 videntur
1949 4065 2218 4118 commode
2240 4065 2407 4114 locum
2439 4076 2587 4111 suum
2611 4061 2740 4111 obti-

1680 4160 1805 4195 nere
1830 4159 2005 4207 posse,
2025 4143 2069 4191 si
2096 4137 2442 4204 praecesserit,
2461 4137 2645 4200 precati
2664 4151 2738 4185 su·

1677 4236 1799 4277 mus,
1819 4226 1874 4269 ut
1901 4220 1974 4270 sio
2003 4225 2052 4269 te
2078 4222 2292 4266 amarent
2314 4214 2429 4274 Dii,
2447 4214 2736 4275 quemadmo-

1676 4300 1789 4349 dum
1810 4303 1979 4355 noste,
1996 4301 2043 4347 et
2066 4300 2121 4345 tu
2142 4292 2261 4345 uos!
2323 4290 2478 4344 Quod
2503 4292 2550 4341 si
2567 4297 2734 4341 autent
