3017 4942
520 382 655 454 ⁴740

523 541 782 612 Caligula,
811 544 1075 598 referente
1104 547 1320 598 Sueton-
1347 561 1467 612 cap.
1504 550 1591 600 47.

522 624 948 690 procuratoribus
982 625 1086 674 suis
1109 624 1338 688 scripsit,
1368 627 1386 654 ‘
1409 624 1587 674 trium·

521 703 680 768 pirum
702 709 1042 767 appararent,
1081 709 1307 765 quantus
1329 714 1590 766 nunquam

523 779 656 829 alius
679 777 861 829 fuisset
882 794 896 828 z
940 779 1149 843 quando
1173 778 1225 827 iu
1248 779 1474 828 omnium
1497 777 1589 828 ho·

521 856 715 904 minum
740 855 876 905 bona
888 855 978 919 jus
1000 854 1252 906 haberet!
1315 854 1401 905 Ad
1425 855 1589 920 patri-

515 931 751 981 monium
774 937 949 982 autem
973 931 1228 997 principis
1252 933 1590 998 pertinebant

520 1008 637 1074 ejus
660 1022 742 1059 res
763 1010 983 1077 private
999 1015 1053 1060 et
1070 1010 1309 1074 propriae.
1344 1010 1425 1060 De
1443 1012 1588 1074 ‘jure

519 1086 942 1149 supereminente
964 1084 977 1106 '
1016 1086 1137 1136 vide
1165 1086 1318 1137 Grot.
1355 1085 1421 1135 de
1453 1087 1587 1139 Jure

521 1162 656 1215 Bell.
690 1169 745 1213 et
777 1163 905 1214 Pac.
929 1177 992 1216 ιι.
1018 1167 1097 1215 14.
1121 1168 1174 1215 7.
1209 1171 1266 1214 et
1300 1177 1390 1217 111.
1424 1168 1503 1214 19.
1537 1168 1588 1214 7.

520 1240 766 1291 &mam

582 1318 750 1380 Maius
781 1317 876 1382 est]
908 1318 1038 1368 Plus
1072 1322 1173 1382 est,
1203 1318 1343 1383 quod
1372 1317 1588 1383 publico

516 1395 630 1445 usui
655 1395 904 1460 abundat,
935 1411 1086 1462 quam
1118 1394 1258 1461 quod
1291 1394 1389 1445 sibi
1414 1394 1588 1445 Caesar

516 1474 788 1536 congerit3
832 1474 995 1537 majus
1039 1475 1281 1523 aerarium
1321 1472 1584 1536 publicum

514 1548 833 1612 patrimonio
858 1548 1098 1600 Caesaris.
1135 1550 1357 1599 Patarol.

584 1626 760 1686 Rdert
800 1626 852 1674 ta
892 1627 1169 1690 imperium]
1227 1626 1444 1676 Bebrius
1487 1641 1586 1691 pro

513 1701 683 1764 refert,
718 1703 916 1752 mavult
942 1704 1132 1763 resem-
1175 1717 1292 1768 qua».
1331 1702 1512 1764 lectio,
1540 1702 1586 1752 si

514 1788 752 1830 veterum
794 1779 1040 1829 librorum
1086 1776 1330 1844 suffragio
1366 1779 1586 1844 juvare·

514 1862 622 1920 tur,
658 1871 758 1907 nec
794 1857 916 1905 mibi
951 1857 1296 1920 displiceret3
1342 1871 1461 1906 cum
1500 1871 1586 1905 ea-

515 1931 635 1983 dem
664 1948 883 1998 persona
905 1948 1006 1984 nou
1024 1936 1174 1997 longe
1190 1936 1518 1999 precesserit
1536 1935 1586 1983 in

513 2010 680 2060 verbo
706 2018 721 2042 ⁸
742 2011 1122 2062 circumvenis.’
1159 2012 1357 2063 Adbaec
1374 2027 1492 2062 mox
1508 2027 1588 2061 se·

513 2087 712 2153 quitur,
736 2089 996 2153 ‘magnum
1014 2089 1114 2139 hoc
1142 2095 1285 2139 tuum
1308 2087 1589 2141 meritum.'

512 2161 659 2211 Nihil
686 2168 860 2213 tamen
885 2170 966 2214 est
998 2167 1314 2228 mutandum,
1341 2182 1457 2218 cum
1472 2166 1584 2231 jam

510 2238 749 2302 proxime
783 2242 1129 2292 antecesserit
1157 2242 1370 2292 verbum
1411 2245 1584 2294 tertiae

510 2328 771 2378 persuum,
790 2316 806 2345 ‘
820 2317 936 2380 Est,
959 2317 1096 2383 quod
1113 2319 1290 2369 Caesar
1307 2333 1408 2368 non
1432 2333 1579 2369 suum

509 2395 727 2447 videat)
791 2396 1013 2448 Acutius
1038 2413 1163 2449 vero
1197 2400 1250 2450 in
1284 2399 1418 2451 libro
1449 2401 1579 2450 Vos-

509 2474 659 2522 siano
683 2475 889 2537 punctis
921 2475 1236 2527 subnotatur
1270 2477 1578 2542 praepositio

508 2551 582 2608 in,
607 2553 777 2617 quasi,
796 2566 858 2603 ea
874 2552 1079 2616 omissa,
1100 2554 1206 2619 legi
1224 2548 1437 2605 debeat'.
1456 2558 1579 2606 πιαι-

508 2633 578 2677 tae
597 2629 723 2679 euim
745 2644 809 2680 ex
838 2631 1134 2694 patrimonio·
1156 2631 1311 2691 refert
1338 2630 1403 2694 (i.
1425 2645 1474 2682 e.
1500 2647 1578 2683 re·

503 2708 753 2776 cuperat)
770 2711 1039 2776 imperium,
1059 2726 1164 2776 quoe
1195 2712 1376 2776 priores
1398 2712 1579 2776 princi⁴

500 2798 586 2848 pes
627 2786 934 2850 occupabant.
1002 2786 1180 2836 Nolim
1226 2794 1398 2836 tamen
1441 2786 1579 2838 hanc

504 2863 928 2926 praepositiouem
948 2863 1014 2912 de
1032 2878 1124 2913 sua
1139 2863 1466 2928 possessione
1485 2864 1579 2915 de-

498 2939 690 3002 jicere.
722 2938 966 2989 Schmun.

571 3016 728 3065 Pares
758 3013 963 3078 domim]
1000 3015 1048 3067 1.
1074 3030 1122 3068 e.
1158 3031 1305 3082 aeqne
1340 3016 1485 3080 digni
1513 3032 1576 3068 ac

504 3091 803 3150 nobiles‚ut
827 3091 1027 3156 priores
1049 3107 1065 3154 3
1098 3107 1199 3142 non
1219 3094 1463 3159 minores,
1489 3109 1580 3145 ne-

505 3181 606 3232 que
625 3168 867 3231 impares,
885 3167 1095 3218 domini.
1125 3169 1419 3219 Secundum
1439 3171 1576 3219 enim

506 3243 621 3293 Cic.
635 3244 700 3293 de
721 3242 880 3294 Offic.
905 3259 947 3294 1.
968 3250 1050 3296 39.
1069 3244 1303 3295 odiosum
1328 3252 1426 3311 est,
1459 3260 1577 3296 cum

509 3334 540 3368 a
575 3326 768 3383 praeter
816 3320 1059 3371 euntibus
1098 3321 1311 3384 dicitur,
1355 3330 1371 3353 ⁴
1398 3322 1446 3373 Ο
1485 3322 1579 3373 do-

505 3408 616 3444 mus
638 3395 870 3461 antiqua,
892 3395 1012 3460 lieu,
1030 3411 1182 3462 quam
1205 3396 1397 3462 dispari
1416 3398 1577 3451 domi·

504 3484 630 3521 nare
670 3471 944 3521 domino!’
991 3473 1190 3524 Contra
1227 3474 1367 3525 Plin.
1405 3476 1578 3540 Epist.

505 3561 610 3598 vn.
630 3552 714 3599 24.
758 3549 775 3577 ⁴
797 3546 1012 3612 Laetor‚'
1053 3550 1243 3613 inquit,
1274 3553 1292 3580 ‘
1315 3551 1450 3616 quod
1488 3551 1581 3601 do-

504 3638 618 3674 mus
633 3624 912 3689 aliquando
927 3625 987 3675 C.
1001 3625 1165 3676 Cassii
1185 3660 1199 3676 .
1217 3659 1232 3676 .
1249 3661 1264 3677 .
1277 3626 1474 3678 serviet
1490 3627 1579 3679 do·

504 3702 644 3750 mino
667 3714 767 3750 non
790 3699 1014 3750 minori?
1049 3702 1295 3752 Ceterum
1317 3702 1450 3752 bene
1467 3704 1580 3767 qui·

506 3776 624 3825 dem
644 3784 890 3842 recteque
911 3791 967 3826 se
982 3774 1141 3828 habet
1155 3779 1316 3828 lectio
1337 3780 1578 3843 vulgata:

505 3851 610 3899 non
635 3866 842 3914 possum
868 3860 1042 3902 tamen
1065 3852 1273 3904 silentio
1290 3855 1580 3917 praeterire,

508 3925 562 3972 iu
585 3925 766 3975 codice
805 3927 910 3977 Ms.
931 3926 1400 3993 Gnelpberbytauo
1431 3944 1581 3980 voca·

506 4000 681 4049 bulum
714 4002 909 4066 nobiles,
946 4003 1026 4053 his
1068 4004 1240 4055 verbis
1282 4006 1358 4056 ita
1398 4007 1580 4073 inseri,

508 4076 786 4139 immigrant
804 4094 943 4142 pares
964 4081 1145 4133 nobiles
1178 4084 1376 4133 domini.
1441 4085 1581 4135 Ean-

510 4149 627 4199 dem
656 4166 834 4202 vocem
859 4157 1017 4205 etiam
1049 4158 1250 4209 Gudius
1285 4157 1504 4210 offendit
1526 4162 1578 4211 in

511 4226 729 4290 quodam
754 4228 937 4280 codice
970 4233 1074 4282 Ms.
1096 4232 1187 4284 se'd
1222 4250 1335 4300 quae
1370 4238 1579 4301 punctis

512 4301 612 4352 fuit
648 4303 942 4370 subnotata,
977 4315 1218 4375 tanquam
1266 4324 1578 4377 supervaca-

1213 401 1434 452 1401·AE
1482 398 1898 452 VAmoRtJM
1932 400 2027 452 ἸΝ

1665 559 1778 597 nea.
1844 547 1943 597 Est
1977 544 2113 597 enim
2135 544 2249 597 baec
2281 537 2743 597 intercalatio-omi

1665 625 1790 675 nino
1827 624 2004 676 nihili:
2043 624 2183 675 volui
2216 630 2388 673 tamen
2424 637 2538 673 eam
2575 638 2741 674 anno-

1667 709 1799 759 tare,
1821 708 1877 752 ut
1899 700 2234 753 manifestum
2254 698 2543 765 proferrem
2563 714 2743 750 exem-

1666 779 1832 844 plum,
1847 779 2107 845 quomodo
2125 792 2222 843 per
2236 779 2450 843 glossas,
2466 783 2528 826 ut
2543 781 2742 827 vocant

1665 856 1858 919 critici,
1880 855 2248 921 intempestive
2263 855 2619 917 intercalatae,
2631 866 2741 904 uon

1665 947 1834 999 pauca
1870 941 2104 985 veterum
2141 932 2456 997 scriptorum
2493 931 2613 982 loca
2640 926 2744 995 'po-

1665 1013 1862 1064 tuerint
1882 1011 2163 1076 corrumpi.
2221 1011 2437 1062 Scilicet
2457 1015 2742 1074 postquam

1663 1090 1906 1140 librarius
1931 1088 2014 1138 vel
2039 1089 2311 1137 invenerat
2341 1086 2395 1138 in
2424 1085 2610 1136 codice
2646 1099 2740 1135 an·

1662 1166 1827 1232 tiquo,
1850 1179 2002 1230 quem
2034 1164 2387 1227 describebat,
2410 1161 2511 1212 hoc
2533 1158 2745 1225 nomen,

1661 1243 1855 1300 nobiles,
1875 1257 2035 1307 supra
2056 1240 2384 1300 vocabulum,
2396 1254 2556 1304 pares,
2573 1238 2742 1288 inter·

1662 1320 1972 1384 pretatiouis
1994 1332 2183 1369 caussa
2205 1316 2478 1381 scriptum,
2511 1315 2597 1365 vel
2622 1316 2742 1379 ipse

1661 1397 1794 1447 hanc
1845 1392 2331 1461 interpretationem
2381 1390 2742 1443 habuerat'in

1663 1477 1867 1538 auim03
1901 1489 2034 1532 eam,
2052 1474 2161 1523 sive
2185 1470 2509 1537 imprudens,
2529 1470 2643 1520 sive
2662 1469 2742 1519 iu-

1662 1560 1835 1617 eptus,
1858 1552 1909 1601 in
1932 1552 2102 1616 ipsum
2139 1555 2444 1601 contextum
2481 1546 2742 1598 orationis

1661 1629 1865 1680 intulit:
1900 1627 2037 1677 uude
2059 1627 2164 1678 lsta
2195 1625 2497 1690 corruptela
2530 1638 2598 1674 ex
2623 1636 2744 1673 ver-

1662 1705 1730 1756 bo
1753 1719 2096 1770 supervacuo.
2129 1702 2301 1753 Lubet
2317 1704 2416 1752 buc
2431 1700 2742 1764 transferre,

1661 1797 1780 1848 quae
1805 1784 1963 1847 Casp.
1979 1781 2256 1846 Scioppius
2273 1779 2325 1830 in
2345 1777 2744 1830 Commentario

1662 1860 1728 1910 de
1754 1857 1885 1910 Arte
1909 1859 2122 1915 Critica,
2145 1873 2199 1923 p.
2220 1861 2307 1909 81.
2328 1856 2396 1907 de
2416 1856 2518 1906 boc
2540 1868 2742 1920 genere

1662 1939 1977 2003 corruptelas
2002 1936 2323 1989 observavit.
2375 1940 2393 1964 ⁶
2415 1934 2500 1984 De
2524 1930 2752 2000 glossis,'

1660 2010 1845 2081 iniquit,
1881 2015 2020 2066 ‘boc
2058 2014 2375 2065 tenendum:
2417 2012 2587 2063 bellos
2621 2012 2743 2063 ilios

1658 2091 1897 2142 librarios
1919 2090 2240 2156 superiorum
2254 2089 2584 2151 saeculorum,
2596 2102 2746 2154 qnae·

1660 2183 1865 2235 cunque
1902 2169 1988 2219 vel
2022 2167 2086 2220 ad
2121 2180 2288 2229 oram,
2316 2167 2400 2217 vel
2425 2166 2477 2215 in
2502 2164 2745 2230 margine

1656 2246 1777 2297 libri
1802 2246 2042 2310 alicujus,
2066 2246 2145 2295 vel
2166 2258 2323 2309 supra
2342 2243 2554 2300 lineam,
2569 2243 2744 2307 expll-

1657 2324 1880 2375 cationis
1902 2324 2040 2386 loco,
2062 2321 2350 2384 adscripta,
2373 2318 2481 2386 (hae
2502 2318 2646 2369 enim
2667 2318 2746 2370 di·

1656 2407 1846 2451 cuntur
1869 2401 2076 2464 glossae,
2100 2398 2180 2449 vel
2207 2393 2568 2462 glossemata.)
2586 2408 2745 2460 repe-

1656 2483 1859 2540 rerunt,
1880 2477 2031 2526 simul
2051 2475 2104 2526 in
2123 2480 2427 2525 contextum
2444 2472 2751 2537 recepisse3

1654 2566 1799 2618 saepe
1821 2554 2000 2611 etiam,
2024 2551 2162 2618 quod
2180 2551 2497 2616 glossemata
2518 2549 2610 2599 illa
2630 2562 2744 2599 me-

1654 2631 1754 2680 lius
1791 2631 2168 2696 intelligerent,
2201 2627 2370 2679 veteri
2415 2632 2474 2676 et
2509 2626 2745 2691 genuina

1655 2707 1919 2771 scriptura
1942 2706 2183 2772 expulsa.
2249 2705 2319 2755 Et
2342 2702 2423 2753 bae
2452 2714 2577 2752 cum
2614 2715 2745 2753 cura

1654 2785 1959 2850 legentibus
1980 2783 2277 2835 homiuibus
2309 2780 2595 2846 ingeniosis
2617 2779 2746 2834 faci·

1650 2861 1703 2910 le
1725 2873 1782 2909 se
1805 2859 2029 2925 prodere
2053 2855 2481 2910 consueverunt.'
2513 2855 2744 2909 Schwar-

1651 2949 1773 2987 zius.

1720 3012 1875 3063 Pares
1898 3012 2104 3078 domiui]
2137 3013 2275 3064 Item
2298 3012 2522 3064 nobiles.
2558 3012 2701 3080 Lips.

1719 3089 2065 3153 Receptacula]
2100 3091 2254 3143 viuae
2274 3098 2328 3142 et
2352 3091 2603 3156 praetoria
2619 3090 2745 3145 olim

1653 3164 1951 3218 illustrium.
1989 3167 2143 3219 Idem.

1721 3241 1898 3306 Ser-eo]
1935 3243 2040 3295 Qui
2060 3243 2265 3294 villicus
2285 3242 2355 3293 ibi
2379 3243 2464 3294 vel
2480 3248 2638 3294 actor
2655 3242 2744 3295 sit.

1656 3316 1810 3367 Idem.

1720 3394 1872 3445 Servo
1894 3394 2140 3460 teruntur]
2161 3390 2553 3459 significantius
2571 3394 2745 3461 utitur

1653 3468 1862 3521 Plinius
1913 3471 2071 3522 verbo
2116 3475 2340 3521 terantur
2356 3485 2378 3529 ,⁶
2416 3485 2559 3529 cum,
2604 3470 2744 3525 Arn-

1656 3548 1829 3598 tzenio
1852 3547 1986 3598 bene
2011 3549 2336 3613 explicante,
2357 3549 2456 3598 teri
2475 3547 2748 3614 dicantur,

1656 3638 1774 3688 quse
1806 3632 2219 3687 corrumpuntur
2254 3631 2311 3674 et
2354 3624 2744 3688 absumuntur}

1653 3702 1908 3765 sequioris
1954 3700 2261 3751 Latinitatis
2306 3707 2557 3751 auctores
2596 3701 2746 3754 dice-

1653 3785 1773 3827 rent
1805 3777 1823 3805 ‘
1847 3775 2276 3845 deteriorantur-‚³
2314 3777 2353 3827 i.
2379 3792 2433 3828 e.
2467 3777 2745 3829 deteriora

1653 3852 1803 3912 fiunt,
1829 3861 1922 3904 aut
1945 3853 2317 3906 detrimentum
2338 3855 2580 3919 capiunt.
2635 3852 2745 3910 Sed

1653 3937 1828 3994 potest
1846 3931 2063 3983 verbum
2087 3932 2105 3962 ‘
2127 3938 2297 3983 terere
2313 3930 2330 3954 '
2354 3934 2514 3983 etiam
2538 3934 2745 4000 simpli·

1656 4008 1794 4058 citer
1831 4023 1928 4073 per
1950 4015 1969 4039 '
1993 4009 2359 4076 frequentare'
2391 4012 2627 4074 exponi3
2663 4012 2743 4062 uti

1654 4082 1806 4142 iufra,
1845 4096 1980 4135 mxv.
2023 4090 2075 4135 3.
2127 4094 2145 4117 ‘
2166 4086 2567 4163 Inadsceusum.
2596 4089 2740 4141 illum

1652 4160 1915 4225 superbiae
1960 4162 2259 4229 principum
2305 4164 2477 4214 locum
2527 4163 2741 4215 terere!

1653 4238 1898 4301 Schworz.
2466 4226 2474 4237 ⁴

1721 4314 1871 4366 Ser-oo
1896 4317 2149 4384 terantur}
2178 4317 2409 4369 Sublatis
2427 4318 2648 4384 optimis
2667 4320 2735 4372 ci-
