3017 4942
687 437 757 486 c.
801 435 1045 487 remu
1096 433 1431 488 saeuum
1482 435 1766 488 rauna.
1843 438 1898 486 1.
1937 421 2048 488 24.

261 577 483 646 quidem
528 578 811 645 opinione;
858 595 976 633 narn
1017 581 1116 633 n‘ec
1155 581 1341 633 Nersa

261 671 485 722 nsquam
527 657 721 722 legitur
766 671 1011 723 regnasse
1048 661 1101 708 in
1147 659 1341 709 securi·

261 742 414 796 tate3
454 748 628 800 neque
663 734 796 786 adeo
818 737 1031 801 ³potult3
1064 752 1179 788 cnm
1207 749 1339 802 prse-

260 809 428 861 fuerit
454 819 660 862 tantum
686 812 931 862 Romanis
956 823 1144 863 annum
1167 827 1345 875 unum,

259 901 470 938 menses
493 894 734 953 quatuor,
759 888 870 938 dies
907 901 1114 952 novem,
1137 895 1196 939 ut
1231 888 1342 953 pla·

260 972 352 1015 cet
399 964 581 1029 Dioni,
626 979 724 1014 nec
768 965 1089 1016 dissentiunt
1140 968 1338 1016 ceteri:

259 1041 390 1108 qnid
428 1042 630 1106 igitur?
665 1043 883 1107 respicit
905 1043 1107 1093 Plinius
1143 1042 1207 1093 ad
1238 1055 1342 1093 mo·

260 1127 375 1170 rem
423 1119 757 1184 principatus
807 1120 1050 1170 universi.
1115 1119 1344 1171 Obtlnet

262 1199 445 1262 plane,
468 1204 527 1247 nt
552 1196 890 1261 magistratus
912 1211 1089 1246 omues
1111 1203 1344 1261 potesta-

260 1276 332 1326 tis
368 1290 482 1325 snae
518 1274 799 1339 tyrocinio,
822 1274 1129 1324 reverentia.-
1164 1273 1343 1337 populi

258 1354 342 1403 sni
361 1352 679 1415 inserviant,
704 1365 874 1417 neque
907 1366 1020 1401 eam
1058 1365 1166 1415 prae
1188 1363 1243 1399 se
1265 1349 1344 1399 fe·

258 1440 386 1482 rant
410 1430 781 1487 securitatem,
801 1442 953 1494 quam
978 1430 1103 1493 ipsis
1124 1427 1343 1478 circutu-

260 1509 355 1559 dat
395 1507 681 1572 imperinm
727 1506 961 1572 longiusg
1008 1513 1071 1557 ut
1115 1504 1344 1555 ostendi·

257 1600 374 1636 mus
414 1585 667 1648 exemplo
707 1595 810 1634 non
855 1597 956 1632 uno
999 1582 1048 1632 in
1084 1581 1344 1646 prioribus

259 1661 604 1713 Discursibus
639 1660 704 1709 ad
738 1658 1014 1721 Tacitnm;
1048 1659 1234 1722 quibus
1268 1658 1345 1708 in·

257 1739 412 1790 finita
428 1739 547 1790 ‘alia
566 1738 784 1789 adtexta
806 1738 952 1788 nobis
972 1737 1036 1786 ad
1063 1737 1186 1786 illud
1213 1737 1346 1799 ejus·

264 1817 384 1867 dem
412 1815 646 1867 Cornelii
674 1814 861 1865 Annal.
885 1827 1007 1864 xiv.
1030 1817 1077 1863 l.
1100 1812 1193 1862 ⁶0.
1213 1812 1346 1876 Vip-

266 1895 436 1951 sanio,
462 1893 686 1944 Fonteio
721 1890 1039 1952 consulibus,
1064 1889 1149 1938 diu
1187 1888 1345 1938 medi-

269 1971 445 2023 tatum
468 1970 642 2021 scelus
664 1984 767 2019 non
790 1969 928 2018 nitra
950 1965 1097 2017 Nero
1121 1966 1344 2024 distulit,

268 2053 541 2099 vetustate
596 2045 802 2111 imperii
846 2045 1040 2095 coalita
1085 2042 1347 2093 audacia.’

271 2125 428 2175 (ἔνια.

328 2198 658 2251 Securitatem
691 2196 806 2247 olim
843 2196 1145 2262 imperantis]
1185 2196 1347 2247 Secu-

268 2279 397 2329 ritas
432 2290 580 2341 saepe
606 2276 663 2325 in
687 2275 810 2325 vitio
843 2282 946 2332 est,
967 2275 1174 2339 quando
1198 2278 1348 2324 notat

268 2354 570 2407 socordiam
593 2352 848 2417 quandam
884 2358 939 2400 et
972 2349 1348 2414 negligentiam

267 2434 439 2484 omnis
476 2431 788 2483 necessariae
820 2443 983 2480 curae.
1049 2427 1347 2493 Aliquando

269 2519 453 2562 tamen
508 2511 564 2560 in
610 2508 799 2557 bonam
842 2512 1047 2572 partem
1092 2506 1349 2571 accipitur

257 2605 366 2654 pro
388 2602 640 2640 curarum
677 2585 879 2652 requie,
899 2591 955 2635 et
981 2583 1202 2649 quadarn
1240 2583 1350 2633 ani-

268 2668 339 2717 mi
381 2664 791 2730 tranquillitate,
814 2663 938 2712 item
973 2670 1028 2712 et
1062 2676 1158 2725 pro
1184 2675 1346 2726 pace:

269 2752 434 2810 prout
468 2743 585 2793 baec
616 2741 885 2805 conjungit
908 2740 1018 2791 Cic.
1041 2739 1106 2789 de
1131 2736 1286 2789 Offic.
1310 2751 1350 2787 1.

155 2820 167 2828 ’
264 2826 354 2873 2⁰.
375 2818 726 2872 ‘Vacandum
760 2827 934 2868 autem
970 2826 1053 2867 est
1082 2817 1218 2868 omni
1240 2818 1352 2867 ani·

269 2902 340 2950 mi
377 2897 801 2964 perturbatione,
826 2929 841 2944 .
866 2930 880 2946 .
908 2905 967 2946 ut
1002 2896 1352 2960 tranquillitas

268 2984 327 3028 et
364 2976 633 3027 securitas
675 2974 833 3037 adsit,
868 2988 988 3039 quae
1033 2971 1184 3023 affert
1233 2986 1351 3022 cum

272 3054 645 3111 constantiam,
671 3057 782 3101 tum
817 3052 975 3100 etiam
1003 3046 1355 3115 dignitatem!

274 3133 427 3184 Idem
452 3131 525 3182 de
548 3130 666 3180 Fin.
685 3143 740 3179 v.
761 3133 812 3179 8.
839 3131 855 3157 ⁴
879 3127 1171 3178 Democriti
1206 3139 1355 3176 secu·

264 3211 430 3273 'ritas,
461 3223 584 3274 quae
621 3214 701 3256 est
736 3205 889 3254 animi
928 3210 1173 3268 tanquam
1214 3207 1355 3251 tran·

279 3286 551 3354 quilli‘tasss
620 3285 690 3334 Et
715 3284 852 3333 Ptin.
877 3280 1032 3340 infra,
1049 3285 1165 3333 1..o.
1189 3280 1357 3330 ‘Tan-

280 3372 334 3416 ta
355 3364 619 3415 securitas
654 3368 953 3425 temporum,
983 3367 1084 3422 est,
1109 3365 1167 3407 ut
1190 3391 1205 3408 .
1227 3389 1244 3407 .
1264 3371 1357 3408 nos

281 3456 383 3494 non
406 3437 727 3501 timeamus,’
750 3441 850 3489 «stc.
917 3437 1038 3487 Hoc
1073 3435 1206 3486 adeo
1240 3437 1359 3486 loco

277 3521 532 3584 securitas,
557 3517 812 3584 quatenus
844 3514 1049 3579 pudori,
1070 3512 1125 3563 id
1151 3520 1253 3578 est,
1275 3526 1361 3563 ve·

279 3598 551 3649 recundiae
591 3610 706 3647 cum
744 3593 1083 3645 solicitudine
1114 3593 1360 3657 conjunc-

268 3674 702 3741 *t'oe,opponitnr,
726 3672 944 3723 denotat
974 3670 1227 3721 fidentem
1252 3670 1362 3720 ani-

280 3767 442 3817 mum,
474 3751 589 3801 sive
622 3748 898 3812 fiduciam3
932 3747 1157 3805 Gallice,
1181 3744 1361 3806 serme-

279 3829 367 3890 u,·
399 3829 751 3890 Germanice,
781 3825 1115 3888 creastigkett.
1180 3825 1361 3889 Cujus·

280 3910 424 3961 modi
451 3909 626 3959 fidens
656 3908 856 3957 animus
889 3906 933 3956 si
969 3906 1054 3956 cni
1087 3910 1190 3963 est,
1207 3904 1252 3954 is
1275 3918 1364 3953 va-

283 3999 411 4040 cuus
430 3988 578 4039 curis
600 3992 658 4037 et
679 3991 824 4035 metu
842 3998 957 4034 esse
975 3983 1200 4033 videtur.
1232 3981 1364 4032 Par·

284 4067 502 4116 ticulam
525 4064 643 4114 olim
676 4061 958 4112 necessitas
983 4058 1222 4124 quedam
1248 4071 1365 4108 seu·

286 4144 468 4192 tentiae
504 4140 766 4190 Pliniana
809 4138 1047 4202 requirit,
1080 4142 1175 4186 aut
1219 4140 1366 4186 certe

289 4218 711 4269 commodissime
746 4215 992 4266 admittit.
1063 4214 1194 4263 Olim
1227 4213 1365 4263 enim

291 4295 375 4346 bic
414 4293 683 4361 significat
719 4293 866 4358 ‘jam
907 4289 1040 4355 din,’
1075 4291 1214 4355 ‘jam
1258 4290 1366 4356 pri-

294 4372 448 4440 dem,’
492 4376 629 4440 ‘jam
658 4386 701 4421 xa
737 4372 896 4435 longo
936 4367 1214 4436 tempore?
1277 4365 1365 4420 Sic

2349 417 2481 489 543

1411 582 1642 647 loquitur
1685 582 1825 632 Plin.
1872 583 2046 645 Epist.
2092 597 2132 632 r.
2177 586 2257 634 11.
2300 583 2481 635 ‘Olim

1413 659 1540 708 mihi
1574 659 1741 709 nullas
1775 658 2022 722 epistolas
2047 656 2248 708 mittis-⁹
2314 660 2485 723 Epist.

1411 746 1493 784 vt.
1512 737 1595 784 8⁴.
1617 735 1632 763 ‘
1652 734 1699 785 Α
1718 735 2101 785 Veronensibus
2126 735 2248 785 olim
2272 736 2484 796 amaris,

1412 811 1711 876 suspiceris,
1750 811 1993 863 ornaris.’
2059 813 2233 877 Epist.
2269 823 2401 863 vm.
2431 818 2485 863 9,

1410 892 1589 941 ‘Olim
1614 904 1715 940 non
1740 890 1928 940 librum
1951 891 2004 940 in
2033 904 2236 951 manns,
2258 903 2361 939 uon
2397 891 2489 941 sti-

1412 966 1754 1024 lum,surusi.’
1819 968 1941 1020 Jam
1976 967 2135 1031 igitur
2168 957 2372 1017 Plinius
2408 969 2487 1016 in·

1418 1053 1500 1095 ter
1523 1059 1579 1094 se
1600 1044 1874 1095 contendit
1898 1047 1914 1074 ‘
1935 1044 2222 1108 principem
2248 1045 2369 1093 olim
2396 1045 2487 1093 iru-
2503 1070 2528 1078 -·

1417 1119 1722 1185 permutem:
1752 1129 1809 1171 et
1854 1121 2181 1185 ‘principem
2231 1120 2485 1185 incipien-

1417 1205 1524 1249 tem
1549 1197 1845 1263 imperare.’
1903 1200 2029 1261 1lle,
2049 1189 2275 1265 qni'jsm
2303 1200 2394 1249 din
2427 1207 2483 1250 et

1417 1288 1447 1325 a
1482 1275 1639 1339 longo
1663 1282 1900 1340 tempore
1922 1275 2161 1340 imperat,
2183 1275 2489 1326 confirmata

1416 1357 1683 1417 potestate
1717 1368 1829 1416 sna,
1866 1354 2099 1402 securior
2130 1362 2186 1402 et
2224 1351 2487 1402 coriflden-

1417 1429 1522 1480 tior
1544 1437 1649 1491 est,
1669 1429 2105 1493 constantiusque
2133 1435 2186 1477 et
2208 1429 2490 1480 animosius

1414 1505 1553 1569 agit:
1590 1506 1733 1572 quia,
1764 1513 1823 1556 nt
1856 1505 2085 1571 loquitur
2107 1505 2274 1554 Tacit.
2297 1505 2486 1556 Annal.

1412 1595 1537 1635 ιη’.
1562 1587 1609 1633 Ι.
1642 1583 1942 1633 ‘vetustate
1980 1580 2184 1645 imperii
2205 1579 2219 1602 '
2251 1582 2331 1631 vel
2371 1582 2489 1645 ipsa

1415 1659 1703 1710 ‘coalescit
1740 1656 2007 1709 audacia)
2074 1657 2180 1708 Hic
2221 1671 2361 1715 vero,
2399 1657 2490 1722 qui

1418 1736 1574 1789 modo
1611 1739 1796 1802 incipit
1831 1739 2110 1802 imperare,
2138 1735 2250 1788 fere
2287 1737 2487 1787 modes·

1420 1814 1524 1863 tius
1573 1814 1759 1873 adbuc,
1809 1827 1872 1864 ac
1914 1813 2185 1869 solicitius,
2241 1823 2295 1864 et
2341 1815 2489 1880 qnasi

1418 1890 1652 1941 timidius
1707 1892 2116 1955 pudentiusque,
2171 1904 2275 1939 rem
2333 1891 2495 1953 gerit.

1416 1969 1597 2019 Talem
1638 1970 1974 2019 securitatem
2008 1976 2064 2019 et
2095 1968 2344 2018 fidentem
2380 1969 2490 2017 ani·

1417 2061 1558 2097 mum
1597 2045 1869 2111 principis,
1895 2046 2009 2111 jam
2039 2046 2130 2096 din
2165 2045 2492 2110 imperantis,

1418 2138 1539 2174 cnm
1562 2124 1874 2174 verecundia
1909 2138 1971 2173 ac
2006 2122 2263 2173 modestia
2297 2121 2490 2186 princi·

1420 2200 1522 2264 pis,
1549 2200 1803 2264 imperare
1838 2199 2160 2264 incipientis,
2184 2199 2490 2249 laudabilis-

1420 2278 1551 2327 sime
1575 2278 1626 2327 in
1650 2277 1868 2342 imperio
1887 2291 1981 2327 suo
2002 2276 2337 2341 conjunxisse
2361 2276 2493 2325 dici·

1421 2364 1509 2405 tur
1529 2356 1803 2420 Trajanus.
1858 2355 2047 2418 Itaque
2071 2353 2298 2403 nonnulli
2324 2351 2493 2402 edito-

1421 2446 1526 2489 res,
1542 2440 1725 2482 contra
1746 2432 2153 2483 concinnitatem
2179 2428 2357 2485 Plinii,
2376 2442 2492 2492 par·

1422 2511 1633 2561 ticnlam
1655 2510 1769 2561 olim
1792 2510 1871 2560 bis
1900 2521 2139 2573 posuere,
2165 2521 2243 2558 res
2274 2507 2387 2555 olim
2418 2506 2494 2555 di·

1420 2588 1733 2653 ccrsissimus,
1746 2586 2049 2637 securitatem
2066 2585 2179 2635 olim
2199 2583 2497 2648 imperantis.

1421 2666 1587 2716 Pauci
1619 2667 1834 2717 eandem
1874 2663 2182 2728 particulam
2224 2662 2276 2711 in
2319 2660 2495 2725 priore

1421 2746 1647 2812 quidem,
1697 2749 1755 2794 at
1807 2739 2137 2792 incommodo
2192 2740 2330 2802 loco,
2375 2737 2499 2786 reli·

1420 2838 1619 2888 quere3
1668 2829 1723 2871 at
1765 2819 2052 2885 posteriore
2086 2818 2222 2879 loco,
2255 2814 2344 2864 ubi
2380 2828 2496 2864 seu-

1425 2899 1597 2950 tentia
1632 2896 1879 2948 orationis
1915 2895 2063 2944 illam
2111 2907 2227 2943 cum
2277 2892 2498 2940 maxime

1425 2976 1748 3042 requirebat,
1771 2983 2045 3039 perperam
2073 2971 2311 3020 omisere.
2363 2968 2499 3017 Gon·

1426 3060 1507 3104 tra
1537 3065 1658 3102 vcro
1692 3053 1765 3101 illi
1801 3050 1921 3100 libri
1958 3062 2154 3105 omnes,
2180 3061 2311 3111 quos
2344 3045 2394 3093 in
2422 3055 2503 3093 su·

1428 3129 1634 3193 periore
1667 3132 1796 3177 nota
1834 3125 2085 3189 iudicavi,
2124 3122 2345 3173 eandem
2389 3133 2498 3170 rec·

1430 3206 1630 3255 tissime
1653 3206 1942 3269 posteriore
1976 3202 2231 3251 duntaxat
2272 3201 2385 3250 ioco
2410 3214 2498 3248 cx·

1428 3282 1663 3332 bibuere.
1733 3278 2012 3331 Abori-avit
2068 3285 2242 3327 autem
2301 3292 2331 3325 a
2375 3289 2502 3325 vera

1430 3358 1591 3410 Plinii
1626 3357 1890 3409 sententia
1926 3355 2209 3411 Livineius,
2243 3354 2348 3417 qui,
2384 3365 2501 3402 cum

1430 3451 1534 3487 non
1579 3436 1821 3499 cogitarit
1861 3434 1927 3483 de
1971 3434 2186 3483 notione
2234 3429 2502 3495 particule

1431 3516 1546 3565 olim
1569 3514 1689 3563 bule
1711 3513 1827 3563 loco
1863 3515 2206 3575 congruente,
2230 3521 2325 3571 per
2366 3508 2506 3570 prin-

1433 3591 1602 3656 cipem
1641 3592 1754 3640 olim
1788 3590 2117 3653 imperantem,
2151 3585 2386 3635 Nervam
2428 3584 2505 3632 in-

1434 3669 1678 3730 teiiexit3
1731 3667 1821 3717 sed
1867 3667 1910 3716 is
1946 3666 2056 3729 jaim
2098 3678 2130 3713 a
2172 3662 2404 3713 Grutero
2451 3659 2503 3709 i'n

1437 3746 1573 3797 viam
1631 3745 1878 3795 reductus
1938 3748 2038 3793 est.
2103 3737 2272 3792 Nimis
2329 3743 2503 3788 autern

1436 3824 1602 3874 severi
1627 3822 1857 3873 censoris
1882 3829 2062 3885 partes
2080 3819 2133 3868 in
2158 3833 2242 3868 me
2261 3814 2507 3866 exercuit

1436 3904 1505 3953 D.
1529 3904 1603 3953 D.
1632 3899 1989 3959 Heumannns,
2017 3897 2127 3962 qui,
2161 3895 2248 3945 nbi
2284 3894 2504 3958 primum

1436 3980 1570 4030 banc
1637 3976 2055 4028 observationem
2123 3983 2512 4036 proposueram,

1436 4058 1552 4107 haec
1597 4060 1978 4105 commentatus
2024 4057 2125 4113 est,
2164 4047 2347 4098 Poecil.
2385 4055 2513 4094 tom.

1440 4145 1533 4183 ιιι.
1554 4134 1645 4181 lib.
1666 4144 1742 4180 tv.
1765 4132 1781 4159 ‘
1805 4128 2055 4179 Mendum
2090 4126 2178 4175 hic
2210 4139 2312 4173 non
2338 4132 2510 4172 sustu·

1438 4212 1567 4271 listi,
1588 4209 1679 4259 sed
1706 4204 1943 4257 intulisti.
2006 4201 2073 4253 ‘rb
2095 4201 2206 4252 olim
2240 4202 2378 4250 enim
2405 4200 2510 4262 pri·

1441 4289 1519 4338 ori
1558 4287 1672 4336 loco
1712 4281 2111 4348 relinquendum
2146 4287 2281 4337 erat,
2320 4284 2373 4327 et
2416 4289 2509 4338 pro

1438 4363 1734 4430 incipientis,
1787 4356 2181 4412 rescribendum
2217 4352 2511 4419 'praecipiem
