3017 4942
473 352 606 419 526

473 514 630 563 modo
663 525 790 577 ergo
825 513 1028 565 Plinius
1059 509 1239 562 dicere
1269 509 1542 574 potuisset,

477 591 803 653 arrogantius
821 598 944 641 tunc
961 588 1122 640 fuisse
1140 588 1366 638 humeris
1380 589 1542 638 homi-

475 679 598 721 num
635 668 850 731 portari,
889 681 1040 733 quam
1077 666 1191 717 vehi
1223 678 1382 716 curru
1418 680 1544 730 qua·

478 740 683 807 drijugo
697 749 752 794 et
761 743 892 793 albis
908 740 1079 808 equis?
1103 740 1210 793 Sed
1224 755 1394 806 neque
1410 742 1545 791 hanc

479 820 815 885 cententiam,
852 820 1087 882 hancque
1123 819 1547 884 appendiculam,

479 897 764 948 admittunt
789 898 1061 961 particula
1081 897 1205 953 illae,
1221 895 1408 961 quibus
1426 908 1548 945 usna

480 981 564 1035 ‚est
585 973 804 1035 Plinius,
823 988 918 1024 non
937 972 1062 1034 dico,
1086 1005 1100 1022 .
1126 1005 1140 1021 .
1169 1006 1185 1023 .
1206 973 1289 1021 aed
1300 987 1324 1030 ,·
1359 969 1547 1037 quibus

480 1050 797 1117 exprimitur
834 1051 1114 1112 correctio,
1149 1055 1427 1115 antequam
1463 1061 1548 1099 rea

481 1127 708 1186 dicatur,
729 1135 784 1178 et
807 1143 921 1194 quae
944 1128 1020 1178 sic
1043 1126 1397 1191 explicanda:
1432 1125 1549 1175 Pri-

483 1220 620 1263 ores,
644 1206 689 1256 ai
723 1219 826 1256 non
860 1203 1188 1255 vehebantur
1216 1207 1272 1252 et
1302 1202 1549 1266 importa-

485 1280 680 1347 bantur
711 1280 1026 1347 quadrijugo
1058 1292 1213 1329 curru
1249 1287 1305 1339 et
1340 1277 1468 1327 albis
1495 1291 1550 1326 e·

485 1360 618 1425 quis,
643 1358 908 1411 minimum
933 1366 1106 1407 tamen
1137 1356 1362 1405 humeris
1391 1355 1553 1404 homi·

484 1449 608 1485 num
630 1435 802 1487 invehi
821 1441 875 1485 et
892 1434 1157 1499 importari
1175 1434 1435 1485 solebant.
1463 1432 1552 1485 Sic

428 1530 433 1535 ·
486 1511 648 1563 etiam
669 1511 898 1576 loquitur
920 1512 1030 1562 Cic.
1052 1525 1147 1575 pro
1167 1511 1312 1563 Sext.
1335 1524 1452 1574 cap.
1472 1513 1557 1559 20.

485 1591 502 1617 ⁸
536 1588 911 1650 Depuguarem
956 1588 1128 1651 potius
1171 1600 1291 1637 cum
1335 1600 1556 1646 summo,

487 1678 591 1719 non
616 1664 806 1723 dicam,
824 1665 1002 1722 exitio,
1027 1663 1121 1714 sed
1149 1662 1386 1728 periculo
1409 1670 1554 1714 certe

487 1749 685 1803 vestro,
703 1744 1086 1807 liberorumque
1109 1740 1435 1791 vestrorum!
1486 1741 1559 1790 Et

489 1819 604 1885 ipae
637 1820 839 1870 Pliniua
862 1834 965 1870 non
989 1832 1107 1869 raro
1129 1816 1227 1869 hac
1254 1817 1419 1869 utitur
1450 1816 1558 1868 for-

490 1895 648 1952 mula,
681 1896 924 1947 cimiliter
955 1894 1267 1959 explicanda
1284 1909 1301 1954 ;
1335 1909 1386 1945 v.
1411 1909 1463 1959 g.
1487 1894 1558 1943 E-

491 1972 616 2041 pist.
646 1985 727 2022 11.
768 1975 846 2022 14.
889 1969 909 2000 ‘
936 1972 1047 2022 Not
1091 1977 1240 2021 certe
1283 1983 1561 2032 meremur,

489 2062 598 2101 non
639 2047 775 2105 dico,
813 2047 1052 2112 ingeni03
1099 2046 1155 2099 id
1199 2047 1339 2109 enim
1379 2061 1561 2111 super-

492 2124 617 2176 bum
639 2141 655 2175 z
691 2124 784 2175 aed
818 2124 1011 2183 studio.
1033 2130 1090 2174 et
1123 2124 1315 2188 labore,
1336 2130 1392 2174 et
1412 2138 1561 2174 reve-

494 2202 665 2252 rentia
696 2199 1054 2264 posterorum:
1117 2199 1202 2251 ef.
1225 2214 1355 2250 vm.
1378 2206 1430 2250 6.
1463 2214 1565 2251 vn.

493 2281 546 2333 9.
605 2277 868 2340 Denique,
892 2277 934 2327 oi
957 2277 1047 2327 illa
1068 2277 1333 2327 sententia
1354 2279 1564 2328 omnino

495 2356 663 2409 locum
681 2354 929 2416 haberet3
952 2353 1294 2404 concinnitati
1312 2353 1563 2405 Plinianae

494 2430 885 2493 congruentius,
912 2428 990 2478 sic
1028 2424 1327 2478 collocanda
1361 2426 1564 2477 videre·

498 2515 604 2569 tur,
619 2505 734 2566 Sed,
749 2507 870 2571 quod
888 2504 1195 2569 arrogantius
1217 2509 1337 2560 erat,
1358 2502 1569 2553 humeris

495 2586 757 2637 Hominum.
819 2585 954 2646 Imo,
975 2589 1104 2634 tunc
1136 2582 1308 2632 malim
1345 2579 1568 2632 eandem

496 2663 809 2715 sententiam
829 2674 1039 2725 prorsus
1056 2659 1359 2724 protrahere
1377 2658 1443 2706 ad
1463 2656 1569 2720 pri·

498 2756 561 2791 ua
583 2740 889 2802 membrum,
905 2755 1000 2791 non
1019 2739 1144 2796 dico,
1159 2736 1442 2802 quadriiugo
1458 2749 1568 2785 cur·

402 2830 408 2835 ·
496 2832 578 2880 ra,
598 2823 647 2869 et
667 2817 930 2868 albenfibu
951 2817 1098 2881 equis,
1119 2816 1244 2881 quod
1262 2815 1573 2876 arrogantius

499 2899 645 2954 erat:
669 2896 752 2945 red
768 2894 979 2945 humeris
995 2892 1249 2943 hominum.
1279 2891 1540 2941 Schwarz.

571 2971 798 3034 Corpori·
825 2969 1136 3035 proceritate]
1184 2966 1429 3031 Augebat
1464 2980 1571 3015 ma·

496 3049 748 3113 jestatem
783 3045 1014 3110 Trajani‚
1050 3051 1244 3109 praeter
1280 3043 1435 3092 animi
1469 3043 1572 3091 vir-

396 3138 413 3144 ·
506 3125 741 3189 tutisque
776 3122 1127 3186 altitudinem,
1146 3123 1306 3173 etiam
1338 3120 1573 3183 eorporis

504 3202 818 3268 proceritas,
860 3199 1196 3264 dignitasque
1246 3196 1370 3259 orio,
1417 3202 1432 3225 ⁶
1458 3211 1574 3260 quae

503 3279 657 3339 longe
672 3277 883 3341 lateque
902 3274 1191 3340 principem
1207 3270 1577 3333 ostentabant:

506 3360 568 3407 ut
603 3352 805 3421 Plinius
840 3366 1014 3416 supra,
1047 3364 1126 3405 Π.
1150 3354 1201 3403 7.
1221 3349 1372 3401 dixit.
1439 3348 1575 3401 Haec

507 3438 625 3489 erat
651 3428 741 3479 illa
768 3426 1105 3491 imperatoria
1125 3424 1313 3483 forma,
1333 3439 1488 3490 quam
1520 3423 1574 3473 in

507 3506 774 3572 Iphicrate
791 3503 1023 3553 laudavit
1039 3503 1240 3567 Nepos,
1258 3515 1305 3551 c.
1322 3504 1370 3550 8.
1389 3501 1405 3527 ‘
1422 3498 1580 3563 Fuit,’

510 3586 698 3652 inquit,
717 3585 735 3614 ‘
759 3592 813 3637 et
836 3585 1007 3634 auimo
1030 3597 1236 3647 magno,
1257 3589 1313 3633 et
1335 3596 1576 3646 corpore,

508 3662 950 3729 imperatoriaque
963 3660 1148 3720 forma,
1160 3668 1217 3709 ut
1229 3660 1345 3723 ipso
1362 3659 1581 3723 adspec-

508 3745 566 3791 tu
590 3739 754 3790 cuivis
776 3738 1015 3804 injiceret
1038 3736 1435 3787 admirationem
1464 3732 1580 3785 sui-³

513 3815 718 3866 Omitto
748 3815 914 3864 multo
946 3814 1093 3878 plura
1113 3814 1266 3877 hujus
1287 3811 1457 3861 laudis
1488 3825 1581 3861 ex-

512 3891 704 3956 empla.
788 3891 1053 3955 Ceterum,
1093 3890 1325 3955 corporis
1366 3887 1581 3952 Trajani

513 3966 901 4031 proportionem
928 3974 985 4017 et
1015 3967 1384 4032 proceritatem
1408 3980 1475 4015 ex
1505 3963 1584 4016 ef-

512 4042 635 4106 figie
668 4042 817 4105 hujus
854 4043 1257 4109 principis,‚quoe
1291 4044 1344 4092 in
1375 4049 1584 4092 vetusta

517 4118 754 4171 columna
787 4119 1133 4181 conspicitur,
1166 4119 1337 4169 metiri
1372 4126 1585 4169 conatus

517 4201 600 4250 est
636 4192 863 4257 Rapbae‘l
900 4195 1182 4246 Fabrettua
1219 4196 1270 4245 in
1311 4196 1583 4260 syntagm.

518 4271 589 4325 de
611 4271 866 4333 Columna
884 4270 1112 4336 Trajani,
1135 4285 1188 4336 p.
1209 4276 1290 4323 56.
1323 4271 1474 4323 Idm.
1526 4336 1538 4345 .
1570 4300 1578 4307 ·

1171 367 1391 419 1⁴01·AE
1437 366 1851 421 vARmRUM
1899 364 1984 419 m

1688 511 1883 575 Elatior
1900 508 2037 576 aliis]
2071 508 2116 561 1.
2138 523 2186 561 e.
2210 510 2365 561 altior
2397 508 2530 562 aliia.
2596 503 2688 561 Sic

1620 586 1814 650 Plinio,
1853 587 2025 651 Epist.
2061 600 2143 639 vr.
2177 591 2259 639 16.
2291 587 2456 639 nubes
2492 587 2693 643 dicitur

1620 663 1638 692 ‘
1653 665 1793 714 elata
1816 664 1869 715 ia
1892 662 2094 714 ultum.⁹
2140 663 2288 714 Idem
2312 665 2483 729 Epist.
2503 677 2592 714 m.
2608 668 2694 714 18.

1622 740 1745 791 dum
1767 740 1837 795 de
1859 741 2095 793 oratioue
2116 741 2394 806 magnilica
2415 750 2470 793 et
2487 741 2693 792 sublimi

1623 819 1866 887 loquitur,
1887 820 2002 870 haec
2020 821 2311 885 conjunxit,
2333 822 2349 850 ‘
2364 823 2504 871 elata
2524 828 2578 870 et
2600 832 2696 869 ex·

1624 894 1803 945 celsa!
1867 895 2044 960 Atque
2079 897 2193 948 Cic.
2217 898 2271 947 in
2295 899 2448 948 Brut.
2467 912 2584 960 cap.
2609 898 2694 946 17.

1626 973 1863 1027 ‘Horum
1903 974 2216 1038 sententiis-J
2256 974 2446 1039 inquit,
2485 976 2503 1004 ‘
2528 971 2696 1023 officit

1623 1049 2010 1115 Theopompus,
2051 1050 2275 1103 elatione
2316 1058 2475 1116 atque
2515 1050 2696 1101 altitu-

1626 1124 1748 1175 dine
1766 1126 2012 1177 orationis
2034 1124 2175 1179 suaess
2228 1127 2428 1177 Tritum
2448 1140 2573 1175 vero
2593 1130 2696 1182 eat,

1625 1204 1753 1254 alias
1788 1205 1806 1234 ‘
1828 1204 2054 1259 elatum’
2088 1205 2262 1264 ἠθικοῖς
2295 1205 2399 1255 dici
2437 1204 2697 1255 hominem

1628 1281 1929 1344 rupen-bum,
1959 1280 2232 1348 animoque
2267 1279 2536 1341 inflatum3
2572 1295 2621 1330 r.
2643 1294 2698 1343 g.

1630 1366 1689 1408 ut
1722 1358 1905 1424 Nepos
1940 1359 1991 1408 in
2016 1359 2177 1410 Pans.
2201 1374 2249 1410 c.
2274 1363 2320 1409 1.
2354 1361 2371 1389 ‘
2394 1361 2565 1409 elatus
2590 1359 2701 1408 vie·

1631 1437 1763 1487 toria
1778 1435 1811 1498 ;’
1846 1444 1903 1491 et
1925 1451 1971 1488 c.
1995 1441 2045 1487 2.
2079 1438 2298 1492 ‘elatius
2317 1451 2373 1488 se
2393 1450 2576 1503 gerere
2593 1451 2700 1488 coe-

1631 1513 1746 1579 pit?
1775 1514 1929 1567 Iden.

1698 1589 1948 1643 Patientia
1979 1591 2174 1656 nostra]
2221 1591 2521 1642 Deuotatnr
2565 1592 2704 1655 pati·

1633 1666 1781 1716 entia
1802 1680 1972 1719 rerum
1997 1667 2321 1731 indignarum
2343 1674 2398 1718 et
2419 1667 2702 1723 cervinum,

1633 1760 1762 1811 quas
1806 1745 2062 1810 perferre,
2106 1747 2427 1815 superiorum
2475 1759 2703 1810 quorun·

1635 1820 1754 1871 dam
1798 1822 2164 1887 imperatorum
2207 1822 2554 1888 temporibua,
2600 1822 2704 1871 Ro·

1634 1898 1776 1948 mani
1817 1897 2104 1950 identidem
2142 1913 2358 1951 necesso
2393 1898 2706 1949 babuerunt.

1635 1974 1804 2024 Tacit.
1837 1972 1968 2038 Agr.
1994 1988 2044 2024 c.
2062 1980 2112 2027 2.
2144 1977 2160 2005 ⁸
2181 1975 2432 2025 Dedimus
2468 1971 2705 2038 profecto

1638 2048 1833 2115 grande
1875 2051 2141 2115 patientie
2178 2050 2583 2111 documentum;
2627 2055 2708 2112 et,

1636 2128 1775 2177 sicut
1797 2139 1945 2178 vetut
1974 2135 2104 2179 aetas
2142 2129 2290 2192 vidit,
2312 2128 2435 2194 quid
2469 2129 2707 2179 ultimum

1638 2205 1691 2255 in
1732 2206 1979 2257 libertate
2022 2212 2181 2269 esset,
2223 2206 2298 2256 ita
2337 2219 2448 2263 nos,
2492 2205 2616 2268 quid
2651 2203 2710 2254 in

1639 2281 1914 2336 cervitate,
1955 2280 2165 2335 ademto
2205 2296 2300 2347 per
2343 2281 2710 2347 inquisitionea

1641 2357 1883 2423 loquendi
1942 2358 2296 2425 audiendique
2360 2356 2711 2408 commercio.'

1641 2435 1810 2485 Quem
1852 2433 2023 2485 locum
2070 2434 2216 2487 nobis
2261 2432 2492 2484 ostendit
2540 2433 2605 2484 D.
2639 2433 2712 2482 D.

1644 2508 2001 2559 Heumaunus.
2066 2510 2235 2560 Recte
2265 2505 2544 2559 Memmius
2570 2506 2710 2572 apud

1644 2587 1854 2640 Sallust.
1892 2586 2018 2650 δας.
2060 2598 2229 2637 xxx1.
2263 2590 2311 2636 1.
2345 2587 2361 2614 ‘
2387 2583 2601 2648 Multa‚’
2633 2585 2712 2633 in-

1646 2663 1774 2729 quit,
1797 2665 1812 2691 ⁴
1838 2662 2181 2713 dehortantur
2210 2678 2241 2713 a
2269 2662 2435 2718 vobis,
2459 2661 2715 2719 Quirites,

1645 2741 1698 2790 ni
1722 2738 1949 2790 studium
1977 2738 2278 2803 reipublice
2307 2744 2554 2802 supere-tt
2586 2751 2715 2800 opes

1644 2815 1911 2877 factionis,
1948 2825 2125 2866 vestra
2169 2815 2446 2880 patientia,
2473 2814 2563 2877 jus
2602 2813 2718 2862 nul·

1644 2892 1788 2954 lum,'
1826 2894 1926 2945 &m
2011 2893 2115 2943 Ubi
2170 2900 2314 2944 recte
2369 2890 2443 2940 ait
2486 2889 2716 2946 Cottius,

1648 2972 1665 3000 ‘
1685 2970 1946 3019 Patientia
1976 2968 2168 3019 dicitur
2198 2982 2294 3033 pro
2322 2968 2491 3016 animo
2520 2965 2719 3023 humili,

1649 3055 1703 3095 et
1729 3046 1796 3094 ad
1819 3059 1998 3095 omnes
2019 3045 2235 3109 injurias
2257 3043 2596 3110 perferendas
2623 3042 2718 3095 de·

1650 3122 1841 3175 misso?
1874 3123 2026 3172 Idem.

1714 3199 2015 3250 Medentium
2032 3197 2254 3263 imperio]
2287 3198 2376 3249 Sic
2401 3197 2600 3249 Plinius
2623 3196 2720 3247 Se-

1649 3278 1764 3326 nior
1800 3276 1945 3326 Hist.
1979 3276 2112 3326 Nat.
2144 3288 2305 3327 xxiv.
2328 3281 2373 3327 1.
2408 3275 2719 3326 medicinam

1654 3361 1806 3402 vocat
1836 3359 1851 3382 ‘
1870 3366 2022 3401 unam
2055 3353 2263 3409 artium,
2286 3365 2403 3416 quae
2437 3352 2720 3414 imperato·
2777 3391 2787 3402 .

1654 3432 1797 3480 ribus
1830 3443 2036 3494 quoque
2069 3427 2329 3494 imperet.'
2394 3428 2721 3491 Praeeipien-

1653 3507 1707 3559 di
1726 3516 1782 3557 et
1805 3504 2090 3569 imperandi
2114 3506 2477 3556 auctoritatem
2502 3504 2723 3561 medicis

1653 3583 1811 3633 etiam
1847 3581 2031 3633 tribuit
2065 3581 2267 3631 Seneca
2297 3580 2364 3631 de
2388 3580 2722 3633 Benefic··vr.

1656 3663 1736 3711 16.
1771 3666 1786 3689 ⁸
1811 3659 1997 3723 Itaque
2032 3656 2260 3719 medico,
2281 3657 2321 3706 si
2347 3656 2472 3707 nihil
2498 3657 2722 3722 ampliu·

1656 3749 1809 3801 qnam
1840 3747 2044 3787 manum
2069 3733 2255 3797 tangit,
2274 3738 2328 3782 et
2350 3746 2432 3781 me
2453 3732 2593 3781 inter
2615 3747 2728 3795 eoa,

1656 3828 1783 3877 quos
1819 3808 2162 3875 perambulat,
2183 3809 2349 3871 ponit,
2369 3809 2481 3860 nine
2516 3810 2624 3859 ullo
2646 3808 2729 3859 af·

1657 3888 1804 3939 fectu
1845 3885 2086 3936 facienda
2122 3885 2437 3948 vitandaque
2482 3886 2727 3951 pr‘aecipi-

1657 3980 1773 4026 ens,
1810 3963 1940 4015 nihil
1975 3962 2197 4027 ampliua
2236 3961 2441 4023 debeo;
2482 3963 2610 4026 quia
2638 3976 2728 4017 me

1658 4056 1760 4092 non
1793 4047 2040 4103 tanquam
2076 4038 2272 4089 amicus
2303 4037 2455 4102 vidit,
2482 4037 2576 4088 aed
2611 4044 2728 4090 tan-

1659 4131 1811 4184 quam
1834 4114 2155 4179 imperator.'
2221 4114 2311 4164 Ita
2332 4117 2468 4165 euim
2491 4114 2631 4166 hunc
2651 4116 2729 4169 lo·

1660 4209 1777 4244 cum
1802 4208 1833 4241 a
1856 4193 2070 4243 Mun-eto
2092 4191 2424 4242 emendatum
2456 4191 2592 4256 lego.
2640 4189 2730 4243 ef.

1663 4270 1854 4335 Donat.
1871 4267 1936 4320 ad
1959 4269 2079 4325 Ter.
2097 4265 2274 4321 Andr.
2290 4280 2376 4345 ur.
2393 4272 2443 4318 2.
2462 4272 2513 4321 4.
2551 4268 2707 4342 Iden.
