3017 4942
510 382 645 451 774
1083 456 1091 462 ,
1218 398 1437 449 ιιοτιι
1486 397 1897 450 unionum
1951 396 2032 449 m

515 541 985 596 Observationum:
1018 538 1147 595 meis
1172 542 1448 602 plinianis,
1473 544 1586 608 jam

514 622 612 671 viri
651 619 806 671 etiam
846 620 1151 684 doctissimi,
1171 620 1490 672 Arutzenius
1530 626 1589 671 et

515 699 802 755 Gesnerus,
836 699 1254 762 supplementum
1288 698 1386 749 boc
1419 696 1587 747 adsci-

1729 543 2104 610 Imperatorum]
2139 541 2367 595 Neronis
2386 548 2443 594 et
2470 539 2725 594 Domitia·

1644 620 1738 671 'ni.
1801 621 1996 670 Tamen
2021 620 2087 670 de
2108 635 2213 685 uqo
2237 621 2333 670 isto
2357 620 2443 671 bic
2474 621 2576 684 agi,
2596 619 2726 670 veri·

1664 711 1726 747 us
1746 705 1848 759 est,
1871 706 2030 762 atque
2053 698 2147 755 ita,
2177 696 2456 762 singularie
2483 699 2728 762 imperato·

513 788 663 825 vere.
732 774 940 827 Placuit
974 775 1112 826 idem
1145 776 1403 827 celeberr.
1440 775 1589 825 Heu·
1657 773 2107 824 fisseribendum.
2137 773 2278 838 Lips.

511 865 739 904 manno·
723 885 741 913 ,
774 851 873 903 uisi
903 851 1039 917 quod
1074 849 1176 910 hic,
1207 859 1392 903 contra
1424 851 1589 901 omni-

507 942 604 980 um
626 928 876 980 librorum
897 930 1284 989 auctoritatem,
1304 928 1588 980 secuudum

513 1019 717 1070 casnm,
758 1005 1071 1072 adulationis,
1103 1006 1262 1071 jubet
1302 1007 1493 1057 mutari
1534 1007 1589 1056 in

515 1083 757 1145 tertium,
776 1082 980 1148 siblque
999 1097 1299 1149 persuasum
1317 1084 1496 1141 habet,
1512 1083 1585 1146 ig·

514 1173 689 1211 uanus
712 1173 809 1223 pro
831 1166 847 1190 ⁸
863 1160 1044 1224 ignoto
1059 1160 1074 1184 ’
1095 1160 1219 1212 dici.
1287 1160 1368 1211 Ac
1390 1160 1590 1217 nescio,

517 1250 589 1288 au
611 1250 675 1287 ea
709 1237 889 1302 opinio
915 1237 1075 1288 etiam
1107 1244 1291 1289 teneat
1312 1238 1591 1289 Arntzeui-

515 1327 640 1375 nm;
676 1320 863 1379 utpote
885 1314 972 1379 qui
1008 1314 1075 1364 ad
1109 1314 1245 1364 bunc
1281 1316 1448 1366 locum
1474 1329 1592 1380 per-

515 1390 686 1440 multa
728 1389 1016 1440 cumulavit
1051 1390 1370 1447 testimonia,
1405 1398 1465 1441 ut
1497 1389 1592 1440 de·

516 1471 856 1527 monstraret,
891 1465 1117 1527 ignarum
1151 1466 1428 1531 aliquando
1467 1467 1592 1531 poni

516 1556 618 1608 pro
670 1542 924 1607 ‘ignoto-³
989 1543 1121 1596 Quae
1168 1550 1339 1594 autem
1387 1543 1594 1608 passiva

517 1618 831 1684 significatio
852 1621 935 1671 hic
956 1620 1126 1672 locum
1149 1635 1252 1672 non
1272 1621 1464 1682 babet5
1499 1620 1591 1672 sed

518 1695 840 1758 significatio
865 1696 1061 1761 activa,
1087 1703 1146 1748 ut
1177 1699 1193 1728 ‘
1210 1698 1450 1755 nescius‚’
1482 1699 1499 1727 ⁴
1517 1698 1593 1749 in·

518 1773 697 1832 scius,'
727 1776 743 1800 ⁶
763 1787 867 1824 non
887 1773 1165 1826 conscius.'
1210 1775 1297 1826 Its
1318 1777 1498 1839 etiam,
1516 1776 1594 1839 ig·

517 1863 670 1901 naras
698 1854 1023 1915 μεταφορικῦι
1058 1851 1375 1904 transfertur
1408 1852 1473 1903 ad
1511 1867 1595 1903 res

519 1925 813 1990 inanimas3
847 1928 925 1978 uti
947 1927 1036 1996 illa
1056 1927 1174 1992 ipsa
1197 1930 1451 1980 vocabula
1471 1943 1597 1993 cog·

519 2012 691 2067 nata,
674 2019 689 2033 ·
710 2018 762 2055 v.
786 2019 838 2068 ς.
878 2004 968 2055 Sic
992 2004 1153 2058 ovid.
1177 2005 1399 2057 Heroid.
1413 2007 1597 2072 Epist.

520 2096 622 2134 ιι.
668 2088 784 2134 180.
832 2084 850 2113 ⁸
871 2083 1099 2150 templa'
1151 2092 1362 2137 vocat·
1382 2088 1597 2138 conscia

521 2157 780 2224 polliciti-⁸
830 2160 979 2215 Idem
1004 2160 1172 2227 Epist.
1191 2166 1420 2214 ιν.187.
1453 2162 1595 2213 ‘An-

525 2243 614 2302 tra
644 2250 929 2303 nemusque
963 2244 1157 2304 peto..
1208 2239 1483 2291 .Conscia
1504 2240 1595 2289 de-

519 2298 660 2365 liciis
693 2315 782 2365 illa
815 2313 964 2365 fuere
1001 2313 1143 2367 tuis?
1208 2316 1392 2367 Claud.
1435 2317 1599 2369 Rutu.

526 2386 657 2441 Itin-
686 2403 726 2441 ι.
755 2394 872 2443 499.
900 2391 919 2421 ‘
937 2392 1188 2443 Conscius
1226 2391 1471 2447 Oceanus
1493 2395 1598 2445 vir-

525 2475 719 2530 tutum,
740 2468 951 2519 conscia
976 2470 1178 2522 Thule!
1238 2469 1401 2522 Ovid.
1425 2471 1598 2536 Epist.

525 2543 661 2597 Her.
686 2556 792 2597 ιιι.
822 2550 921 2597 49.
940 2547 956 2576 ‘
974 2547 1197 2597 Lumina
1225 2546 1458 2598 custodis
1480 2561 1597 2598 suc-

526 2619 774 2671 cumbere
831 2622 1011 2673 nescia
1064 2622 1280 2675 somno?
1335 2624 1599 2675 Similiter

525 2696 651 2747 Val.
695 2699 871 2749 Flacc.
917 2699 1115 2765 Argon.
1160 2715 1202 2752 1.
1244 2705 1327 2753 69.
1362 2700 1600 2753 ‘terras’

527 2773 665 2825 dixit
719 2775 1014 2840 ‘ignarasz’
1082 2777 1336 2843 ‘Ignoras
1390 2779 1599 2830 Cereris

528 2853 621 2918 qui
641 2868 850 2904 vomere
873 2860 1039 2905 terras
1062 2855 1298 2906 Imbuit)
1365 2857 1601 2907 Catullus

528 2941 648 2980 ιιι.
694 2932 810 2980 104.
854 2929 1076 2981 ‘aut-as!
1119 2939 1277 2984 vocat
1311 2932 1601 2997 ‘ignarasz'

525 3005 664 3056 ‘Sed
702 3005 826 3071 quid
871 3020 972 3071 ego
1012 3007 1208 3072 ignaris
1247 3009 1602 3076 nequidquam

529 3099 823 3150 conqueror
875 3087 1054 3138 auris.’
1130 3090 1201 3141 Et
1253 3090 1413 3140 Ovid.
1463 3096 1604 3140 ‘ma-

529 3161 683 3213 num’
728 3169 886 3215 vocat
929 3164 1236 3228 ‘ignaram'
1279 3166 1451 3231 Epist.
1497 3164 1604 3217 He·

531 3236 665 3290 roid.
689 3251 818 3290 vm.
840 3244 953 3291 112.
986 3244 1002 3271 ‘
1023 3241 1220 3306 Ignara
1241 3243 1394 3308 tetigi
1417 3244 1605 3309 Scyria

531 3313 769 3365 membra
790 3315 983 3367 mauu!
1047 3318 1168 3368 Val.
1190 3319 1337 3371 Max.
1363 3333 1431 3370 ιι.
1449 3324 1531 3371 10.
1552 3325 1604 3373 4.

531 3391 874 3457 ’ίίἒιιιιΙιιιςινν
899 3393 1097 3447 dicitur
1130 3395 1336 3461 ‘ignara
1372 3397 1602 3449 fatorum

533 3465 782 3521 suorum.’
845 3469 1024 3536 Atque
1045 3471 1179 3523 adeo
1199 3472 1400 3525 Plinius
1422 3492 1607 3536 ποιητι·

533 3543 743 3608 κότερον
757 3544 904 3608 dicit,
925 3547 1121 3600 nullum
1139 3548 1329 3614 locum,
1343 3551 1452 3601 sive
1475 3552 1605 3617 pub·

529 3618 715 3686 licum,
735 3622 843 3672 sive
868 3623 1148 3688 privatum,
1170 3640 1285 3678 esse
1305 3625 1609 3692 ‘ignarum’

536 3699 648 3750 sive
677 3714 784 3751 non
806 3701 1072 3752 conscium
1103 3709 1160 3753 et
1196 3711 1408 3767 testem,
1442 3704 1608 3756 ‘adu-

534 3775 746 3827 lationis
767 3774 801 3837 ;’
835 3790 990 3843 quam
1010 3778 1026 3806 ‘
1044 3779 1317 3830 misernm'
1350 3782 1611 3846 appellat,

536 3852 666 3916 quia
692 3851 981 3916 hujusmodi
1014 3855 1217 3913 servilis
1247 3855 1480 3908 adulatio
1501 3858 1611 3908 evi·

538 3928 672 3979 dens
708 3939 1069 3993 argumentum
1095 3936 1213 3985 ‘erat
1244 3947 1512 3999 oppressae
1545 3935 1610 3984 li-

536 4004 783 4057 bertatis.
818 4005 1065 4060 Senem.

1728 850 1884 901 landis
1903 851 2049 901 etiam
2064 856 2111 901 et
2132 849 2569 915 comissationibus]
2602 847 2726 899 Haec

1664 939 1923 977 consensu
1945 926 2193 977 librorum
2214 927 2373 977 lectio
2395 933 2498 988 est,
2523 925 2616 975 sed
2639 938 2728 989 pro

1662 1017 1769 1068 qua
1801 1002 2056 1054 arbitrum
2087 1017 2187 1053 non
2218 1002 2426 1067 adigam
2458 1002 2610 1067 quasi
2640 1000 2729 1051 du·

1664 1079 1758 1131 bia
1798 1094 2008 1137 caussa,
2059 1093 2180 1130 narn
2236 1079 2478 1144 profecto
2520 1093 2731 1128 com-

1661 1156 1877 1208 mnibus
1923 1156 2223 1221 legendum.
2285 1156 2576 1207 Suetonius
2628 1154 2732 1205 Au·

1665 1242 1836 1300 gusto,
1868 1234 2161 1300 ‘Componi
2201 1234 2398 1299 aliquid
2445 1233 2513 1284 de
2552 1246 2631 1298 se,
2661 1232 2734 1289 ni·

1663 1314 1708 1364 si
1746 1319 1802 1363 et
1841 1313 1997 1378 serio,
2027 1321 2084 1363 et
2114 1327 2146 1363 a
2181 1311 2643 1377 praestantissimis,
2664 1307 2734 1360 of·

1667 1387 2002 1452 tendebatur,
2023 1388 2439 1453 admonebatque
2464 1392 2735 1452 praetores.

1664 1478 1732 1518 ne
1754 1473 2064 1533 paterentur
2098 1480 2284 1517 nomen
2318 1480 2467 1516 suum
2498 1461 2736 1514 commis·

1666 1545 1894 1596 sionibus
1916 1541 2243 1595 obsolefieri.'
2311 1542 2466 1607 Apud
2481 1542 2736 1591 Senecam

1666 1636 1868 1688 qunque
1902 1620 2078 1686 Epist.
2104 1634 2319 1671 uxxv.
2350 1618 2439 1670 ubi
2476 1619 2735 1681 vulgatur,

1667 1700 1686 1730 ‘
1702 1700 1765 1749 In
1785 1697 2245 1751 comessationibus
2260 1695 2454 1747 nostris
2476 1696 2601 1759 plus
2622 1705 2739 1744 can·

1670 1782 1842 1827 torum
1860 1782 1964 1838 est,
1976 1789 2129 1840 quam
2147 1773 2202 1823 in
2228 1773 2436 1824 theatro
2451 1772 2579 1821 olim
2597 1782 2741 1835 spec-

1670 1859 1897 1904 tatorum
1939 1849 2077 1916 fuit,'
2108 1851 2162 1902 iu
2200 1848 2478 1901 Leodiensi
2519 1846 2741 1914 quodam

1669 1931 1776 1982 Ms.
1806 1928 1946 1994 quod
1979 1928 2228 1990 tractavi,
2251 1926 2387 1977 bene
2413 1931 2499 1976 est
2527 1923 2740 1975 conatis·

1669 2006 1899 2058 sionibus.
1945 2005 2118 2056 Livin.

1736 2085 2084 2149 Imperatorum
2137 2078 2291 2146 ludis]
2349 2079 2617 2146 Opinatus
2666 2083 2743 2128 est

1671 2160 1899 2226 Lipsius,
1920 2160 2006 2211 hic
2030 2158 2200 2208 verius
2221 2157 2289 2208 de
2328 2171 2431 2207 uno
2465 2156 2552 2218 agi
2581 2155 2740 2219 impe·

1670 2247 1867 2302 ratore,
1901 2238 1989 2303 qui
2014 2235 2184 2287 nimiis
2208 2243 2396 2299 captus
2432 2232 2599 2284 fuerit
2623 2231 2744 2282 adu·

1669 2315 1977 2376 lotionibus,
2006 2319 2063 2364 et
2094 2313 2170 2363 ita
2202 2310 2483 2375 singularia
2515 2308 2743 2360 scriben-

1671 2393 1797 2446 dum
1811 2405 1944 2454 esse,
1959 2388 2262 2455 imperatoris
2271 2403 2292 2448 ,-
2320 2386 2406 2438 cui
2422 2387 2742 2451 conjecture

1672 2471 1882 2521 videtur
1925 2466 2204 2520 subvenire
2254 2464 2423 2516 codex
2476 2477 2649 2528 meus,
2691 2468 2745 2511 et

1670 2544 2102 2610 salisburgensis.
2186 2542 2292 2593 Sed
2346 2541 2468 2591 nolo
2524 2539 2747 2604 rejicere

1672 2625 1954 2677 lectionem
1971 2622 2234 2684 vulgatam
2252 2634 2270 2680 ;
2293 2633 2413 2669 cum
2429 2618 2617 2683 utique
2639 2615 2745 2682 plu-

1675 2716 1761 2752 nes
1817 2699 2015 2750 fuerint
2058 2697 2202 2748 iuter
2256 2696 2622 2761 imperatores,
2659 2691 2746 2758 qui

1676 2778 1875 2844 apertis
1896 2774 2247 2842 propitiisque
2265 2772 2479 2822 auribus
2498 2782 2746 2833 recepere

1676 2855 2031 2907 adulationem
2054 2867 2073 2915 ς
2123 2857 2314 2915 utpote
2367 2864 2485 2915 quie
2541 2861 2748 2912 semper

1675 2946 1881 2998 magum
1902 2929 2130 2981 fortune
2153 2941 2330 2978 comes
2351 2933 2450 2989 cst,
2474 2930 2534 2976 ut
2556 2924 2747 2975 Vellei·

1679 3025 1740 3062 us
1761 3010 1859 3071 ait,
1882 3021 1947 3060 ιι.
1972 3010 2087 3057 104.
2153 3005 2219 3057 In
2245 3019 2360 3054 meo
2381 3003 2567 3053 codice
2591 3002 2748 3052 libra·

1678 3089 1788 3140 rius
1833 3086 2020 3137 vitiose
2060 3084 2344 3149 inepteque
2382 3078 2601 3144 scripsit
2644 3093 2748 3129 osas

1677 3163 1806 3216 ludis
1818 3179 1840 3223 ,-
1871 3177 1987 3214 cum
2011 3159 2310 3226 praepositio
2321 3172 2429 3209 cunt
2445 3156 2747 3223 neutiquam

1677 3242 1779 3293 buc
1798 3238 2041 3306 quadret.
2072 3235 2318 3287 Solitum.

1744 3319 1814 3369 Et
1851 3312 2280 3376 comissationibus]
2333 3310 2468 3362 Haec
2506 3314 2747 3363 constans

1680 3395 1840 3447 lectio
1871 3394 1926 3445 iu
1956 3392 2192 3443 omnibus
2215 3388 2426 3452 scriptis
2447 3385 2750 3450 excusisque

1682 3469 2071 3536 exemplaribus
2093 3468 2259 3518 locutu
2279 3464 2494 3525 habuit;
2529 3463 2628 3513 etsi
2640 3461 2746 3526 jam

1682 3548 1948 3603 Livineius
1982 3544 2264 3607 censuerit,
2285 3557 2380 3607 pro
2406 3536 2749 3592 comissatio&-

1681 3623 1788 3689 bus,
1810 3623 2087 3690 legendum
2120 3634 2235 3671 esse
2266 3616 2688 3675 commissionibus,
2715 3614 2749 3665 i.

1681 3717 1733 3754 e.
1772 3698 2144 3752 certaminibus
2180 3694 2456 3762 po'e’tarum
2489 3701 2546 3745 et
2577 3699 2746 3744 orato·

1682 3793 1833 3840 rum3
1865 3777 1990 3842 quia
2011 3774 2123 3839 ,iam
2148 3773 2441 3836 Augustus,
2465 3776 2601 3821 teste
2624 3769 2746 3819 Sue·

1682 3864 1797 3908 ton.
1834 3855 1974 3919 Aug.
2025 3869 2075 3904 c.
2101 3855 2182 3904 89.
2213 3849 2442 3902 offensus
2471 3849 2544 3899 sit
2575 3850 2591 3878 ‘
2612 3861 2747 3898 com·

1684 3933 1807 3999 poni
1840 3930 2035 3997 aliquid
2070 3929 2138 3980 de
2163 3943 2240 3991 se,
2259 3927 2357 3977 nisi
2377 3932 2435 3977 et
2456 3926 2610 3989 serio,
2629 3931 2685 3976 et
2715 3938 2747 3974 a

1681 4007 2153 4078 prestantissimiu
2176 4004 2607 4068 admonueritque
2621 4014 2746 4066 pre·

620 4083 857 4135 Manebat
895 4087 1097 4149 inam
1116 4101 1140 4147 ,·
1189 4088 1322 4155 σιιιιι]
1378 4088 1612 4143 Manebat
1686 4096 1921 4151 tores,ue
1937 4091 2602 4151 paterenturnomensuum
2614 4091 2746 4130 com·

539 4173 650 4213 cun
686 4160 854 4213 Liviu.
887 4161 943 4212 in
978 4169 1114 4215 text.
1149 4165 1242 4215 sed
1277 4168 1331 4216 in
1361 4168 1615 4233 margine,
1685 4163 2013 4218 missionibus
2031 4159 2358 4213 obsolefieri?
2423 4159 2631 4222 Lipsius
2651 4155 2747 4207 eti·

543 4236 773 4288 Manebat
803 4251 990 4301 gaam
1013 4240 1075 4293 V.
1140 4243 1287 4310 Lego
1320 4242 1524 4309 ignom
1545 4259 1614 4298 ex
1688 4259 1771 4296 am
1804 4239 2072 4307 professus
2100 4248 2200 4299 est,
2221 4237 2407 4301 sejam
2429 4236 2554 4287 olim
2578 4244 2744 4284 mouu-

543 4311 618 4369 G.
639 4311 707 4365 R.

1686 4320 1812 4387 isse,
1837 4314 2240 4370 commissionibus
2275 4312 2378 4379 legi
2412 4325 2602 4380 posse;
2629 4320 2744 4362 natu
