3017 4942
802 423 867 474 c.
912 420 1157 471 eamn
1206 418 1543 470 saeuum
1595 421 1872 470 uuae.
1946 424 1996 471 1.
2026 406 2132 474 88.

366 567 464 625 bujs
487 565 540 616 iu
564 565 692 616 locis
716 566 925 627 Cicero,
947 572 1004 616 nt
1019 565 1176 616 Orat.
1196 579 1290 629 pro
1314 565 1432 633 Mu·

368 660 513 707 rena,
544 658 660 708 cap.
694 648 779 694 31.
813 643 829 670 ⁴
854 643 983 696 Quis
1022 643 1084 694 C.
1108 643 1269 694 Laelio
1293 643 1431 706 sapi-

367 723 535 775 entior
555 721 594 772 2³
637 723 766 773 Nat.
798 723 966 773 Deor.
1002 735 1093 772 ιιι.
1122 725 1172 771 2.
1204 722 1221 751 ‘
1245 719 1432 773 Habeo

299 806 308 814 ‘
367 800 429 850 C.
463 800 681 851 Laelium
708 813 974 862 augurem,
997 798 1330 862 eundemque
1352 813 1432 848 sa-

365 878 615 941 pientem.
636 876 651 898 '
741 879 822 927 De
861 876 1028 927 Clau-is
1063 875 1333 927 Oratorib.
1367 889 1432 925 11.

363 960 449 1005 21.
507 956 591 1005 De
633 952 790 1004 offic.
826 966 894 1004 ιι.
928 959 1011 1004 11.
1043 954 1059 982 ‘
1086 953 1342 1002 viriatum
1369 952 1431 1002 C.

363 1032 576 1095 Laelius,
621 1033 683 1096 is,
723 1032 812 1097 qui
862 1031 1084 1093 Sapiens
1131 1036 1428 1094 usurpatur,

366 1117 563 1173 praetor
587 1108 785 1173 fregit?
817 1109 971 1158 Idem.

425 1185 682 1249 Sapientia
704 1185 873 1248 Latii]
908 1185 1097 1234 Cicero
1121 1197 1215 1246 pro
1231 1183 1429 1233 Murae-

361 1276 461 1311 na:
498 1262 514 1289 ‘
535 1263 664 1314 Quis
684 1262 841 1323 Laelio
860 1261 1083 1311 comior?
1113 1260 1229 1324 quis
1238 1261 1428 1324 jucun-

361 1339 509 1389 dior?
550 1340 664 1404 quis
698 1340 786 1389 illo
820 1337 1060 1403 gravior?
1083 1337 1196 1402 quis
1222 1337 1425 1399 sapien·

364 1417 463 1471 tior
477 1416 514 1464 Ρ
547 1418 733 1467 Dictus
759 1423 930 1468 autem
955 1416 1202 1480 sapiens?
1223 1424 1280 1466 ut
1301 1416 1427 1465 Plu·

362 1493 569 1545 tarchus
606 1492 969 1559 refert,quod‚
1005 1492 1316 1543 adversante
1351 1492 1426 1540 lo·

358 1571 624 1633 eupletum
644 1568 894 1627 factione,
926 1569 1135 1620 destitit
1158 1582 1426 1619 succurre-

360 1648 534 1710 relegi
557 1646 792 1710 agraria.
827 1646 981 1696 Bm.

423 1724 635 1789 Metelli]
668 1724 737 1774 Et
762 1724 821 1773 L.
843 1722 1065 1786 Caecilii,
1097 1722 1187 1787 qui
1222 1723 1337 1787 pius
1370 1721 1422 1771 iu

358 1800 501 1851 Deos
522 1802 641 1862 fuit,
664 1809 851 1863 erepto
882 1815 947 1850 ex
984 1800 1223 1850 incendio
1249 1799 1424 1849 Palla-

357 1877 466 1937 dio,
481 1878 652 1941 (Ptin.
671 1877 813 1927 Hist.
832 1877 957 1928 Nat.
974 1891 1083 1927 vn.
1100 1880 1183 1926 43.
1206 1877 1423 1940 Dionys.

357 1953 618 2020 Antiquit.
656 1955 743 2005 lib.
768 1953 863 2020 ιι.)
891 1961 946 2004 et
980 1955 1048 2006 Q.
1081 1956 1307 2011 Metelli,
1333 1955 1420 2018 qui

356 2032 472 2095 pius
514 2033 567 2082 iu
615 2041 838 2096 patrem,
885 2047 1040 2095 quem
1074 2032 1320 2095 lacrymis
1364 2039 1421 2081 et

353 2108 598 2170 precibus
620 2108 687 2157 ab
708 2108 865 2158 exilio
899 2108 1203 2169 revocavit;
1235 2107 1321 2158 cui
1354 2109 1418 2158 P.

355 2185 541 2234 Furius
580 2184 702 2235 trib.
743 2185 884 2249 pleb.
929 2185 1229 2235 resistebat.
1295 2186 1420 2236 Val.

354 2261 500 2312 Max.
525 2275 579 2310 v.
600 2267 651 2313 2.
670 2265 720 2311 7.
753 2262 904 2311 Idem.
967 2326 970 2331 ἡ

420 2338 633 2402 Metelli]
690 2338 909 2391 Quincti
953 2352 1144 2403 nempe
1191 2337 1417 2401 Metelli,

352 2415 578 2466 maxima
632 2415 832 2479 pietate
896 2415 949 2464 ia
1009 2425 1209 2477 patrem
1268 2416 1416 2471 clari,

351 2505 506 2555 quem
550 2492 789 2557 lacrymis
828 2492 894 2539 ab
932 2491 1091 2542 exilio
1137 2494 1416 2541 revocavit.

331 2567 648 2619 ‘Memoraut
671 2569 790 2619 Val.
817 2569 963 2619 Max.
989 2581 1040 2618 vt.
1062 2573 1112 2617 2.
1135 2576 1189 2618 et
1214 2567 1413 2633 Appia·

350 2658 447 2694 nus
473 2644 630 2696 Alex.
647 2645 714 2694 de
748 2646 909 2695 Bellis
944 2645 1056 2696 Civ.
1077 2646 1173 2709 lib.
1201 2661 1239 2697 1.
1306 2646 1413 2696 Sed

349 2720 593 2771 laudatur
631 2722 787 2771 etiam
823 2738 856 2772 a
897 2723 1071 2772 Plinio
1105 2723 1311 2785 Majore
1356 2731 1412 2775 et

349 2797 603 2863 Dionysio
633 2799 900 2849 Halicarn.
933 2799 994 2848 L.
1016 2800 1259 2850 Caecilius
1296 2800 1411 2850 Me·

346 2875 525 2936 tellus,
543 2875 631 2940 qui
658 2876 773 2939 pius
807 2877 858 2924 in
897 2876 1039 2926 Deos
1079 2877 1281 2939 extitit,
1303 2891 1411 2926 ser·

348 2957 470 2999 vato
493 2951 560 3001 ab
585 2950 826 3001 incendio
851 2950 1104 3003 Palladio.
1138 2952 1361 3003 Paean-01.

414 3027 534 3077 Nisi
575 3028 659 3092 qai
698 3034 770 3079 est
798 3029 1037 3093 omnibus]
1087 3028 1219 3079 Haec
1255 3029 1412 3079 verba

348 3117 619 3167 perperam
643 3104 831 3154 omissa
855 3105 1042 3154 suntin
1059 3104 1242 3154 codice
1265 3107 1411 3155 Vati-

344 3199 479 3235 cano
520 3189 667 3235 1⁷⁷6.
698 3193 753 3235 et
793 3184 847 3234 in
881 3185 1093 3234 Veneto
1129 3189 1175 3234 1.
1232 3185 1411 3235 Codex

343 3262 628 3313 Vaticanus
654 3265 804 3311 3461.
827 3269 883 3310 et
915 3261 1411 3326 Guelpherbytanus

342 3338 543 3388 habent
578 3336 677 3386 nisi
714 3337 799 3400 aaz·
836 3340 911 3386 est
941 3337 1163 3400 optimae.
1231 3336 1413 3387 Codex

343 3413 584 3463 Venetus
606 3417 656 3462 2.
693 3412 1003 3476 Pataviuus,
1037 3419 1094 3460 et
1126 3427 1291 3475 meus,
1313 3413 1412 3463 nisi

341 3492 511 3554 quint
532 3489 746 3539 ovantibus
763 3488 984 3552 aptitatus.
1022 3487 1217 3538 Eadem
1243 3491 1409 3554 scrip-

343 3576 461 3617 tura
494 3567 678 3617 extitit
712 3580 922 3629 quoque
959 3565 1013 3613 in
1040 3563 1222 3615 codice
1254 3565 1410 3615 Salis·

341 3643 620 3708 burgensi3
656 3641 748 3693 sed
794 3641 1055 3705 posterior
1090 3655 1272 3691 manus
1321 3656 1407 3691 vo-

339 3736 462 3773 cem
476 3722 680 3784 optimu
701 3718 961 3769 convertit
982 3719 1033 3767 in
1057 3718 1265 3782 optimis.
1309 3717 1407 3773 At,

339 3811 441 3862 que
465 3797 539 3847 ita
561 3797 716 3860 vulgo
741 3796 928 3859 ubique
949 3793 1146 3844 editum
1180 3801 1281 3852 est,
1309 3794 1409 3844 nisi

338 3875 421 3940 qui
437 3882 511 3925 est
532 3875 747 3924 omuibus
772 3873 966 3937 optimis
978 3872 1048 3928 ,ia
1075 3887 1163 3923 sua
1183 3873 1407 3937 caiusque

337 3953 475 4001 laude
497 3951 826 4016 prestantior.
889 3948 997 3999 Sed
1022 3950 1136 4014 quis
1172 3963 1273 4001 non
1304 3951 1408 3999 aui-

337 4029 639 4086 madvertit,
655 4027 782 4077 illud
799 4027 989 4092 optimis
1010 4026 1095 4076 hic
1113 4027 1292 4092 utique
1314 4029 1405 4078 ab·

338 4104 558 4163 undare,
583 4105 782 4155 etsine
822 4104 983 4153 dubio
1021 4103 1142 4154 ideo
1176 4105 1407 4168 irrepsis-

336 4274 492 4324 quem
538 4259 788 4322 deinceps
828 4258 1004 4321 plures
1049 4266 1172 4308 suut
1209 4263 1401 4317 secuti,

338 4336 574 4401 proxime
620 4334 1024 4387 antecedentem
1071 4349 1249 4386 vocem
1287 4339 1405 4405 opti·

859 4418 876 4442 8

2398 408 2572 477 1061

1508 579 1615 614 mas
1636 564 1894 616 inutiliter
1919 567 2222 630 repetierit3
2255 581 2408 633 quam
2430 574 2577 633 post·

1505 642 1620 693 haec
1643 643 1750 700 alii,
1775 643 1911 693 sicut
1934 644 1985 693 in
2009 644 2189 695 codice
2210 645 2575 710 Salisburgen·

1505 720 1549 770 si
1586 720 1990 779 observa-timus„
2012 731 2067 770 ut
2090 736 2154 772 ea
2182 737 2300 772 cum
2324 737 2452 783 voce
2475 738 2572 773 om-

1504 794 1646 846 nibus
1687 797 2012 854 conveniret,
2054 798 2105 846 iu
2150 812 2322 848 casum
2366 803 2573 849 sextum
2675 846 2680 851 ,

1505 873 1699 938 optimis
1741 881 2027 924 mutarunt.
2093 875 2227 927 Quae
2270 874 2572 940 corruptela

1505 951 1661 1000 etiam
1685 950 1914 1001 suboluit
1939 950 2208 1011 Gesner03
2236 950 2357 1000 inde
2374 951 2425 1001 in
2442 952 2573 1002 alte·

1506 1041 1563 1083 ra
1581 1026 1810 1077 editione
1834 1041 2013 1077 vocem
2033 1027 2224 1090 optimis
2247 1028 2453 1077 curavit
2476 1043 2570 1078 un-

1505 1105 1634 1154 cinis
1688 1103 2077 1164 includendam,
2124 1110 2370 1168 tanquam
2419 1104 2573 1155 nimis

1503 1181 1877 1242 luxuriantem,
1918 1186 1974 1229 et
2025 1178 2162 1230 forte
2207 1180 2573 1244 imprudenter

1493 1267 1708 1308 tantum
1734 1258 1834 1310 ltuc
1868 1259 2086 1307 relatam
2124 1273 2187 1307 ex
2225 1258 2574 1321 praecedenti·-

1504 1335 1619 1384 bus.
1686 1334 1950 1393 Ceterum,
1987 1334 2039 1383 in
2077 1334 2415 1397 sequentibus
2456 1349 2574 1384 ver-

1504 1414 1603 1472 bis,
1625 1413 1675 1464 in
1707 1429 1795 1464 aaa
1817 1413 2040 1476 cuiusque
2073 1414 2208 1463 laude
2239 1413 2569 1476 praestantior,

1502 1491 1793 1541 Pataviuus
1811 1490 1998 1546 codex,
2022 1498 2077 1539 et
2099 1491 2234 1539 liber
2266 1490 2451 1546 Vossii‚
2473 1505 2572 1555 pro

1501 1582 1624 1617 casu
1670 1567 1902 1618 secundo
1940 1567 2182 1631 citiusque,
2224 1576 2570 1632 reposuerunt

1499 1658 1675 1694 casum
1699 1645 1919 1708 primum
1944 1646 2156 1708 quisque.
2189 1644 2459 1695 Scliwarz:

1565 1723 1685 1771 Post
1706 1727 1888 1771 ceteras
1908 1722 2243 1786 appellationes
2262 1721 2363 1771 hoec
2390 1726 2462 1772 est
2483 1724 2572 1773 ad-

1497 1798 1622 1856 dita,
1643 1805 1697 1848 ιιι
1731 1797 1905 1861 maior]
1937 1799 2152 1849 Scilicet
2187 1806 2304 1860 post
2335 1801 2571 1862 appella·

1500 1877 1670 1926 tiones
1690 1878 1705 1905 ⁴
1723 1874 2100 1941 Imperatoris,’
2119 1878 2134 1904 ‘
2151 1875 2405 1938 Caesaris:
2429 1879 2444 1905 ‘
2461 1873 2571 1926 Au·

1498 1952 1674 2017 gusti?
1695 1954 1710 1982 ‘
1730 1951 2071 2014 Germanici,'
2092 1954 2108 1982 ‘
2135 1953 2313 2002 Patris
2337 1952 2521 2016 patriae
2536 1951 2571 2013 ;’

1458 2059 1466 2067 ·
1498 2030 1702 2095 quibus,
1727 2037 1786 2079 ut
1808 2030 2103 2086 Catanaeus,
2125 2036 2178 2078 et
2210 2043 2275 2077 ex
2301 2028 2400 2078 hoc
2428 2029 2569 2079 Bau·

1496 2107 1632 2164 nius,
1651 2107 1761 2171 jam
1798 2107 2018 2163 notavit,
2042 2113 2164 2156 ante
2198 2105 2420 2155 donatus
2453 2111 2568 2154 erat

1494 2185 1772 2248 Trajanus,
1795 2200 1949 2249 quam
1974 2190 1989 2213 ‘
2005 2183 2281 2248 Optimus’
2305 2184 2566 2246 cognomi·

1493 2264 1729 2311 naretur‘.
1814 2263 1877 2312 In
1924 2262 2185 2311 Patavino
2226 2260 2429 2318 codice,
2469 2273 2566 2321 pro

1495 2352 1626 2388 voce
1647 2339 1835 2398 addita,
1859 2339 2052 2403 legitur
2078 2339 2272 2397 debita3
2306 2338 2436 2388 etin
2464 2338 2568 2386 Pa·

1493 2414 1698 2465 risiensi
1725 2416 1966 2465 inseritur
1990 2416 2109 2473 alia,
2132 2416 2317 2472 addita,
2341 2420 2394 2464 ut
2416 2414 2568 2464 amat·-

1490 2490 1581 2541 bas
1606 2493 1771 2554 maior.
1840 2493 1949 2542 Nos
1975 2501 2145 2541 tamen
2169 2493 2298 2542 nihil
2330 2491 2451 2543 inde
2473 2507 2565 2541 no·

1492 2584 1670 2618 vamns
1695 2570 1746 2618 in
1773 2569 2000 2618 lectione
2028 2570 2254 2631 vulgata·
2288 2569 2439 2619 Idem.

1555 2646 1746 2710 Major]
1779 2647 2026 2698 Omnino.
2071 2648 2265 2697 Cetera
2286 2647 2421 2697 enim
2441 2660 2564 2710 cog·

1488 2727 1716 2783 nomina,
1758 2733 1773 2754 ‘
1797 2724 1980 2782 Felix‚'
2014 2728 2030 2753 ‘
2055 2723 2222 2784 Pius,'
2255 2730 2270 2754 ‘
2298 2713 2563 2786 Magnus’

1488 2802 1634 2868 (quae
1668 2804 1685 2830 ‘
1711 2802 1919 2868 nomina
1966 2799 2168 2851 fausta'
2213 2801 2360 2850 Suet.
2392 2800 2561 2864 Calig-

1486 2894 1606 2943 cap.
1634 2884 1713 2930 13.
1747 2881 1763 2909 ‘
1785 2879 1990 2929 uomina
2017 2877 2376 2941 triumphalia·
2410 2878 2565 2927 Lam-

1489 2957 1659 3020 pridio
1704 2957 1756 3006 in
1797 2954 2112 3019 Commodo)
2144 2955 2359 3005 ‘honori
2397 2953 2562 3005 data?

1485 3033 1611 3083 Seu.
1632 3034 1796 3083 Clem.
1822 3046 1861 3082 ι.
1883 3032 1974 3082 14.
2001 3033 2149 3082 Rern.

1553 3111 1626 3159 Et
1667 3109 1962 3174 Augustum]
2017 3109 2196 3159 Codex
2242 3107 2560 3158 Parisiensis

1488 3182 1638 3234 addit
1662 3185 1873 3235 verbum
1896 3185 2015 3248 dici,
2038 3192 2097 3234 ut
2132 3186 2208 3233 sie
2238 3186 2489 3250 legamus,
2511 3190 2563 3234 ει

1487 3263 1762 3326 Augustam
1782 3263 1916 3321 ἀίεις
1950 3262 2088 3329 quod
2113 3262 2322 3312 verbum
2347 3277 2451 3312 non
2476 3277 2556 3312 re-

1474 3339 1715 3403 jicerem,
1737 3340 1778 3389 si
1800 3340 1852 3390 in
1879 3340 2114 3404 pluribus
2136 3339 2280 3389 libris
2299 3340 2559 3404 reperire-

1486 3425 1589 3466 tur.
1656 3417 2117 3481 Negligentissime
2151 3426 2324 3468 autem
2359 3418 2559 3468 librarii

1485 3492 1683 3543 codicis
1708 3495 2141 3560 salisburgensis,
2162 3504 2217 3546 et
2241 3495 2360 3558 mei,
2383 3495 2557 3545 verbis

1483 3571 1578 3627 liis,
1597 3586 1739 3633 quam
1758 3572 1973 3620 omnibus
1986 3571 2363 3634 imperatoribus,
2376 3577 2425 3621 ει
2447 3573 2555 3622 Coe·

1482 3647 1687 3703 naribus,
1723 3654 1774 3697 et
1802 3648 2058 3711 Augustis,
2097 3647 2304 3712 penitus
2335 3649 2554 3715 omissis,

1483 3723 1759 3787 scripsere.
1803 3725 1974 3773 Minas
2014 3729 2089 3773 est
2125 3725 2269 3782 enim,
2303 3725 2557 3789 imperato-

1481 3814 1600 3855 rem,
1640 3804 1690 3848 et
1736 3800 1992 3860 Coesarem,
2031 3805 2079 3849 et
2121 3803 2412 3864 Augustum,
2452 3817 2555 3853 esse

1480 3877 1738 3926 meliorem.
1775 3876 2040 3926 Schwarz.
2320 3912 2322 3916 »

1549 3955 1737 4004 Parem
1773 3953 2015 4004 hominum
2045 3953 2371 4018 Dent-amque]
2422 3956 2552 4006 Ine.

1479 4030 1725 4096 Jupiter-3
1760 4046 1897 4088 nam,
1921 4032 2160 4081 tradente
2190 4032 2302 4081 Cic.
2323 4032 2389 4081 de
2423 4033 2559 4084 Nat,

1482 4110 1646 4158 Deor.
1683 4121 1746 4160 ιι.
1781 4111 1866 4157 25.
1904 4107 1919 4133 ‘
1943 4106 2067 4169 Ipse
2100 4106 2328 4170 Jupiter,
2361 4106 2413 4157 id
2449 4115 2554 4171 est,

233 4198 241 4205 ·
335 4197 413 4241 se,
451 4183 588 4245 quod
630 4182 855 4232 oscitans
900 4180 1110 4245 quidam
1146 4181 1408 4248 librarius,
1470 4185 1663 4247 juvans
1698 4185 1893 4245 Pater;
1933 4199 2084 4248 quem
2120 4185 2385 4234 conversis
2419 4186 2554 4235 casi-

1481 4262 1585 4315 bus
1614 4261 1938 4327 appellamus
1973 4275 2005 4310 a
2031 4259 2264 4324 juvando
2291 4261 2497 4317 Jovem,
2521 4277 2553 4311 a

1481 4337 1653 4412 poetis
1685 4337 1844 4388 Pater
1868 4336 2165 4403 Divumque
2188 4337 2550 4403 hominumque
