3017 4942
699 431 764 479 o.
810 429 1058 479 Ριιιιιι
1105 428 1441 480 securam
1493 429 1770 480 Panno.
1852 431 1899 479 ι.
1943 417 2055 482 77.

270 572 462 623 omissa
512 573 768 638 particula
805 580 920 637 tam,
964 574 1226 639 proditum
1265 581 1350 624 est

272 650 476 716 officium
510 654 776 710 modicumg
812 662 867 700 at
901 653 950 701 in
984 652 1166 702 codice
1199 650 1348 699 Pari·

272 727 455 787 aiensi,
485 732 540 776 et
577 728 686 776 aliis
706 726 1036 791 quibusdam,
1074 726 1234 775 etiam
1261 740 1347 774 co·

275 804 401 864 pula
422 819 511 866 que
530 804 830 868 adjungitur
861 803 1098 866 sequenti
1123 802 1348 864 particu-

276 879 368 942 lae,
399 885 584 942 tumque
619 884 970 944 ιευιρεναίιυιις
1005 892 1156 943 quam
1191 893 1349 942 copu-

276 956 381 1004 lam
406 955 584 1004 lubens
607 955 811 1005 admisi.
846 956 1096 1005 Schmun.

348 1030 593 1096 Officium]
637 1031 762 1093 Ipsi.
804 1031 892 1094 qui
934 1030 1220 1086 deducunt,
1259 1036 1353 1080 aut

278 1108 617 1158 comitantur.
666 1107 886 1156 Ovidius
904 1123 921 1156 ε
954 1107 1233 1156 ‘Substitit
1251 1106 1352 1170 hic,

278 1197 572 1247 agmenque
606 1198 753 1232 suuni
794 1184 1064 1247 turbasque
1090 1184 1352 1247 sequentis

281 1257 549 1315 Officium,
573 1259 779 1321 placido
801 1260 937 1309 visus
957 1260 1224 1321 dimittere
1243 1258 1354 1307 vul-

281 1333 378 1385 tu.⁸
444 1335 746 1398 Suetonius,
768 1335 988 1397 Seneca,
1013 1336 1119 1384 alii.
1154 1335 1290 1397 Lips.

350 1411 625 1474 Modicum]
653 1413 773 1461 Non
797 1410 1045 1474 frequens
1085 1420 1177 1460 aut
1214 1425 1354 1474 mag·

284 1500 441 1536 num:
479 1496 536 1537 ut
563 1488 750 1537 divites
787 1487 859 1536 illi
896 1488 1104 1551 agmina
1132 1493 1253 1537 -tota
1276 1500 1353 1534 so-

284 1563 401 1613 lent
423 1563 647 1612 trahere·
671 1563 836 1613 Idem.

349 1637 547 1702 Aliquis
585 1654 876 1702 magnusque
913 1639 1097 1704 consul]
1148 1639 1359 1702 Aliquis·

280 1731 376 1780 que
394 1732 594 1779 magnus
614 1718 1030 1768 consu1Mvin.in
1053 1725 1232 1779 textu3
1264 1717 1358 1766 sed

284 1794 340 1843 iu
377 1794 631 1859 margine,
659 1795 836 1858 aliquis
868 1808 1162 1858 magnusque
1198 1795 1361 1842 consui

352 1943 600 2009 Antiqua·
633 1947 810 2010 uliquis
846 1961 1138 2009 magnusque
1178 1944 1361 2009 consul]

293 2021 475 2071 Consul
495 2036 715 2083 mag-nus,
738 2023 904 2087 qualis
944 2031 1059 2072 erat
1097 2023 1148 2070 in
1187 2022 1357 2085 pristi-

290 2109 358 2145 na
385 2095 682 2159 reipublicae
709 2096 973 2146 libertate.
1041 2097 1183 2146 Olim
1211 2099 1362 2157 vulgo

290 2173 491 2222 editum
516 2181 617 2234 est,
631 2174 855 2236 antiquus
877 2173 1143 2237 aliquisque
1161 2188 1365 2235 maguus

289 2251 468 2299 consul.
535 2250 730 2299 Verum
778 2252 828 2298 in
877 2250 1141 2301 codicibus
1187 2249 1365 2299 vatic.

293 2324 598 2387 Parisiensi,
625 2325 1025 2388 salisburgensi,
1050 2327 1363 2390 Guelpbico,

292 2408 351 2450 et
395 2408 620 2466 utroque
664 2402 887 2459 Veneto,
930 2403 1119 2466 copula
1152 2418 1242 2465 que
1284 2417 1365 2452 se·

293 2478 481 2542 quenti
501 2478 617 2526 voci
656 2492 873 2540 mugnus,
903 2478 1060 2540 idque
1083 2478 1363 2528 commodi-

295 2568 376 2615 us,
394 2553 743 2617 subjungitur.
811 2552 1070 2617 Denique,
1097 2555 1151 2603 iu
1182 2553 1365 2603 codice

295 2631 557 2680 Vaticano
582 2632 728 2679 14⁷5.
762 2630 816 2680 in
852 2631 1134 2692 Patavino,
1158 2640 1213 2681 et
1236 2630 1368 2681 libro

295 2707 575 2762 Vossiano‚
609 2708 731 2754 item
768 2714 825 2756 et
860 2707 911 2755 in
946 2706 1243 2769 Puteolani,
1265 2708 1367 2756 Be·

297 2782 487 2839 rosidi,
524 2781 830 2845 Philomusi,
871 2796 932 2830 sc
967 2782 1202 2831 Rbeuaui
1222 2782 1368 2831 libris

299 2859 582 2924 impressis,
610 2873 705 2922 pro
729 2858 890 2907 verbo
924 2857 1160 2922 incedere,
1181 2859 1368 2909 vitiose

297 2934 667 3001 proditum-est
691 2935 1000 2984 intercedere.
1035 2935 1289 2984 Schwarz.

356 3013 593 3067 ,Incedere
614 3010 878 3072 videretur]
912 3010 1214 3060 Intercedere
1239 3012 1369 3061 vide·

299 3092 439 3138 retur
459 3087 590 3137 edit.
615 3089 850 3137 Rhenan.
870 3086 963 3136 sed
993 3087 1210 3136 incedere
1239 3087 1370 3136 vide·

299 3170 439 3217 retur
472 3163 667 3213 Faber.
1359 3205 1363 3209 ,

370 3241 507 3292 CAP.
529 3253 744 3291 Lxxvu.
778 3239 885 3288 Iler
904 3239 980 3288 iun·
1005 3239 1206 3303 sepius]
1241 3240 1373 3288 Pro·

301 3315 498 3367 nomini
532 3314 626 3371 iai,
649 3314 789 3378 quod
818 3313 1035 3379 respicit
1069 3315 1377 3377 Trajanum,

301 3394 502 3443 inertes
548 3392 748 3441 librarii
791 3392 994 3440 literam
1039 3407 1082 3454 s,
1128 3391 1265 3441 forte
1310 3408 1376 3441 cx

302 3468 745 3532 initio-sequentis
762 3469 901 3516 vocis
921 3468 1115 3530 saepius,
1137 3466 1375 3518 affricue-

302 3558 394 3606 re;
430 3543 568 3594 unde
608 3545 658 3592 in
702 3543 969 3593 codicibus
1015 3544 1144 3595 Mss.
1182 3544 1377 3593 Parisi-

304 3621 436 3676 eusi‚
468 3626 690 3683 utroque
716 3618 955 3676 Veneto‚·
976 3620 1379 3682 Salisburgeusi,

306 3695 589 3756 Patavino,
613 3703 667 3743 et
703 3695 834 3745 libro
858 3694 1133 3752 Vossiano,
1158 3711 1251 3760 pro
1281 3696 1377 3752 illi,

305 3772 502 3836 legitur
523 3771 659 3829 illis5
688 3769 824 3835 qnod
863 3771 1106 3822 mendum
1141 3774 1302 3821 etiam
1326 3773 1378 3821 in

307 3848 587 3898 Puteolani
603 3848 791 3897 librum
812 3847 1124 3897 transfusum
1145 3855 1245 3897 est.
1278 3848 1379 3897 Vo-

307 3924 553 3977 cabulum
594 3938 719 3972 vero
756 3923 872 3981 iter,
907 3939 938 3973 a
971 3925 1152 3986 supino
1188 3922 1382 3982 ‘itum‚’

308 4000 458 4051 verbi
492 3999 623 4057 ‘eo,'
660 4000 876 4056 dietum,
900 4000 1051 4049 modo
1074 4001 1263 4062 locum,
1289 4014 1381 4063 per

308 4090 462 4140 quem
501 4076 628 4137 itur,
660 4074 813 4124 modo
848 4083 1025 4127 actum
1061 4083 1117 4125 et
1154 4076 1381 4125 laborem

311 4151 486 4208 eundi,
498 4150 650 4200 modo
657 4150 744 4213 jus
762 4149 1109 4211 eundi,notat.
1142 4151 1197 4200 Si
1214 4150 1384 4201 locum

310 4228 489 4288 eundi,
524 4228 678 4281 modo
713 4227 920 4290 longum
956 4234 1009 4276 et
1051 4229 1383 4291 peregrinum

313 4305 609 4370 significan
643 4312 703 4357 ut
738 4312 821 4356 est
858 4304 996 4369 apud
1033 4305 1175 4357 Plin.
1211 4305 1385 4370 Epist.

1421 587 1485 625 ιι.
1530 579 1611 624 17.
1658 574 1805 625 ‘Iter
1849 576 2150 636 arenosum,
2183 574 2391 638 gravius
2436 583 2495 626 et

1423 651 1678 714 lougiusz'
1714 652 1865 701 modo
1900 651 2159 715 siguificat
2192 651 2351 701 breve
2375 652 2497 715 iter,

1423 726 1583 775 etiam
1609 728 1746 775 intra
1763 728 1926 789 ipsam
1947 726 2160 776 urbem:
2196 725 2332 777 sicut
2356 727 2494 777 enim

1424 803 1547 852 urbs
1573 804 1739 852 Roma
1761 804 1815 852 in
1840 803 2227 864 quantuordecim
2259 803 2497 865 regiones

1426 879 1492 928 ab
1530 879 1772 942 Augusto
1805 880 1974 929 divisa
2009 887 2152 942 erat;
2186 880 2259 928 ita
2296 878 2496 943 quaevis

1334 976 1339 987 ·
1427 956 1575 1019 regio
1608 956 1766 1006 etism
1807 965 1950 1007 certa
1990 956 2196 1013 itinera,
2218 956 2328 1005 sive
2361 955 2498 1010 loca,

1426 1031 1787 1094 babebat,·per
1810 1048 1924 1097 que
1950 1033 2131 1095 iretur,
2146 1047 2263 1098 quae
2284 1037 2338 1082 et
2359 1032 2502 1082 dicta

1429 1115 1550 1156 sunt
1606 1115 1621 1137 ‘
1651 1108 1889 1170 plateae!
1953 1110 2123 1159 Tacit.
2167 1108 2358 1159 Annal.
2400 1112 2501 1158 κν.

1428 1185 1511 1231 38.
1550 1182 1617 1232 de
1661 1183 1953 1247 hujusmodi
1999 1184 2274 1233 itineribus
2309 1184 2503 1234 veteris

1431 1258 1574 1307 urbis
1601 1274 1614 1304 ι
1646 1261 1662 1286 ‘
1683 1258 1967 1320 Obnoxis,’
1990 1261 2179 1324 inquit,
2210 1260 2365 1310 ‘urbe
2389 1274 2503 1310 sre-

1434 1334 1500 1382 tis
1537 1333 1832 1396 itineribus,
1851 1335 2056 1398 hucque
2086 1343 2141 1384 et
2167 1335 2291 1385 illuc
2317 1334 2506 1386 flexis-⁹

1432 1407 1637 1457 Plinius
1662 1423 1841 1473 supra,
1863 1423 1960 1459 mr.
1986 1415 2034 1459 6.
2068 1416 2082 1439 ⁸
2104 1410 2356 1475 Ingentes
2387 1411 2509 1462 hos·

1431 1484 1623 1535 tiarnm
1659 1500 1841 1549 greges
1876 1501 1970 1549 per
2005 1487 2344 1551 capitolinum
2383 1488 2506 1546 iter,

1433 1575 1621 1624 magna
1645 1562 1723 1611 sui
1752 1571 1901 1626 parte
1927 1565 2069 1612 velut
2105 1563 2407 1625 intercepti,
2429 1563 2506 1611 di-

1435 1645 1644 1687 vertere
1671 1638 1754 1687 via
1777 1639 2137 1702 cogebantur!
2200 1640 2405 1689 Seneca
2436 1640 2509 1689 E-

1435 1714 1560 1778 pist.
1581 1717 1664 1762 31.
1699 1715 1851 1764 simul
1874 1715 1937 1763 de
1962 1715 2173 1765 urbanis
2196 1722 2251 1764 et
2274 1715 2511 1779 peregri·

1435 1789 1514 1839 uis
1548 1789 1853 1839 itineribusz
1891 1791 2090 1840 ‘Turba
2110 1802 2372 1840 servornm
2403 1791 2512 1840 lec·

1436 1866 1597 1915 ticam
1642 1872 1780 1915 tuam
1829 1880 1921 1928 per
1968 1867 2161 1916 itinera
2202 1866 2403 1916 urbana
2446 1879 2509 1916 ac

1435 1943 1712 2006 peregrina
1751 1942 2110 2005 portantium?
2146 1941 2382 1991 -Deinde
2412 1942 2511 1992 iter

1438 2026 1610 2069 aetum
1636 2019 1789 2067 eundi
1823 2025 1874 2066 et
1911 2017 2292 2081 proficiscendi,
2314 2031 2430 2067 cnm
2456 2019 2512 2068 iu

1437 2093 1588 2151 urbe,
1609 2094 1682 2142 uti
1708 2095 1757 2143 in
1779 2095 1878 2144 hoc
1903 2095 2060 2144 Plinii
2090 2096 2205 2145 loco
2230 2112 2247 2157 ς
2284 2103 2508 2146 tum-ex·

1439 2179 1521 2219 tra
1545 2172 1723 2221 urbem
1750 2179 1801 2219 et
1827 2172 1878 2219 in
1904 2172 2192 2234 peregrinis
2221 2172 2510 2236 terris,sig·

1439 2247 1639 2297 nificat.
1676 2248 1764 2297 Sic
1790 2246 1993 2297 Plinius
2013 2249 2212 2312 Paneg.
2235 2262 2334 2298 xx.
2352 2254 2398 2298 1.
2422 2250 2437 2278 ‘
2458 2249 2513 2299 1·

1441 2332 1526 2374 ter
1544 2324 1661 2372 inde
1683 2325 1943 2387 placidum
1959 2339 2018 2374 sc
2039 2322 2368 2376 modestum.’
2393 2325 2514 2377 Quo

1440 2401 1706 2464 pertinent
1748 2401 1903 2450 etiam
1940 2400 2175 2451 formulae
2215 2402 2508 2452 Plinianae:

1436 2477 1635 2525 ‘itineri
1654 2475 1985 2539 pumat-aris
2005 2476 2140 2526 ‘iter
2156 2476 2368 2535 facere,'
2385 2480 2518 2528 ‘iter

1444 2553 1738 2617 peragere‚'
1756 2557 1855 2603 &m
1892 2557 2109 2604 Terent.
2129 2555 2339 2605 Phorm.
2360 2569 2443 2606 ιιι.
2465 2559 2516 2604 3.·

1441 2634 1525 2679 34.
1543 2630 1706 2693 ᾱθριιι
1724 2631 1776 2678 in
1799 2630 1947 2689 urbe,
1982 2638 1997 2660 ⁸
2019 2631 2202 2679 Dicam
2222 2632 2275 2679 in
2291 2631 2516 2683 itinere?

1443 2706 1700 2755 Pliaedrus
1717 2705 1784 2754 de
1805 2706 2021 2768 AEsopo,
2043 2707 2401 2757 circumeunte
2423 2707 2518 2756 dos

1444 2798 1554 2833 mos
1590 2784 1640 2832 iu
1678 2783 1826 2847 urbe,
1862 2797 1950 2833 ιιι.
1977 2788 2057 2834 19.
2091 2792 2105 2814 ⁴
2127 2785 2259 2834 Tum
2296 2787 2517 2835 circum·-

1442 2860 1594 2909 ¹eunti
1610 2857 1784 2908 fuerat
1804 2860 1941 2923 quod
1961 2859 2066 2909 iter
2082 2860 2305 2924 longius,
2327 2859 2522 2911 Effecit

1447 2935 1656 2986 brevius
1682 2952 1695 2985 z
1749 2950 1973 3000 namque
2021 2944 2169 2985 recta
2215 2951 2310 3000 per
2352 2935 2520 2986 forum

1447 3014 1624 3075 Coepit
1664 3011 1877 3062 redire.'

1447 3087 1691 3151 designat
1725 3089 1813 3151 jus
1843 3087 2034 3148 eundi3
2071 3103 2119 3137 v.
2145 3103 2195 3150 g.
2231 3089 2368 3151 apud
2389 3088 2519 3138 Cic.

1358 3194 1365 3203 -
1449 3179 1546 3228 pro
1567 3166 1691 3214 Sex.
1714 3164 1874 3214 Rosc.
1895 3163 2075 3214 Anser.
2112 3180 2161 3214 c.
2181 3169 2243 3215 9.-
2276 3169 2292 3194 ‘
2313 3165 2395 3214 Ne
2419 3166 2523 3214 iter

1450 3241 1659 3303 quidem
1696 3240 1761 3288 ad
1799 3241 2092 3302 sepulcrum
2135 3241 2359 3302 patrium
2403 3241 2525 3290 reli·

1451 3315 1600 3380 quit.’
1667 3316 1985 3378 Pomponius
2018 3315 2084 3364 de
2117 3315 2372 3379 Sepulcro
2395 3316 2524 3365 Vin:-

1453 3391 1581 3452 lato,
1619 3392 1654 3439 l.
1688 3395 1737 3440 6.
1772 3399 1786 3420 ‘
1806 3390 2038 3454 Legibus
2064 3391 2374 3453 praediorum
2398 3405 2526 3440 ven·¹

1453 3467 1746 3516 dundorum
1782 3475 2020 3528 cavetur,
2059 3473 2119 3515 ut
2162 3467 2228 3514 ad
2266 3467 2525 3529 sepulcra,

1454 3559 1570 3609 quae
1608 3544 1659 3592 in
1703 3542 1878 3592 fundis
1916 3551 2054 3597 sunt,
2087 3543 2191 3591 iter
2223 3544 2292 3602 ei,
2329 3542 2525 3601 aditus,

1454 3619 1805 3682 ambitusque,
1839 3617 2038 3667 funeris
2074 3616 2306 3666 faciundi
2340 3631 2529 3666 caussa

1455 3695 1561 3745 sit!
1624 3694 1765 3743 Hine
1801 3696 2082 3743 servitutes
2120 3693 2316 3742 itineris
2348 3692 2412 3741 ad
2444 3706 2529 3742 se·

1458 3770 1718 3834 pulcrum,
1759 3768 1896 3831 apud
1932 3767 2370 3832 jurisconsultos3
2416 3768 2526 3832 qui,

1458 3846 1546 3896 ubi
1562 3846 1629 3895 de
1650 3844 1991 3894 servitutibus
2017 3844 2327 3907 praediorum
2350 3851 2528 3906 egunt,

1458 3925 1616 3974 etiam
1642 3923 1846 3972 solicite
1870 3923 1984 3982 iter,
2006 3936 2037 3970 a
2072 3922 2087 3948 ‘
2106 3920 2226 3982 via,’
2250 3929 2304 3970 et
2327 3929 2342 3951 ⁴
2359 3921 2529 3979 sctis,'

1458 4000 1807 4061 distinguunt.
1874 3994 1960 4047 cf.
1993 4004 2190 4062 praeter
2213 3998 2361 4055 alios,
2385 3999 2527 4061 Byn-

1459 4075 1735 4126 kerslioeck
1759 4074 2035 4123 Observat.
2058 4073 2201 4124 Juris
2234 4075 2384 4124 Rom.
2409 4082 2528 4139 capi

1460 4166 1540 4202 lv.
1562 4156 1613 4201 7.
1667 4151 1747 4199 De
1773 4149 2041 4199 translatis
2065 4148 2529 4213 significationibus

1463 4230 1604 4278 vocis
1637 4224 1897 4276 ‘itineris'
1934 4226 2059 4276 nihil
2081 4223 2268 4276 attinet
2292 4225 2389 4276 hoc
2414 4226 2530 4275 loco

1461 4319 1640 4368 agere.
1671 4304 1915 4354 Sol-mn.
2505 4318 2508 4323 ·

1955 3012 2187 3063 Tandem
2228 3014 2326 3062 iter
2361 3014 2522 3064 etiam
2608 3026 2616 3031 ·
