<?xml version="1.0" encoding="UTF-8"?>
<!DOCTYPE html PUBLIC "-//W3C//DTD XHTML 1.0 Transitional//EN"
    "http://www.w3.org/TR/xhtml1/DTD/xhtml1-transitional.dtd">
<html xmlns="http://www.w3.org/1999/xhtml" xml:lang="en" lang="en">
 <head>
  <title>
</title>
<meta http-equiv="Content-Type" content="text/html;charset=utf-8" />
  <meta name='ocr-system' content='tesseract 3.04.00' />
  <meta name='ocr-capabilities' content='ocr_page ocr_carea ocr_par ocr_line ocrx_word'/>
</head>
<body>
  <div class='ocr_page' id='page_1' title='image "./panegyriciveter01unkngoog_0211.png"; bbox 0 0 3017 4942; ppageno 0'>
   <div class='ocr_carea' id='block_1_1' title="bbox 772 365 2121 434">
    <p class='ocr_par' dir='ltr' id='par_1_1' title="bbox 772 365 2121 434">
     <span class='ocr_line' id='line_1_1' title="bbox 772 365 2121 434; baseline -0.004 -1"><span class='ocrx_word' id='word_1_1' title='bbox 772 384 838 433; x_wconf 84' lang='lat' dir='ltr'><strong>c.</strong></span> <span class='ocrx_word' id='word_1_2' title='bbox 887 381 1137 433; x_wconf 68' lang='lat' dir='ltr'><strong>runnu</strong></span> <span class='ocrx_word' id='word_1_3' title='bbox 1186 380 1521 433; x_wconf 70' lang='lat' dir='ltr'><strong>saeuum</strong></span> <span class='ocrx_word' id='word_1_4' title='bbox 1575 381 1852 432; x_wconf 64' lang='lat' dir='ltr'><strong>ranae.</strong></span> <span class='ocrx_word' id='word_1_5' title='bbox 1928 383 1982 432; x_wconf 89' lang='lat'><strong>1.</strong></span> <span class='ocrx_word' id='word_1_6' title='bbox 2007 365 2121 434; x_wconf 80' lang='lat'><strong>34.</strong></span> 
     </span>
    </p>
   </div>
   <div class='ocr_carea' id='block_1_2' title="bbox 262 527 1408 2416">
    <p class='ocr_par' dir='ltr' id='par_1_2' title="bbox 262 527 1408 2416">
     <span class='ocr_line' id='line_1_2' title="bbox 339 527 1406 593; baseline -0.001 -14"><span class='ocrx_word' id='word_1_7' title='bbox 339 539 438 593; x_wconf 84' lang='lat' dir='ltr'><strong>per</strong></span> <span class='ocrx_word' id='word_1_8' title='bbox 475 527 676 579; x_wconf 73' lang='lat' dir='ltr'><strong>hostias</strong></span> <span class='ocrx_word' id='word_1_9' title='bbox 722 528 1018 580; x_wconf 86' lang='lat' dir='ltr'><strong>animalium</strong></span> <span class='ocrx_word' id='word_1_10' title='bbox 1068 529 1270 579; x_wconf 89' lang='lat' dir='ltr'><strong>scelera</strong></span> <span class='ocrx_word' id='word_1_11' title='bbox 1314 542 1406 578; x_wconf 84' lang='lat' dir='ltr'><strong>ex·</strong></span> 
     </span>
     <span class='ocr_line' id='line_1_3' title="bbox 337 603 1408 669; baseline 0.001 -16"><span class='ocrx_word' id='word_1_12' title='bbox 337 605 507 667; x_wconf 86' lang='lat' dir='ltr'><strong>piare,</strong></span> <span class='ocrx_word' id='word_1_13' title='bbox 538 612 596 654; x_wconf 91' lang='lat' dir='ltr'><strong>et</strong></span> <span class='ocrx_word' id='word_1_14' title='bbox 628 605 765 654; x_wconf 84' lang='lat' dir='ltr'><strong>mala</strong></span> <span class='ocrx_word' id='word_1_15' title='bbox 788 603 993 669; x_wconf 88' lang='lat' dir='ltr'><strong>publica</strong></span> <span class='ocrx_word' id='word_1_16' title='bbox 1024 611 1286 661; x_wconf 77' lang='lat' dir='ltr'><strong>avertere,</strong></span> <span class='ocrx_word' id='word_1_17' title='bbox 1318 618 1408 654; x_wconf 90' lang='lat' dir='ltr'><strong>co·</strong></span> 
     </span>
     <span class='ocr_line' id='line_1_4' title="bbox 337 680 1405 744; baseline 0.001 -15"><span class='ocrx_word' id='word_1_18' title='bbox 337 680 628 743; x_wconf 81' lang='lat' dir='ltr'><strong>nabantur3</strong></span> <span class='ocrx_word' id='word_1_19' title='bbox 661 680 948 744; x_wconf 70' lang='lat' dir='ltr'><strong>cuiusmodi</strong></span> <span class='ocrx_word' id='word_1_20' title='bbox 993 680 1283 744; x_wconf 70' lang='lat' dir='ltr'><strong>piacularia</strong></span> <span class='ocrx_word' id='word_1_21' title='bbox 1324 694 1405 730; x_wconf 89' lang='lat' dir='ltr'><strong>sa-</strong></span> 
     </span>
     <span class='ocr_line' id='line_1_5' title="bbox 336 756 1405 826; baseline 0.001 -20"><span class='ocrx_word' id='word_1_22' title='bbox 336 756 539 807; x_wconf 85' lang='lat' dir='ltr'><strong>crificia</strong></span> <span class='ocrx_word' id='word_1_23' title='bbox 558 763 935 826; x_wconf 82' lang='lat' dir='ltr'><strong>commemorat</strong></span> <span class='ocrx_word' id='word_1_24' title='bbox 965 757 1077 807; x_wconf 77' lang='lat' dir='ltr'><strong>Liv.</strong></span> <span class='ocrx_word' id='word_1_25' title='bbox 1102 771 1143 807; x_wconf 79' lang='grc' dir='ltr'><strong>ι.</strong></span> <span class='ocrx_word' id='word_1_26' title='bbox 1166 761 1249 807; x_wconf 78' lang='grc'><strong>26.</strong></span> <span class='ocrx_word' id='word_1_27' title='bbox 1316 756 1405 807; x_wconf 84' lang='lat' dir='ltr'><strong>Sic</strong></span> 
     </span>
     <span class='ocr_line' id='line_1_6' title="bbox 336 832 1406 899; baseline 0.001 -16"><span class='ocrx_word' id='word_1_28' title='bbox 336 835 476 884; x_wconf 86' lang='lat' dir='ltr'><strong>euim</strong></span> <span class='ocrx_word' id='word_1_29' title='bbox 514 849 580 884; x_wconf 77' lang='lat' dir='ltr'><strong>ex</strong></span> <span class='ocrx_word' id='word_1_30' title='bbox 619 832 890 899; x_wconf 66' lang='grc' dir='ltr'><strong>κακοζηλίᾳ</strong></span> <span class='ocrx_word' id='word_1_31' title='bbox 924 841 1179 899; x_wconf 86' lang='lat' dir='ltr'><strong>putantur</strong></span> <span class='ocrx_word' id='word_1_32' title='bbox 1213 834 1406 884; x_wconf 84' lang='lat' dir='ltr'><strong>imitari</strong></span> 
     </span>
     <span class='ocr_line' id='line_1_7' title="bbox 334 909 1403 975; baseline 0.002 -17"><span class='ocrx_word' id='word_1_33' title='bbox 334 909 563 960; x_wconf 79' lang='lat' dir='ltr'><strong>voluisse</strong></span> <span class='ocrx_word' id='word_1_34' title='bbox 585 925 671 968; x_wconf 86' lang='lat' dir='ltr'><strong>ea,</strong></span> <span class='ocrx_word' id='word_1_35' title='bbox 703 926 822 975; x_wconf 64' lang='lat' dir='ltr'><strong>qum</strong></span> <span class='ocrx_word' id='word_1_36' title='bbox 844 910 911 961; x_wconf 90' lang='lat' dir='ltr'><strong>de</strong></span> <span class='ocrx_word' id='word_1_37' title='bbox 941 914 957 940; x_wconf 90' lang='lat'>‘</span> <span class='ocrx_word' id='word_1_38' title='bbox 983 911 1143 960; x_wconf 88' lang='lat' dir='ltr'><strong>bircis</strong></span> <span class='ocrx_word' id='word_1_39' title='bbox 1166 911 1403 975; x_wconf 84' lang='lat' dir='ltr'><strong>expiato·</strong></span> 
     </span>
     <span class='ocr_line' id='line_1_8' title="bbox 333 984 1405 1052; baseline 0.002 -19"><span class='ocrx_word' id='word_1_40' title='bbox 333 985 427 1033; x_wconf 87' lang='lat' dir='ltr'><strong>riis</strong></span> <span class='ocrx_word' id='word_1_41' title='bbox 443 984 461 1008; x_wconf 86' lang='lat'><em>&#39;</em></span> <span class='ocrx_word' id='word_1_42' title='bbox 477 986 622 1035; x_wconf 89' lang='lat' dir='ltr'><strong>Deua</strong></span> <span class='ocrx_word' id='word_1_43' title='bbox 640 994 967 1051; x_wconf 65' lang='lat' dir='ltr'><strong>preceperat</strong></span> <span class='ocrx_word' id='word_1_44' title='bbox 985 987 1179 1052; x_wconf 86' lang='lat' dir='ltr'><strong>popnlo</strong></span> <span class='ocrx_word' id='word_1_45' title='bbox 1195 986 1405 1037; x_wconf 62' lang='lat' dir='ltr'><strong>Israeli·</strong></span> 
     </span>
     <span class='ocr_line' id='line_1_9' title="bbox 334 1061 1404 1123; baseline 0.003 -13"><span class='ocrx_word' id='word_1_46' title='bbox 334 1061 467 1123; x_wconf 76' lang='lat' dir='ltr'><strong>tice,</strong></span> <span class='ocrx_word' id='word_1_47' title='bbox 511 1063 687 1113; x_wconf 80' lang='lat' dir='ltr'><strong>Levit.</strong></span> <span class='ocrx_word' id='word_1_48' title='bbox 722 1076 854 1113; x_wconf 61' lang='grc' dir='ltr'><strong>σενι.</strong></span> <span class='ocrx_word' id='word_1_49' title='bbox 918 1063 1025 1114; x_wconf 83' lang='lat' dir='ltr'><strong>Sed</strong></span> <span class='ocrx_word' id='word_1_50' title='bbox 1076 1072 1134 1114; x_wconf 88' lang='lat' dir='ltr'><strong>et</strong></span> <span class='ocrx_word' id='word_1_51' title='bbox 1178 1064 1404 1113; x_wconf 66' lang='lat' dir='ltr'><strong>victimas</strong></span> 
     </span>
     <span class='ocr_line' id='line_1_10' title="bbox 331 1137 1405 1210; baseline 0.003 -23"><span class='ocrx_word' id='word_1_52' title='bbox 331 1138 649 1210; x_wconf 76' lang='lat' dir='ltr'><strong>piaculares,</strong></span> <span class='ocrx_word' id='word_1_53' title='bbox 678 1137 971 1204; x_wconf 69' lang='grc' dir='ltr'><strong>καθάρματα,</strong></span> <span class='ocrx_word' id='word_1_54' title='bbox 1000 1140 1042 1189; x_wconf 82' lang='lat' dir='ltr'><strong>si</strong></span> <span class='ocrx_word' id='word_1_55' title='bbox 1068 1154 1164 1204; x_wconf 88' lang='lat' dir='ltr'><strong>pro</strong></span> <span class='ocrx_word' id='word_1_56' title='bbox 1189 1146 1299 1190; x_wconf 88' lang='lat' dir='ltr'><strong>tota</strong></span> <span class='ocrx_word' id='word_1_57' title='bbox 1322 1154 1405 1189; x_wconf 90' lang='lat' dir='ltr'><strong>re-</strong></span> 
     </span>
     <span class='ocr_line' id='line_1_11' title="bbox 331 1214 1406 1281; baseline 0.005 -19"><span class='ocrx_word' id='word_1_58' title='bbox 331 1214 549 1277; x_wconf 84' lang='lat' dir='ltr'><strong>publica</strong></span> <span class='ocrx_word' id='word_1_59' title='bbox 591 1214 922 1281; x_wconf 83' lang='lat' dir='ltr'><strong>offerrentur,</strong></span> <span class='ocrx_word' id='word_1_60' title='bbox 965 1225 1120 1267; x_wconf 88' lang='lat' dir='ltr'><strong>eraut</strong></span> <span class='ocrx_word' id='word_1_61' title='bbox 1153 1217 1406 1267; x_wconf 79' lang='lat' dir='ltr'><strong>homines.</strong></span> 
     </span>
     <span class='ocr_line' id='line_1_12' title="bbox 331 1290 1406 1346; baseline 0.001 -6"><span class='ocrx_word' id='word_1_62' title='bbox 331 1290 493 1341; x_wconf 82' lang='lat' dir='ltr'>Unde</span> <span class='ocrx_word' id='word_1_63' title='bbox 511 1293 726 1343; x_wconf 77' lang='lat' dir='ltr'><strong>Servius</strong></span> <span class='ocrx_word' id='word_1_64' title='bbox 744 1294 809 1343; x_wconf 88' lang='lat' dir='ltr'><strong>ad</strong></span> <span class='ocrx_word' id='word_1_65' title='bbox 836 1295 951 1344; x_wconf 80' lang='lat' dir='ltr'><strong>AEn.</strong></span> <span class='ocrx_word' id='word_1_66' title='bbox 967 1295 1055 1346; x_wconf 76' lang='lat' dir='ltr'><strong>iu.</strong></span> <span class='ocrx_word' id='word_1_67' title='bbox 1076 1298 1161 1345; x_wconf 82' lang='grc'><strong>67.</strong></span> <span class='ocrx_word' id='word_1_68' title='bbox 1183 1296 1199 1322; x_wconf 90' lang='lat'>‘</span> <span class='ocrx_word' id='word_1_69' title='bbox 1215 1294 1406 1344; x_wconf 84' lang='lat' dir='ltr'><strong>Massi-</strong></span> 
     </span>
     <span class='ocr_line' id='line_1_13' title="bbox 262 1368 1405 1435; baseline 0 -16"><span class='ocrx_word' id='word_1_70' title='bbox 262 1368 275 1380; x_wconf 84' lang='lat'><strong><em>&#39;</em></strong></span> <span class='ocrx_word' id='word_1_71' title='bbox 331 1368 574 1432; x_wconf 89' lang='lat' dir='ltr'><strong>lienses,&#39;</strong></span> <span class='ocrx_word' id='word_1_72' title='bbox 608 1371 793 1435; x_wconf 88' lang='lat' dir='ltr'><strong>inquit.</strong></span> <span class='ocrx_word' id='word_1_73' title='bbox 826 1373 842 1399; x_wconf 90' lang='lat'>‘</span> <span class='ocrx_word' id='word_1_74' title='bbox 865 1385 982 1421; x_wconf 90' lang='lat' dir='ltr'><strong>cum</strong></span> <span class='ocrx_word' id='word_1_75' title='bbox 1017 1378 1168 1435; x_wconf 88' lang='lat' dir='ltr'><strong>peste</strong></span> <span class='ocrx_word' id='word_1_76' title='bbox 1201 1370 1405 1420; x_wconf 85' lang='lat' dir='ltr'><strong>labora·</strong></span> 
     </span>
     <span class='ocr_line' id='line_1_14' title="bbox 330 1445 1406 1512; baseline 0.003 -18"><span class='ocrx_word' id='word_1_77' title='bbox 330 1453 474 1502; x_wconf 86' lang='lat' dir='ltr'><strong>rent,</strong></span> <span class='ocrx_word' id='word_1_78' title='bbox 501 1460 632 1495; x_wconf 85' lang='lat' dir='ltr'><strong>unus</strong></span> <span class='ocrx_word' id='word_1_79' title='bbox 651 1461 707 1496; x_wconf 90' lang='lat' dir='ltr'><strong>se</strong></span> <span class='ocrx_word' id='word_1_80' title='bbox 726 1461 792 1498; x_wconf 80' lang='lat' dir='ltr'><strong>ex</strong></span> <span class='ocrx_word' id='word_1_81' title='bbox 817 1447 1132 1512; x_wconf 86' lang='lat' dir='ltr'><strong>pauperibus</strong></span> <span class='ocrx_word' id='word_1_82' title='bbox 1150 1445 1406 1497; x_wconf 82' lang='lat' dir='ltr'><strong>offerebat</strong></span> 
     </span>
     <span class='ocr_line' id='line_1_15' title="bbox 330 1521 1405 1587; baseline 0.002 -16"><span class='ocrx_word' id='word_1_83' title='bbox 330 1521 581 1572; x_wconf 80' lang='lat' dir='ltr'><strong>alendum</strong></span> <span class='ocrx_word' id='word_1_84' title='bbox 627 1537 764 1573; x_wconf 84' lang='lat' dir='ltr'><strong>auno</strong></span> <span class='ocrx_word' id='word_1_85' title='bbox 811 1524 1018 1587; x_wconf 70' lang='lat' dir='ltr'><strong>integro</strong></span> <span class='ocrx_word' id='word_1_86' title='bbox 1073 1524 1295 1587; x_wconf 81' lang='lat' dir='ltr'><strong>publicis</strong></span> <span class='ocrx_word' id='word_1_87' title='bbox 1348 1529 1405 1573; x_wconf 84' lang='lat' dir='ltr'><strong>et</strong></span> 
     </span>
     <span class='ocr_line' id='line_1_16' title="bbox 331 1598 1403 1670; baseline 0.004 -24"><span class='ocrx_word' id='word_1_88' title='bbox 331 1598 636 1670; x_wconf 77' lang='lat' dir='ltr'><strong>purioribus</strong></span> <span class='ocrx_word' id='word_1_89' title='bbox 689 1598 858 1661; x_wconf 81' lang='lat' dir='ltr'><strong>cibis;</strong></span> <span class='ocrx_word' id='word_1_90' title='bbox 923 1607 1108 1664; x_wconf 85' lang='lat' dir='ltr'><strong>postea</strong></span> <span class='ocrx_word' id='word_1_91' title='bbox 1164 1600 1403 1650; x_wconf 82' lang='lat' dir='ltr'><strong>verbenis</strong></span> 
     </span>
     <span class='ocr_line' id='line_1_17' title="bbox 328 1675 1403 1741; baseline 0.003 -17"><span class='ocrx_word' id='word_1_92' title='bbox 328 1675 673 1741; x_wconf 79' lang='lat' dir='ltr'><strong>vestibusque</strong></span> <span class='ocrx_word' id='word_1_93' title='bbox 690 1677 853 1727; x_wconf 87' lang='lat' dir='ltr'><strong>sacris</strong></span> <span class='ocrx_word' id='word_1_94' title='bbox 874 1684 1086 1727; x_wconf 85' lang='lat' dir='ltr'><strong>ornatus</strong></span> <span class='ocrx_word' id='word_1_95' title='bbox 1110 1677 1403 1727; x_wconf 86' lang='lat' dir='ltr'><strong>circumdu-</strong></span> 
     </span>
     <span class='ocr_line' id='line_1_18' title="bbox 330 1751 1402 1818; baseline 0.002 -17"><span class='ocrx_word' id='word_1_96' title='bbox 330 1751 554 1802; x_wconf 85' lang='lat' dir='ltr'><strong>cebatur</strong></span> <span class='ocrx_word' id='word_1_97' title='bbox 578 1768 673 1817; x_wconf 87' lang='lat' dir='ltr'><strong>per</strong></span> <span class='ocrx_word' id='word_1_98' title='bbox 694 1753 896 1818; x_wconf 88' lang='lat' dir='ltr'><strong>urbem,</strong></span> <span class='ocrx_word' id='word_1_99' title='bbox 916 1769 1034 1804; x_wconf 86' lang='lat' dir='ltr'><strong>cum</strong></span> <span class='ocrx_word' id='word_1_100' title='bbox 1058 1755 1402 1812; x_wconf 80' lang='lat' dir='ltr'><strong>execrationi-</strong></span> 
     </span>
     <span class='ocr_line' id='line_1_19' title="bbox 330 1827 1401 1885; baseline 0.003 -9"><span class='ocrx_word' id='word_1_101' title='bbox 330 1827 451 1885; x_wconf 88' lang='lat' dir='ltr'><strong>bus,</strong></span> <span class='ocrx_word' id='word_1_102' title='bbox 472 1836 533 1878; x_wconf 92' lang='lat' dir='ltr'><strong>nt</strong></span> <span class='ocrx_word' id='word_1_103' title='bbox 556 1829 609 1878; x_wconf 93' lang='lat' dir='ltr'><strong>in</strong></span> <span class='ocrx_word' id='word_1_104' title='bbox 633 1844 752 1879; x_wconf 91' lang='lat' dir='ltr'><strong>eum</strong></span> <span class='ocrx_word' id='word_1_105' title='bbox 787 1830 1080 1881; x_wconf 76' lang='lat' dir='ltr'>inciderent</span> <span class='ocrx_word' id='word_1_106' title='bbox 1114 1832 1252 1882; x_wconf 84' lang='lat' dir='ltr'><strong>mala</strong></span> <span class='ocrx_word' id='word_1_107' title='bbox 1273 1831 1401 1882; x_wconf 77' lang='lat' dir='ltr'><strong>civi-</strong></span> 
     </span>
     <span class='ocr_line' id='line_1_20' title="bbox 333 1904 1405 1969; baseline 0.003 -17"><span class='ocrx_word' id='word_1_108' title='bbox 333 1904 481 1965; x_wconf 71' lang='lat' dir='ltr'><strong>tatis,</strong></span> <span class='ocrx_word' id='word_1_109' title='bbox 503 1913 560 1953; x_wconf 89' lang='lat' dir='ltr'><strong>et</strong></span> <span class='ocrx_word' id='word_1_110' title='bbox 592 1905 667 1954; x_wconf 88' lang='lat' dir='ltr'><strong>sic</strong></span> <span class='ocrx_word' id='word_1_111' title='bbox 706 1904 1113 1969; x_wconf 82' lang='lat' dir='ltr'><strong>projiciebatur.&#39;</strong></span> <span class='ocrx_word' id='word_1_112' title='bbox 1180 1904 1268 1956; x_wconf 83' lang='lat' dir='ltr'><strong>ef.</strong></span> <span class='ocrx_word' id='word_1_113' title='bbox 1289 1906 1405 1956; x_wconf 73' lang='lat' dir='ltr'><strong>Liv-</strong></span> 
     </span>
     <span class='ocr_line' id='line_1_21' title="bbox 333 1984 1403 2043; baseline 0.006 -14"><span class='ocrx_word' id='word_1_114' title='bbox 333 1994 469 2029; x_wconf 83' lang='lat' dir='ltr'><strong>vru.</strong></span> <span class='ocrx_word' id='word_1_115' title='bbox 487 1984 535 2031; x_wconf 81' lang='grc'><strong>9.</strong></span> <span class='ocrx_word' id='word_1_116' title='bbox 560 1994 618 2029; x_wconf 86' lang='lat' dir='ltr'><strong>x.</strong></span> <span class='ocrx_word' id='word_1_117' title='bbox 641 1985 721 2030; x_wconf 82' lang='lat'><strong>18.</strong></span> <span class='ocrx_word' id='word_1_118' title='bbox 742 1988 799 2031; x_wconf 89' lang='lat' dir='ltr'><strong>et</strong></span> <span class='ocrx_word' id='word_1_119' title='bbox 819 1995 1024 2033; x_wconf 83' lang='lat' dir='ltr'><strong>xxvm.</strong></span> <span class='ocrx_word' id='word_1_120' title='bbox 1040 1986 1092 2034; x_wconf 75' lang='lat'><strong>2.</strong></span> <span class='ocrx_word' id='word_1_121' title='bbox 1126 1984 1403 2043; x_wconf 77' lang='lat' dir='ltr'><strong>Nimirum,</strong></span> 
     </span>
     <span class='ocr_line' id='line_1_22' title="bbox 330 2056 1400 2126; baseline 0.006 -21"><span class='ocrx_word' id='word_1_122' title='bbox 330 2057 515 2106; x_wconf 85' lang='lat' dir='ltr'><strong>miseri</strong></span> <span class='ocrx_word' id='word_1_123' title='bbox 548 2056 636 2106; x_wconf 89' lang='lat' dir='ltr'><strong>isti</strong></span> <span class='ocrx_word' id='word_1_124' title='bbox 660 2058 851 2122; x_wconf 70' lang='lat' dir='ltr'><strong>pagani</strong></span> <span class='ocrx_word' id='word_1_125' title='bbox 882 2056 1022 2110; x_wconf 83' lang='lat' dir='ltr'><strong>forte</strong></span> <span class='ocrx_word' id='word_1_126' title='bbox 1054 2059 1400 2126; x_wconf 65' lang='lat' dir='ltr'><strong>innumeratae,</strong></span> 
     </span>
     <span class='ocr_line' id='line_1_23' title="bbox 333 2132 1402 2193; baseline 0.003 -10"><span class='ocrx_word' id='word_1_127' title='bbox 333 2132 402 2183; x_wconf 84' lang='lat' dir='ltr'><strong>ad</strong></span> <span class='ocrx_word' id='word_1_128' title='bbox 416 2133 866 2184; x_wconf 81' lang='lat' dir='ltr'><strong>averruncandam</strong></span> <span class='ocrx_word' id='word_1_129' title='bbox 883 2135 1000 2185; x_wconf 87' lang='lat' dir='ltr'><strong>irati</strong></span> <span class='ocrx_word' id='word_1_130' title='bbox 1021 2135 1240 2185; x_wconf 89' lang='lat' dir='ltr'><strong>numinis</strong></span> <span class='ocrx_word' id='word_1_131' title='bbox 1256 2137 1402 2193; x_wconf 85' lang='lat' dir='ltr'><strong>iram.</strong></span> 
     </span>
     <span class='ocr_line' id='line_1_24' title="bbox 331 2210 1403 2277; baseline 0.001 -16"><span class='ocrx_word' id='word_1_132' title='bbox 331 2210 578 2261; x_wconf 90' lang='lat' dir='ltr'><strong>idoneum</strong></span> <span class='ocrx_word' id='word_1_133' title='bbox 615 2211 825 2276; x_wconf 84' lang='lat' dir='ltr'><strong>aliquod</strong></span> <span class='ocrx_word' id='word_1_134' title='bbox 849 2210 1159 2263; x_wconf 80' lang='lat' dir='ltr'><strong>sacrificium</strong></span> <span class='ocrx_word' id='word_1_135' title='bbox 1185 2213 1403 2277; x_wconf 86' lang='lat' dir='ltr'><strong>requiri,</strong></span> 
     </span>
     <span class='ocr_line' id='line_1_25' title="bbox 332 2288 1402 2358; baseline 0.004 -22"><span class='ocrx_word' id='word_1_136' title='bbox 332 2288 476 2358; x_wconf 79' lang='lat' dir='ltr'><strong>quod</strong></span> <span class='ocrx_word' id='word_1_137' title='bbox 502 2289 801 2338; x_wconf 87' lang='lat' dir='ltr'><strong>nocentium</strong></span> <span class='ocrx_word' id='word_1_138' title='bbox 823 2288 1085 2339; x_wconf 86' lang='lat' dir='ltr'><strong>bominum</strong></span> <span class='ocrx_word' id='word_1_139' title='bbox 1110 2290 1226 2340; x_wconf 89' lang='lat' dir='ltr'><strong>loco</strong></span> <span class='ocrx_word' id='word_1_140' title='bbox 1247 2288 1402 2340; x_wconf 84' lang='lat' dir='ltr'><strong>offer·</strong></span> 
     </span>
     <span class='ocr_line' id='line_1_26' title="bbox 330 2363 1402 2416; baseline 0.004 -4"><span class='ocrx_word' id='word_1_141' title='bbox 330 2368 499 2413; x_wconf 88' lang='lat' dir='ltr'><strong>retur.</strong></span> <span class='ocrx_word' id='word_1_142' title='bbox 566 2363 673 2413; x_wconf 85' lang='lat' dir='ltr'><strong>Sed</strong></span> <span class='ocrx_word' id='word_1_143' title='bbox 709 2364 775 2414; x_wconf 89' lang='lat' dir='ltr'><strong>ab</strong></span> <span class='ocrx_word' id='word_1_144' title='bbox 809 2365 962 2414; x_wconf 91' lang='lat' dir='ltr'><strong>unico</strong></span> <span class='ocrx_word' id='word_1_145' title='bbox 995 2372 1052 2415; x_wconf 92' lang='lat' dir='ltr'><strong>et</strong></span> <span class='ocrx_word' id='word_1_146' title='bbox 1074 2366 1402 2416; x_wconf 83' lang='lat' dir='ltr'><strong>sanctissimo</strong></span> 
     </span>
    </p>
   </div>
   <div class='ocr_carea' id='block_1_3' title="bbox 330 2433 1419 2507">
    <p class='ocr_par' dir='ltr' id='par_1_3' title="bbox 330 2433 1419 2507">
     <span class='ocr_line' id='line_1_27' title="bbox 330 2433 1419 2507; baseline 0 -16"><span class='ocrx_word' id='word_1_147' title='bbox 330 2440 629 2491; x_wconf 76' lang='lat' dir='ltr'><strong>Servatoris</strong></span> <span class='ocrx_word' id='word_1_148' title='bbox 672 2441 829 2490; x_wconf 85' lang='lat' dir='ltr'><strong>nostri</strong></span> <span class='ocrx_word' id='word_1_149' title='bbox 868 2433 1128 2491; x_wconf 80' lang='lat' dir='ltr'><strong>sacrificio</strong></span> <span class='ocrx_word' id='word_1_150' title='bbox 1172 2441 1419 2507; x_wconf 79' lang='lat' dir='ltr'><strong>prolapsi&#39;</strong></span> 
     </span>
    </p>
   </div>
   <div class='ocr_carea' id='block_1_4' title="bbox 328 2516 1403 2968">
    <p class='ocr_par' dir='ltr' id='par_1_4' title="bbox 328 2516 1403 2724">
     <span class='ocr_line' id='line_1_28' title="bbox 331 2516 1403 2582; baseline 0.002 -16"><span class='ocrx_word' id='word_1_151' title='bbox 331 2523 460 2567; x_wconf 87' lang='lat' dir='ltr'><strong>aunt</strong></span> <span class='ocrx_word' id='word_1_152' title='bbox 484 2517 550 2567; x_wconf 88' lang='lat' dir='ltr'><strong>ad</strong></span> <span class='ocrx_word' id='word_1_153' title='bbox 576 2518 667 2567; x_wconf 85' lang='lat' dir='ltr'><strong>illa</strong></span> <span class='ocrx_word' id='word_1_154' title='bbox 687 2516 943 2568; x_wconf 82' lang='lat' dir='ltr'><strong>sacrificia</strong></span> <span class='ocrx_word' id='word_1_155' title='bbox 973 2517 1286 2582; x_wconf 65' lang='lat' dir='ltr'><strong>expiatoria,</strong></span> <span class='ocrx_word' id='word_1_156' title='bbox 1310 2525 1403 2568; x_wconf 88' lang='lat' dir='ltr'><strong>aut</strong></span> 
     </span>
     <span class='ocr_line' id='line_1_29' title="bbox 329 2593 1402 2659; baseline 0 -15"><span class='ocrx_word' id='word_1_157' title='bbox 329 2595 507 2659; x_wconf 85' lang='lat' dir='ltr'><strong>potius</strong></span> <span class='ocrx_word' id='word_1_158' title='bbox 539 2595 797 2645; x_wconf 86' lang='lat' dir='ltr'><strong>scelerata</strong></span> <span class='ocrx_word' id='word_1_159' title='bbox 831 2601 888 2646; x_wconf 83' lang='lat' dir='ltr'><strong>et</strong></span> <span class='ocrx_word' id='word_1_160' title='bbox 918 2593 1271 2646; x_wconf 85' lang='lat' dir='ltr'><strong>crudelissima</strong></span> <span class='ocrx_word' id='word_1_161' title='bbox 1313 2593 1402 2644; x_wconf 89' lang='lat' dir='ltr'><strong>bo·</strong></span> 
     </span>
     <span class='ocr_line' id='line_1_30' title="bbox 328 2672 841 2724; baseline 0 -1"><span class='ocrx_word' id='word_1_162' title='bbox 328 2672 567 2724; x_wconf 81' lang='lat' dir='ltr'><strong>micidia.</strong></span> <span class='ocrx_word' id='word_1_163' title='bbox 597 2673 841 2723; x_wconf 63' lang='lat' dir='ltr'><strong>Schmun.</strong></span> 
     </span>
    </p>

    <p class='ocr_par' dir='ltr' id='par_1_5' title="bbox 330 2748 1402 2968">
     <span class='ocr_line' id='line_1_31' title="bbox 354 2748 1402 2822; baseline 0.001 -24"><span class='ocrx_word' id='word_1_164' title='bbox 354 2799 363 2822; x_wconf 48' lang='lat'>2</span> <span class='ocrx_word' id='word_1_165' title='bbox 397 2749 698 2812; x_wconf 64' lang='lat' dir='ltr'><strong>Noa-iorum]</strong></span> <span class='ocrx_word' id='word_1_166' title='bbox 747 2748 811 2799; x_wconf 89' lang='lat' dir='ltr'><strong>In</strong></span> <span class='ocrx_word' id='word_1_167' title='bbox 855 2748 1169 2812; x_wconf 77' lang='lat' dir='ltr'><strong>spectaculis</strong></span> <span class='ocrx_word' id='word_1_168' title='bbox 1205 2748 1402 2799; x_wconf 87' lang='lat' dir='ltr'><strong>occiso-</strong></span> 
     </span>
     <span class='ocr_line' id='line_1_32' title="bbox 332 2823 1400 2900; baseline 0 -27"><span class='ocrx_word' id='word_1_169' title='bbox 332 2837 467 2900; x_wconf 64' lang='lat' dir='ltr'><strong>rum,</strong></span> <span class='ocrx_word' id='word_1_170' title='bbox 493 2824 601 2889; x_wconf 85' lang='lat' dir='ltr'><strong>qui,</strong></span> <span class='ocrx_word' id='word_1_171' title='bbox 625 2832 682 2875; x_wconf 88' lang='lat' dir='ltr'><strong>nt</strong></span> <span class='ocrx_word' id='word_1_172' title='bbox 708 2839 868 2889; x_wconf 89' lang='lat' dir='ltr'><strong>supra</strong></span> <span class='ocrx_word' id='word_1_173' title='bbox 904 2823 1128 2887; x_wconf 85' lang='lat' dir='ltr'><strong>dictum,</strong></span> <span class='ocrx_word' id='word_1_174' title='bbox 1148 2825 1233 2875; x_wconf 86' lang='lat' dir='ltr'><strong>vel</strong></span> <span class='ocrx_word' id='word_1_175' title='bbox 1258 2824 1400 2874; x_wconf 80' lang='lat' dir='ltr'><strong>servi</strong></span> 
     </span>
     <span class='ocr_line' id='line_1_33' title="bbox 330 2901 1402 2968; baseline 0.004 -19"><span class='ocrx_word' id='word_1_176' title='bbox 330 2908 505 2968; x_wconf 78' lang='lat' dir='ltr'><strong>erant,</strong></span> <span class='ocrx_word' id='word_1_177' title='bbox 525 2902 610 2950; x_wconf 80' lang='lat' dir='ltr'><strong>vel</strong></span> <span class='ocrx_word' id='word_1_178' title='bbox 636 2902 779 2951; x_wconf 78' lang='lat' dir='ltr'><strong>noxii</strong></span> <span class='ocrx_word' id='word_1_179' title='bbox 804 2907 858 2951; x_wconf 91' lang='lat' dir='ltr'><strong>et</strong></span> <span class='ocrx_word' id='word_1_180' title='bbox 881 2901 1134 2952; x_wconf 83' lang='lat' dir='ltr'><strong>damnati.</strong></span> <span class='ocrx_word' id='word_1_181' title='bbox 1199 2902 1402 2965; x_wconf 76' lang='lat' dir='ltr'><strong>Collige</strong></span> 
     </span>
    </p>
   </div>
   <div class='ocr_carea' id='block_1_5' title="bbox 329 2975 1461 3121">
    <p class='ocr_par' dir='ltr' id='par_1_6' title="bbox 329 2975 1461 3121">
     <span class='ocr_line' id='line_1_34' title="bbox 330 2975 1414 3048; baseline 0.002 -22"><span class='ocrx_word' id='word_1_182' title='bbox 330 2991 400 3048; x_wconf 61' lang='lat' dir='ltr'><strong>ex</strong></span> <span class='ocrx_word' id='word_1_183' title='bbox 419 2978 522 3027; x_wconf 82' lang='lat' dir='ltr'><strong>boc</strong></span> <span class='ocrx_word' id='word_1_184' title='bbox 542 2978 678 3041; x_wconf 88' lang='lat' dir='ltr'><strong>loco,</strong></span> <span class='ocrx_word' id='word_1_185' title='bbox 692 2975 954 3028; x_wconf 70' lang='lat' dir='ltr'><strong>delatores</strong></span> <span class='ocrx_word' id='word_1_186' title='bbox 970 2977 1064 3028; x_wconf 91' lang='lat' dir='ltr'><strong>sub</strong></span> <span class='ocrx_word' id='word_1_187' title='bbox 1080 2977 1232 3028; x_wconf 82' lang='lat' dir='ltr'><strong>finem</strong></span> <span class='ocrx_word' id='word_1_188' title='bbox 1252 2992 1414 3046; x_wconf 29' lang='lat' dir='ltr'><strong>spec·-</strong></span> 
     </span>
     <span class='ocr_line' id='line_1_35' title="bbox 329 3055 1461 3121; baseline 0.003 -16"><span class='ocrx_word' id='word_1_189' title='bbox 329 3056 643 3117; x_wconf 83' lang='lat' dir='ltr'><strong>tsculorum‚</strong></span> <span class='ocrx_word' id='word_1_190' title='bbox 665 3062 944 3120; x_wconf 83' lang='lat' dir='ltr'><strong>antequam</strong></span> <span class='ocrx_word' id='word_1_191' title='bbox 979 3057 1201 3121; x_wconf 78' lang='lat' dir='ltr'><strong>populna</strong></span> <span class='ocrx_word' id='word_1_192' title='bbox 1233 3055 1401 3107; x_wconf 82' lang='lat' dir='ltr'><strong>disce·</strong></span> <span class='ocrx_word' id='word_1_193' title='bbox 1457 3104 1461 3108; x_wconf 88' lang='lat'><strong>.</strong></span> 
     </span>
    </p>
   </div>
   <div class='ocr_carea' id='block_1_6' title="bbox 329 3132 1406 3951">
    <p class='ocr_par' dir='ltr' id='par_1_7' title="bbox 329 3132 1400 3349">
     <span class='ocr_line' id='line_1_36' title="bbox 330 3132 1399 3199; baseline 0.001 -16"><span class='ocrx_word' id='word_1_194' title='bbox 330 3132 507 3195; x_wconf 82' lang='lat' dir='ltr'><strong>deret,</strong></span> <span class='ocrx_word' id='word_1_195' title='bbox 531 3132 802 3184; x_wconf 84' lang='lat' dir='ltr'><strong>traductos</strong></span> <span class='ocrx_word' id='word_1_196' title='bbox 831 3146 928 3198; x_wconf 85' lang='lat' dir='ltr'><strong>per</strong></span> <span class='ocrx_word' id='word_1_197' title='bbox 958 3148 1191 3196; x_wconf 83' lang='lat' dir='ltr'><strong>arenam,</strong></span> <span class='ocrx_word' id='word_1_198' title='bbox 1213 3135 1399 3199; x_wconf 82' lang='lat' dir='ltr'><strong>supino</strong></span> 
     </span>
     <span class='ocr_line' id='line_1_37' title="bbox 329 3209 1400 3274; baseline 0.004 -17"><span class='ocrx_word' id='word_1_199' title='bbox 329 3222 445 3270; x_wconf 91' lang='lat' dir='ltr'><strong>ore,</strong></span> <span class='ocrx_word' id='word_1_200' title='bbox 469 3214 774 3274; x_wconf 87' lang='lat' dir='ltr'><strong>retortaque</strong></span> <span class='ocrx_word' id='word_1_201' title='bbox 797 3210 1038 3273; x_wconf 77' lang='lat' dir='ltr'><strong>cervice3</strong></span> <span class='ocrx_word' id='word_1_202' title='bbox 1071 3209 1194 3260; x_wconf 91' lang='lat' dir='ltr'><strong>iude</strong></span> <span class='ocrx_word' id='word_1_203' title='bbox 1217 3211 1284 3260; x_wconf 90' lang='lat' dir='ltr'><strong>ad</strong></span> <span class='ocrx_word' id='word_1_204' title='bbox 1310 3225 1400 3261; x_wconf 86' lang='lat' dir='ltr'><strong>ua-</strong></span> 
     </span>
     <span class='ocr_line' id='line_1_38' title="bbox 333 3285 956 3349; baseline 0.005 -15"><span class='ocrx_word' id='word_1_205' title='bbox 333 3285 474 3349; x_wconf 69' lang='lat' dir='ltr'><strong>vigia</strong></span> <span class='ocrx_word' id='word_1_206' title='bbox 497 3292 696 3349; x_wconf 89' lang='lat' dir='ltr'><strong>raptos.</strong></span> <span class='ocrx_word' id='word_1_207' title='bbox 733 3286 956 3337; x_wconf 66' lang='lat' dir='ltr'><strong>Patami.</strong></span> 
     </span>
    </p>

    <p class='ocr_par' dir='ltr' id='par_1_8' title="bbox 335 3361 1402 3504">
     <span class='ocr_line' id='line_1_39' title="bbox 418 3361 1402 3426; baseline 0.001 -13"><span class='ocrx_word' id='word_1_208' title='bbox 418 3361 720 3426; x_wconf 64' lang='lat' dir='ltr'><strong>Nautiorum]</strong></span> <span class='ocrx_word' id='word_1_209' title='bbox 771 3363 945 3426; x_wconf 80' lang='lat' dir='ltr'>Super</span> <span class='ocrx_word' id='word_1_210' title='bbox 1000 3362 1260 3416; x_wconf 80' lang='lat' dir='ltr'><strong>cadavera</strong></span> <span class='ocrx_word' id='word_1_211' title='bbox 1309 3369 1402 3414; x_wconf 89' lang='lat' dir='ltr'><strong>aut</strong></span> 
     </span>
     <span class='ocr_line' id='line_1_40' title="bbox 335 3439 1113 3504; baseline -0.001 -15"><span class='ocrx_word' id='word_1_212' title='bbox 335 3439 553 3504; x_wconf 76' lang='lat' dir='ltr'><strong>vestigia</strong></span> <span class='ocrx_word' id='word_1_213' title='bbox 573 3439 942 3503; x_wconf 77' lang='lat' dir='ltr'><strong>gladiatorum.</strong></span> <span class='ocrx_word' id='word_1_214' title='bbox 975 3440 1113 3503; x_wconf 74' lang='lat' dir='ltr'><strong>Lips.</strong></span> 
     </span>
    </p>

    <p class='ocr_par' dir='ltr' id='par_1_9' title="bbox 332 3514 1406 3951">
     <span class='ocr_line' id='line_1_41' title="bbox 396 3514 1401 3578; baseline -0.003 -11"><span class='ocrx_word' id='word_1_215' title='bbox 396 3516 696 3578; x_wconf 56' lang='lat' dir='ltr'><strong>Sangarium</strong></span> <span class='ocrx_word' id='word_1_216' title='bbox 725 3514 1000 3578; x_wconf 66' lang='lat' dir='ltr'><strong>noxiorum]</strong></span> <span class='ocrx_word' id='word_1_217' title='bbox 1033 3518 1314 3567; x_wconf 67' lang='lat' dir='ltr'><strong>Catanoens</strong></span> <span class='ocrx_word' id='word_1_218' title='bbox 1349 3515 1401 3564; x_wconf 89' lang='lat' dir='ltr'><strong>in</strong></span> 
     </span>
     <span class='ocr_line' id='line_1_42' title="bbox 332 3585 1402 3658; baseline -0.002 -14"><span class='ocrx_word' id='word_1_219' title='bbox 332 3593 472 3644; x_wconf 79' lang='lat' dir='ltr'><strong>notis</strong></span> <span class='ocrx_word' id='word_1_220' title='bbox 510 3593 576 3643; x_wconf 87' lang='lat' dir='ltr'><strong>ad</strong></span> <span class='ocrx_word' id='word_1_221' title='bbox 604 3585 665 3645; x_wconf 76' lang='lat' dir='ltr'><strong>lt.</strong></span> <span class='ocrx_word' id='word_1_222' title='bbox 690 3595 727 3643; x_wconf 90' lang='lat' dir='ltr'><strong>l.</strong></span> <span class='ocrx_word' id='word_1_223' title='bbox 759 3594 989 3658; x_wconf 79' lang='lat' dir='ltr'><strong>scripsit,</strong></span> <span class='ocrx_word' id='word_1_224' title='bbox 1023 3594 1147 3643; x_wconf 85' lang='lat' dir='ltr'><strong>‘aut</strong></span> <span class='ocrx_word' id='word_1_225' title='bbox 1179 3593 1297 3657; x_wconf 70' lang='lat' dir='ltr'><strong>lege</strong></span> <span class='ocrx_word' id='word_1_226' title='bbox 1327 3592 1402 3642; x_wconf 74' lang='lat' dir='ltr'><strong>in-</strong></span> 
     </span>
     <span class='ocr_line' id='line_1_43' title="bbox 332 3667 1400 3720; baseline -0.001 0"><span class='ocrx_word' id='word_1_227' title='bbox 332 3667 626 3720; x_wconf 55' lang='lat' dir='ltr'><strong>noxiorum?</strong></span> <span class='ocrx_word' id='word_1_228' title='bbox 689 3668 845 3719; x_wconf 89' lang='lat' dir='ltr'><strong>Hauc</strong></span> <span class='ocrx_word' id='word_1_229' title='bbox 893 3669 1199 3719; x_wconf 79' lang='lat' dir='ltr'><strong>varietatem</strong></span> <span class='ocrx_word' id='word_1_230' title='bbox 1240 3669 1400 3719; x_wconf 90' lang='lat' dir='ltr'><strong>etiam</strong></span> 
     </span>
     <span class='ocr_line' id='line_1_44' title="bbox 332 3744 1403 3809; baseline -0.003 -12"><span class='ocrx_word' id='word_1_231' title='bbox 332 3745 386 3797; x_wconf 85' lang='lat' dir='ltr'><strong>in</strong></span> <span class='ocrx_word' id='word_1_232' title='bbox 400 3746 637 3809; x_wconf 77' lang='lat' dir='ltr'><strong>margine</strong></span> <span class='ocrx_word' id='word_1_233' title='bbox 652 3744 943 3795; x_wconf 79' lang='lat' dir='ltr'><strong>editionum</strong></span> <span class='ocrx_word' id='word_1_234' title='bbox 958 3759 1166 3798; x_wconf 81' lang='lat' dir='ltr'><strong>auarum</strong></span> <span class='ocrx_word' id='word_1_235' title='bbox 1185 3750 1403 3796; x_wconf 87' lang='lat' dir='ltr'><strong>annota-</strong></span> 
     </span>
     <span class='ocr_line' id='line_1_45' title="bbox 333 3811 1404 3886; baseline 0 -14"><span class='ocrx_word' id='word_1_236' title='bbox 333 3811 457 3874; x_wconf 74' lang='lat' dir='ltr'><strong>r&#39;unt</strong></span> <span class='ocrx_word' id='word_1_237' title='bbox 490 3821 844 3884; x_wconf 79' lang='lat' dir='ltr'><strong>Philomnaus,</strong></span> <span class='ocrx_word' id='word_1_238' title='bbox 885 3821 960 3871; x_wconf 80' lang='lat' dir='ltr'><strong>H.</strong></span> <span class='ocrx_word' id='word_1_239' title='bbox 993 3822 1312 3886; x_wconf 79' lang='lat' dir='ltr'><strong>Stephanus,</strong></span> <span class='ocrx_word' id='word_1_240' title='bbox 1346 3827 1404 3872; x_wconf 91' lang='lat' dir='ltr'><strong>et</strong></span> 
     </span>
     <span class='ocr_line' id='line_1_46' title="bbox 332 3898 1406 3951; baseline -0.002 0"><span class='ocrx_word' id='word_1_241' title='bbox 332 3899 568 3951; x_wconf 77' lang='lat' dir='ltr'><strong>Riviuns.</strong></span> <span class='ocrx_word' id='word_1_242' title='bbox 633 3898 752 3949; x_wconf 82' lang='lat' dir='ltr'><strong>Nec</strong></span> <span class='ocrx_word' id='word_1_243' title='bbox 786 3898 1117 3949; x_wconf 85' lang='lat' dir='ltr'><strong>incommoda</strong></span> <span class='ocrx_word' id='word_1_244' title='bbox 1147 3899 1270 3949; x_wconf 87' lang='lat' dir='ltr'><strong>mibi</strong></span> <span class='ocrx_word' id='word_1_245' title='bbox 1295 3899 1406 3949; x_wconf 81' lang='lat' dir='ltr'><strong>visa</strong></span> 
     </span>
    </p>
   </div>
   <div class='ocr_carea' id='block_1_7' title="bbox 332 3973 1413 4042">
    <p class='ocr_par' dir='ltr' id='par_1_10' title="bbox 332 3973 1413 4042">
     <span class='ocr_line' id='line_1_47' title="bbox 332 3973 1413 4042; baseline -0.001 -16"><span class='ocrx_word' id='word_1_246' title='bbox 332 3981 415 4042; x_wconf 75' lang='lat' dir='ltr'><strong>est</strong></span> <span class='ocrx_word' id='word_1_247' title='bbox 437 3976 544 4026; x_wconf 84' lang='lat' dir='ltr'><strong>ista</strong></span> <span class='ocrx_word' id='word_1_248' title='bbox 565 3974 728 4030; x_wconf 76' lang='lat' dir='ltr'><strong>lectio</strong></span> <span class='ocrx_word' id='word_1_249' title='bbox 750 3989 768 4035; x_wconf 72' lang='grc' dir='ltr'>ς</span> <span class='ocrx_word' id='word_1_250' title='bbox 805 3983 1110 4039; x_wconf 83' lang='lat' dir='ltr'><strong>propterea,</strong></span> <span class='ocrx_word' id='word_1_251' title='bbox 1133 3973 1277 4039; x_wconf 85' lang='lat' dir='ltr'><strong>quod</strong></span> <span class='ocrx_word' id='word_1_252' title='bbox 1297 3990 1413 4034; x_wconf 71' lang='lat' dir='ltr'><strong>ma-,</strong></span> 
     </span>
    </p>
   </div>
   <div class='ocr_carea' id='block_1_8' title="bbox 334 4052 1406 4118">
    <p class='ocr_par' dir='ltr' id='par_1_11' title="bbox 334 4052 1406 4118">
     <span class='ocr_line' id='line_1_48' title="bbox 334 4052 1406 4118; baseline 0.001 -15"><span class='ocrx_word' id='word_1_253' title='bbox 334 4054 412 4118; x_wconf 76' lang='lat' dir='ltr'><strong>gis</strong></span> <span class='ocrx_word' id='word_1_254' title='bbox 457 4052 528 4103; x_wconf 84' lang='lat' dir='ltr'><strong>ad</strong></span> <span class='ocrx_word' id='word_1_255' title='bbox 573 4053 927 4117; x_wconf 76' lang='lat' dir='ltr'><strong>expiationem</strong></span> <span class='ocrx_word' id='word_1_256' title='bbox 974 4053 1135 4103; x_wconf 79' lang='lat' dir='ltr'><strong>coedis</strong></span> <span class='ocrx_word' id='word_1_257' title='bbox 1174 4055 1406 4104; x_wconf 84' lang='lat' dir='ltr'><strong>innoxio·</strong></span> 
     </span>
    </p>
   </div>
   <div class='ocr_carea' id='block_1_9' title="bbox 332 4123 1417 4200">
    <p class='ocr_par' dir='ltr' id='par_1_12' title="bbox 332 4123 1417 4200">
     <span class='ocr_line' id='line_1_49' title="bbox 332 4123 1417 4200; baseline 0 -20"><span class='ocrx_word' id='word_1_258' title='bbox 332 4143 468 4200; x_wconf 64' lang='lat' dir='ltr'><strong>rum,</strong></span> <span class='ocrx_word' id='word_1_259' title='bbox 492 4138 549 4180; x_wconf 91' lang='lat' dir='ltr'><strong>et</strong></span> <span class='ocrx_word' id='word_1_260' title='bbox 571 4129 637 4180; x_wconf 83' lang='lat' dir='ltr'><strong>ad</strong></span> <span class='ocrx_word' id='word_1_261' title='bbox 649 4129 912 4193; x_wconf 83' lang='lat' dir='ltr'><strong>justitiam</strong></span> <span class='ocrx_word' id='word_1_262' title='bbox 929 4129 1172 4180; x_wconf 79' lang='lat' dir='ltr'><strong>vindictoe</strong></span> <span class='ocrx_word' id='word_1_263' title='bbox 1194 4123 1417 4196; x_wconf 54' lang='lat' dir='ltr'><strong>demon-J</strong></span> 
     </span>
    </p>
   </div>
   <div class='ocr_carea' id='block_1_10' title="bbox 333 4204 1406 4272">
    <p class='ocr_par' dir='ltr' id='par_1_13' title="bbox 333 4204 1406 4272">
     <span class='ocr_line' id='line_1_50' title="bbox 333 4204 1406 4272; baseline -0.003 -14"><span class='ocrx_word' id='word_1_264' title='bbox 333 4207 616 4270; x_wconf 75' lang='lat' dir='ltr'><strong>strandum,</strong></span> <span class='ocrx_word' id='word_1_265' title='bbox 662 4204 843 4256; x_wconf 84' lang='lat' dir='ltr'><strong>facere</strong></span> <span class='ocrx_word' id='word_1_266' title='bbox 884 4205 1142 4271; x_wconf 78' lang='lat' dir='ltr'><strong>videatur,</strong></span> <span class='ocrx_word' id='word_1_267' title='bbox 1177 4206 1222 4256; x_wconf 90' lang='lat' dir='ltr'><strong>si</strong></span> <span class='ocrx_word' id='word_1_268' title='bbox 1256 4204 1406 4272; x_wconf 77' lang='lat' dir='ltr'><strong>flagi·</strong></span> 
     </span>
    </p>
   </div>
   <div class='ocr_carea' id='block_1_11' title="bbox 335 4283 1421 4352">
    <p class='ocr_par' dir='ltr' id='par_1_14' title="bbox 335 4283 1421 4352">
     <span class='ocr_line' id='line_1_51' title="bbox 335 4283 1421 4352; baseline -0.003 -14"><span class='ocrx_word' id='word_1_269' title='bbox 335 4285 452 4338; x_wconf 86' lang='lat' dir='ltr'><strong>tiosi</strong></span> <span class='ocrx_word' id='word_1_270' title='bbox 472 4283 758 4347; x_wconf 76' lang='lat' dir='ltr'><strong>delatores,</strong></span> <span class='ocrx_word' id='word_1_271' title='bbox 780 4289 837 4333; x_wconf 91' lang='lat' dir='ltr'><strong>et</strong></span> <span class='ocrx_word' id='word_1_272' title='bbox 859 4289 1101 4335; x_wconf 84' lang='lat' dir='ltr'><strong>auctores</strong></span> <span class='ocrx_word' id='word_1_273' title='bbox 1136 4289 1221 4334; x_wconf 84' lang='lat' dir='ltr'><strong>tot</strong></span> <span class='ocrx_word' id='word_1_274' title='bbox 1249 4285 1421 4352; x_wconf 24' lang='lat' dir='ltr'><strong>malo-2</strong></span> 
     </span>
    </p>
   </div>
   <div class='ocr_carea' id='block_1_12' title="bbox 2420 366 2552 434">
    <p class='ocr_par' dir='ltr' id='par_1_15' title="bbox 2420 366 2552 434">
     <span class='ocr_line' id='line_1_52' title="bbox 2420 366 2552 434; baseline -0.015 1"><span class='ocrx_word' id='word_1_275' title='bbox 2420 366 2552 434; x_wconf 78' lang='lat'><strong>631</strong></span> 
     </span>
    </p>
   </div>
   <div class='ocr_carea' id='block_1_13' title="bbox 1482 526 2557 896">
    <p class='ocr_par' dir='ltr' id='par_1_16' title="bbox 1482 526 2557 896">
     <span class='ocr_line' id='line_1_53' title="bbox 1485 526 2557 592; baseline 0.002 -14"><span class='ocrx_word' id='word_1_276' title='bbox 1485 541 1620 591; x_wconf 87' lang='lat' dir='ltr'><strong>rum,</strong></span> <span class='ocrx_word' id='word_1_277' title='bbox 1642 541 1800 592; x_wconf 89' lang='lat' dir='ltr'><strong>supra</strong></span> <span class='ocrx_word' id='word_1_278' title='bbox 1820 526 2122 592; x_wconf 71' lang='lat' dir='ltr'><strong>sauguinem</strong></span> <span class='ocrx_word' id='word_1_279' title='bbox 2145 530 2203 577; x_wconf 87' lang='lat' dir='ltr'><strong>et</strong></span> <span class='ocrx_word' id='word_1_280' title='bbox 2225 526 2447 591; x_wconf 77' lang='lat' dir='ltr'><strong>vestigia</strong></span> <span class='ocrx_word' id='word_1_281' title='bbox 2479 529 2557 580; x_wconf 88' lang='lat' dir='ltr'><strong>in·</strong></span> 
     </span>
     <span class='ocr_line' id='line_1_54' title="bbox 1484 599 2552 669; baseline 0.001 -15"><span class='ocrx_word' id='word_1_282' title='bbox 1484 605 1781 667; x_wconf 85' lang='lat' dir='ltr'><strong>noxiorum,</strong></span> <span class='ocrx_word' id='word_1_283' title='bbox 1805 612 2052 669; x_wconf 87' lang='lat' dir='ltr'><strong>tanquam</strong></span> <span class='ocrx_word' id='word_1_284' title='bbox 2078 602 2375 668; x_wconf 87' lang='lat' dir='ltr'><strong>piaculares</strong></span> <span class='ocrx_word' id='word_1_285' title='bbox 2398 599 2552 655; x_wconf 79' lang='lat' dir='ltr'><strong>victi·</strong></span> 
     </span>
     <span class='ocr_line' id='line_1_55' title="bbox 1482 678 2554 748; baseline -0.003 -17"><span class='ocrx_word' id='word_1_286' title='bbox 1482 696 1602 738; x_wconf 62' lang='lat' dir='ltr'><strong>mm,</strong></span> <span class='ocrx_word' id='word_1_287' title='bbox 1639 681 1704 731; x_wconf 88' lang='lat' dir='ltr'><strong>ad</strong></span> <span class='ocrx_word' id='word_1_288' title='bbox 1743 695 1921 746; x_wconf 79' lang='lat' dir='ltr'><strong>poenas</strong></span> <span class='ocrx_word' id='word_1_289' title='bbox 1959 680 2226 744; x_wconf 70' lang='lat' dir='ltr'><strong>graviores</strong></span> <span class='ocrx_word' id='word_1_290' title='bbox 2260 678 2404 729; x_wconf 90' lang='lat' dir='ltr'><strong>ducti</strong></span> <span class='ocrx_word' id='word_1_291' title='bbox 2434 693 2554 748; x_wconf 74' lang='lat' dir='ltr'><strong>ease¹</strong></span> 
     </span>
     <span class='ocr_line' id='line_1_56' title="bbox 1482 755 2555 818; baseline 0 -11"><span class='ocrx_word' id='word_1_292' title='bbox 1482 759 1744 809; x_wconf 86' lang='lat' dir='ltr'><strong>dicautur.</strong></span> <span class='ocrx_word' id='word_1_293' title='bbox 1795 758 1940 808; x_wconf 83' lang='lat' dir='ltr'><strong>Nihil</strong></span> <span class='ocrx_word' id='word_1_294' title='bbox 1964 764 2135 807; x_wconf 84' lang='lat' dir='ltr'><strong>tamen</strong></span> <span class='ocrx_word' id='word_1_295' title='bbox 2152 755 2320 805; x_wconf 83' lang='lat' dir='ltr'><strong>adbuc</strong></span> <span class='ocrx_word' id='word_1_296' title='bbox 2342 756 2555 818; x_wconf 76' lang='lat' dir='ltr'><strong>innovo,</strong></span> 
     </span>
     <span class='ocr_line' id='line_1_57' title="bbox 1484 833 2552 896; baseline -0.001 -11"><span class='ocrx_word' id='word_1_297' title='bbox 1484 835 1722 885; x_wconf 88' lang='lat' dir='ltr'><strong>omnibus</strong></span> <span class='ocrx_word' id='word_1_298' title='bbox 1744 833 2015 885; x_wconf 81' lang='lat' dir='ltr'><strong>codicibus</strong></span> <span class='ocrx_word' id='word_1_299' title='bbox 2037 833 2167 883; x_wconf 80' lang='lat' dir='ltr'><strong>Mas.</strong></span> <span class='ocrx_word' id='word_1_300' title='bbox 2191 833 2420 896; x_wconf 67' lang='lat' dir='ltr'><strong>vulgatae</strong></span> <span class='ocrx_word' id='word_1_301' title='bbox 2444 833 2552 884; x_wconf 86' lang='lat' dir='ltr'><strong>lec·</strong></span> 
     </span>
    </p>
   </div>
   <div class='ocr_carea' id='block_1_14' title="bbox 1462 908 2555 975">
    <p class='ocr_par' dir='ltr' id='par_1_17' title="bbox 1462 908 2555 975">
     <span class='ocr_line' id='line_1_58' title="bbox 1462 908 2555 975; baseline -0.002 -14"><span class='ocrx_word' id='word_1_302' title='bbox 1462 912 1613 961; x_wconf 64' lang='lat' dir='ltr'><strong>*tioui</strong></span> <span class='ocrx_word' id='word_1_303' title='bbox 1646 908 2071 975; x_wconf 70' lang='lat' dir='ltr'><strong>suffragantibus.</strong></span> <span class='ocrx_word' id='word_1_304' title='bbox 2138 908 2242 971; x_wconf 83' lang='lat' dir='ltr'><strong>Ac,</strong></span> <span class='ocrx_word' id='word_1_305' title='bbox 2271 909 2399 960; x_wconf 89' lang='lat' dir='ltr'><strong>licet</strong></span> <span class='ocrx_word' id='word_1_306' title='bbox 2426 909 2555 959; x_wconf 88' lang='lat' dir='ltr'><strong>alias</strong></span> 
     </span>
    </p>
   </div>
   <div class='ocr_carea' id='block_1_15' title="bbox 1474 985 2579 4349">
    <p class='ocr_par' dir='ltr' id='par_1_18' title="bbox 1475 985 2579 1803">
     <span class='ocr_line' id='line_1_59' title="bbox 1480 985 2554 1050; baseline -0.001 -13"><span class='ocrx_word' id='word_1_307' title='bbox 1480 986 1691 1037; x_wconf 85' lang='lat' dir='ltr'><strong>omnino</strong></span> <span class='ocrx_word' id='word_1_308' title='bbox 1714 986 1873 1037; x_wconf 85' lang='lat' dir='ltr'><strong>etiam</strong></span> <span class='ocrx_word' id='word_1_309' title='bbox 1889 985 2083 1036; x_wconf 82' lang='lat' dir='ltr'><strong>innoxii</strong></span> <span class='ocrx_word' id='word_1_310' title='bbox 2104 985 2154 1035; x_wconf 89' lang='lat' dir='ltr'><strong>iu</strong></span> <span class='ocrx_word' id='word_1_311' title='bbox 2180 999 2337 1036; x_wconf 89' lang='lat' dir='ltr'><strong>arena</strong></span> <span class='ocrx_word' id='word_1_312' title='bbox 2356 986 2554 1050; x_wconf 86' lang='lat' dir='ltr'><strong>ampbi·</strong></span> 
     </span>
     <span class='ocr_line' id='line_1_60' title="bbox 1481 1059 2553 1127; baseline -0.001 -14"><span class='ocrx_word' id='word_1_313' title='bbox 1481 1063 1674 1114; x_wconf 82' lang='lat' dir='ltr'><strong>theatri</strong></span> <span class='ocrx_word' id='word_1_314' title='bbox 1705 1063 2008 1127; x_wconf 70' lang='lat' dir='ltr'><strong>sanguiuem</strong></span> <span class='ocrx_word' id='word_1_315' title='bbox 2046 1059 2395 1126; x_wconf 80' lang='lat' dir='ltr'><strong>profuderint,</strong></span> <span class='ocrx_word' id='word_1_316' title='bbox 2430 1074 2553 1112; x_wconf 85' lang='lat' dir='ltr'><strong>cum</strong></span> 
     </span>
     <span class='ocr_line' id='line_1_61' title="bbox 1480 1137 2553 1201; baseline -0.002 -12"><span class='ocrx_word' id='word_1_317' title='bbox 1480 1141 1723 1200; x_wconf 82' lang='lat' dir='ltr'><strong>sciamus,</strong></span> <span class='ocrx_word' id='word_1_318' title='bbox 1753 1140 1910 1189; x_wconf 85' lang='lat' dir='ltr'><strong>etiam</strong></span> <span class='ocrx_word' id='word_1_319' title='bbox 1951 1137 2273 1189; x_wconf 84' lang='lat' dir='ltr'><strong>Christianos</strong></span> <span class='ocrx_word' id='word_1_320' title='bbox 2309 1138 2553 1201; x_wconf 76' lang='lat' dir='ltr'><strong>gravissi·</strong></span> 
     </span>
     <span class='ocr_line' id='line_1_62' title="bbox 1479 1212 2558 1281; baseline -0.002 -14"><span class='ocrx_word' id='word_1_321' title='bbox 1479 1216 1577 1267; x_wconf 87' lang='lat' dir='ltr'><strong>mis</strong></span> <span class='ocrx_word' id='word_1_322' title='bbox 1611 1216 1885 1281; x_wconf 84' lang='lat' dir='ltr'><strong>suppliciis</strong></span> <span class='ocrx_word' id='word_1_323' title='bbox 1916 1215 1969 1264; x_wconf 85' lang='lat' dir='ltr'><strong>in</strong></span> <span class='ocrx_word' id='word_1_324' title='bbox 2010 1228 2169 1265; x_wconf 88' lang='lat' dir='ltr'><strong>arena</strong></span> <span class='ocrx_word' id='word_1_325' title='bbox 2200 1212 2363 1264; x_wconf 84' lang='lat' dir='ltr'><strong>fnisse</strong></span> <span class='ocrx_word' id='word_1_326' title='bbox 2400 1213 2558 1265; x_wconf 78' lang='lat' dir='ltr'><strong>affiic-</strong></span> 
     </span>
     <span class='ocr_line' id='line_1_63' title="bbox 1480 1292 2555 1356; baseline -0.003 -12"><span class='ocrx_word' id='word_1_327' title='bbox 1480 1301 1598 1355; x_wconf 83' lang='lat' dir='ltr'><strong>tos;</strong></span> <span class='ocrx_word' id='word_1_328' title='bbox 1637 1300 1762 1343; x_wconf 90' lang='lat' dir='ltr'><strong>tuuc</strong></span> <span class='ocrx_word' id='word_1_329' title='bbox 1801 1301 1995 1352; x_wconf 85' lang='lat' dir='ltr'><strong>tamen,</strong></span> <span class='ocrx_word' id='word_1_330' title='bbox 2028 1299 2271 1356; x_wconf 85' lang='lat' dir='ltr'><strong>tauquam</strong></span> <span class='ocrx_word' id='word_1_331' title='bbox 2304 1292 2465 1352; x_wconf 80' lang='lat' dir='ltr'><strong>noxii,</strong></span> <span class='ocrx_word' id='word_1_332' title='bbox 2496 1297 2555 1342; x_wconf 88' lang='lat' dir='ltr'><strong>et</strong></span> 
     </span>
     <span class='ocr_line' id='line_1_64' title="bbox 1481 1368 2550 1430; baseline -0.001 -11"><span class='ocrx_word' id='word_1_333' title='bbox 1481 1384 1587 1420; x_wconf 85' lang='lat' dir='ltr'><strong>una</strong></span> <span class='ocrx_word' id='word_1_334' title='bbox 1631 1383 1748 1419; x_wconf 88' lang='lat' dir='ltr'><strong>cum</strong></span> <span class='ocrx_word' id='word_1_335' title='bbox 1792 1381 1915 1418; x_wconf 77' lang='lat' dir='ltr'><strong>vere</strong></span> <span class='ocrx_word' id='word_1_336' title='bbox 1956 1368 2147 1430; x_wconf 83' lang='lat' dir='ltr'><strong>noxiis,</strong></span> <span class='ocrx_word' id='word_1_337' title='bbox 2189 1373 2315 1418; x_wconf 87' lang='lat' dir='ltr'><strong>suut</strong></span> <span class='ocrx_word' id='word_1_338' title='bbox 2370 1369 2550 1418; x_wconf 85' lang='lat' dir='ltr'><strong>occisi.</strong></span> 
     </span>
     <span class='ocr_line' id='line_1_65' title="bbox 1475 1442 2551 1507; baseline -0.003 -11"><span class='ocrx_word' id='word_1_339' title='bbox 1475 1447 1493 1475; x_wconf 80' lang='lat'>⁸</span> <span class='ocrx_word' id='word_1_340' title='bbox 1516 1446 1677 1496; x_wconf 80' lang='lat' dir='ltr'><strong>Noxii</strong></span> <span class='ocrx_word' id='word_1_341' title='bbox 1697 1445 1713 1468; x_wconf 85' lang='lat'>&#39;</span> <span class='ocrx_word' id='word_1_342' title='bbox 1746 1443 1877 1494; x_wconf 92' lang='lat' dir='ltr'><strong>adeo</strong></span> <span class='ocrx_word' id='word_1_343' title='bbox 1916 1442 2226 1493; x_wconf 84' lang='lat' dir='ltr'><strong>dicebantur</strong></span> <span class='ocrx_word' id='word_1_344' title='bbox 2256 1458 2322 1492; x_wconf 89' lang='lat' dir='ltr'><strong>ex</strong></span> <span class='ocrx_word' id='word_1_345' title='bbox 2353 1442 2551 1507; x_wconf 83' lang='lat' dir='ltr'><strong>judicis</strong></span> 
     </span>
     <span class='ocr_line' id='line_1_66' title="bbox 1478 1519 2579 1584; baseline -0.005 -10"><span class='ocrx_word' id='word_1_346' title='bbox 1478 1523 1744 1574; x_wconf 83' lang='lat' dir='ltr'><strong>sententia</strong></span> <span class='ocrx_word' id='word_1_347' title='bbox 1766 1521 1956 1584; x_wconf 83' lang='lat' dir='ltr'><strong>capitis</strong></span> <span class='ocrx_word' id='word_1_348' title='bbox 1979 1520 2232 1569; x_wconf 85' lang='lat' dir='ltr'><strong>damnati.</strong></span> <span class='ocrx_word' id='word_1_349' title='bbox 2282 1519 2553 1583; x_wconf 83' lang='lat' dir='ltr'><strong>Spartiau.</strong></span> <span class='ocrx_word' id='word_1_350' title='bbox 2574 1538 2579 1542; x_wconf 86' lang='lat'><strong>·</strong></span> 
     </span>
     <span class='ocr_line' id='line_1_67' title="bbox 1479 1595 2553 1650; baseline -0.004 0"><span class='ocrx_word' id='word_1_351' title='bbox 1479 1601 1534 1650; x_wconf 85' lang='lat' dir='ltr'><strong>in</strong></span> <span class='ocrx_word' id='word_1_352' title='bbox 1557 1599 1782 1650; x_wconf 83' lang='lat' dir='ltr'><strong>Adrian.</strong></span> <span class='ocrx_word' id='word_1_353' title='bbox 1820 1611 1869 1647; x_wconf 75' lang='lat' dir='ltr'><strong>c.</strong></span> <span class='ocrx_word' id='word_1_354' title='bbox 1895 1600 1976 1648; x_wconf 79' lang='lat'><strong>1⁷.</strong></span> <span class='ocrx_word' id='word_1_355' title='bbox 2010 1596 2027 1624; x_wconf 74' lang='lat'>⁸</span> <span class='ocrx_word' id='word_1_356' title='bbox 2050 1596 2338 1646; x_wconf 78' lang='lat' dir='ltr'><strong>Trecentos</strong></span> <span class='ocrx_word' id='word_1_357' title='bbox 2369 1595 2553 1648; x_wconf 78' lang='lat' dir='ltr'><strong>noxios</strong></span> 
     </span>
     <span class='ocr_line' id='line_1_68' title="bbox 1478 1671 2551 1737; baseline -0.006 -10"><span class='ocrx_word' id='word_1_358' title='bbox 1478 1691 1599 1728; x_wconf 89' lang='lat' dir='ltr'><strong>cum</strong></span> <span class='ocrx_word' id='word_1_359' title='bbox 1630 1676 1826 1726; x_wconf 88' lang='lat' dir='ltr'><strong>auratis</strong></span> <span class='ocrx_word' id='word_1_360' title='bbox 1864 1671 2221 1737; x_wconf 75' lang='lat' dir='ltr'><strong>chlamydibus</strong></span> <span class='ocrx_word' id='word_1_361' title='bbox 2249 1672 2301 1721; x_wconf 92' lang='lat' dir='ltr'><strong>in</strong></span> <span class='ocrx_word' id='word_1_362' title='bbox 2335 1685 2551 1722; x_wconf 81' lang='lat' dir='ltr'><strong>arenam</strong></span> 
     </span>
     <span class='ocr_line' id='line_1_69' title="bbox 1476 1751 1932 1803; baseline -0.007 0"><span class='ocrx_word' id='word_1_363' title='bbox 1476 1751 1657 1803; x_wconf 85' lang='lat' dir='ltr'><strong>misit.&#39;</strong></span> <span class='ocrx_word' id='word_1_364' title='bbox 1692 1751 1932 1801; x_wconf 70' lang='lat' dir='ltr'><strong>Schwa-</strong></span> 
     </span>
    </p>

    <p class='ocr_par' dir='ltr' id='par_1_19' title="bbox 1474 1824 2555 2044">
     <span class='ocr_line' id='line_1_70' title="bbox 1546 1824 2549 1892; baseline -0.005 -13"><span class='ocrx_word' id='word_1_365' title='bbox 1546 1829 1895 1892; x_wconf 69' lang='lat' dir='ltr'><strong>Gravior-eoque</strong></span> <span class='ocrx_word' id='word_1_366' title='bbox 1907 1825 2096 1891; x_wconf 70' lang='lat' dir='ltr'><strong>penna]</strong></span> <span class='ocrx_word' id='word_1_367' title='bbox 2130 1826 2269 1877; x_wconf 85' lang='lat' dir='ltr'><strong>Nam</strong></span> <span class='ocrx_word' id='word_1_368' title='bbox 2291 1824 2549 1888; x_wconf 76' lang='lat' dir='ltr'><strong>gladiato·</strong></span> 
     </span>
     <span class='ocr_line' id='line_1_71' title="bbox 1477 1901 2555 1966; baseline -0.004 -10"><span class='ocrx_word' id='word_1_369' title='bbox 1477 1921 1564 1957; x_wconf 87' lang='lat' dir='ltr'><strong>res</strong></span> <span class='ocrx_word' id='word_1_370' title='bbox 1595 1905 1744 1957; x_wconf 83' lang='lat' dir='ltr'><strong>brevi</strong></span> <span class='ocrx_word' id='word_1_371' title='bbox 1780 1913 1945 1955; x_wconf 88' lang='lat' dir='ltr'><strong>morte</strong></span> <span class='ocrx_word' id='word_1_372' title='bbox 1972 1902 2246 1963; x_wconf 84' lang='lat' dir='ltr'><strong>defuncti;</strong></span> <span class='ocrx_word' id='word_1_373' title='bbox 2281 1902 2380 1966; x_wconf 87' lang='lat' dir='ltr'><strong>ipsi</strong></span> <span class='ocrx_word' id='word_1_374' title='bbox 2416 1901 2555 1952; x_wconf 86' lang='lat' dir='ltr'><strong>inta-</strong></span> 
     </span>
     <span class='ocr_line' id='line_1_72' title="bbox 1474 1979 2540 2044; baseline -0.002 -12"><span class='ocrx_word' id='word_1_375' title='bbox 1474 1983 1698 2033; x_wconf 85' lang='lat' dir='ltr'><strong>bescere</strong></span> <span class='ocrx_word' id='word_1_376' title='bbox 1718 1982 1885 2044; x_wconf 82' lang='lat' dir='ltr'><strong>poenis</strong></span> <span class='ocrx_word' id='word_1_377' title='bbox 1907 1981 2013 2031; x_wconf 89' lang='lat' dir='ltr'><strong>suia</strong></span> <span class='ocrx_word' id='word_1_378' title='bbox 2034 1979 2305 2031; x_wconf 85' lang='lat' dir='ltr'><strong>destinati.</strong></span> <span class='ocrx_word' id='word_1_379' title='bbox 2336 1979 2476 2043; x_wconf 73' lang='lat' dir='ltr'><strong>Lips.</strong></span> <span class='ocrx_word' id='word_1_380' title='bbox 2533 2027 2540 2038; x_wconf 83' lang='lat'><em>,</em></span> 
     </span>
    </p>

    <p class='ocr_par' dir='ltr' id='par_1_20' title="bbox 1476 2055 2557 3046">
     <span class='ocr_line' id='line_1_73' title="bbox 1546 2055 2553 2121; baseline -0.001 -14"><span class='ocrx_word' id='word_1_381' title='bbox 1546 2058 1778 2120; x_wconf 66' lang='lat' dir='ltr'><strong>Congedi</strong></span> <span class='ocrx_word' id='word_1_382' title='bbox 1809 2062 1926 2108; x_wconf 67' lang='lat' dir='ltr'><strong>sumt</strong></span> <span class='ocrx_word' id='word_1_383' title='bbox 1952 2057 2005 2106; x_wconf 72' lang='lat' dir='ltr'><strong>in</strong></span> <span class='ocrx_word' id='word_1_384' title='bbox 2030 2056 2254 2121; x_wconf 68' lang='lat' dir='ltr'><strong>navigia]</strong></span> <span class='ocrx_word' id='word_1_385' title='bbox 2295 2056 2422 2105; x_wconf 82' lang='lat' dir='ltr'><strong>Fuit</strong></span> <span class='ocrx_word' id='word_1_386' title='bbox 2452 2055 2553 2106; x_wconf 79' lang='lat' dir='ltr'><strong>boc</strong></span> 
     </span>
     <span class='ocr_line' id='line_1_74' title="bbox 1481 2132 2551 2198; baseline -0.001 -14"><span class='ocrx_word' id='word_1_387' title='bbox 1481 2134 1622 2198; x_wconf 85' lang='lat' dir='ltr'><strong>apud</strong></span> <span class='ocrx_word' id='word_1_388' title='bbox 1657 2142 1865 2186; x_wconf 82' lang='lat' dir='ltr'><strong>veteres</strong></span> <span class='ocrx_word' id='word_1_389' title='bbox 1906 2134 2045 2184; x_wconf 85' lang='lat' dir='ltr'><strong>inter</strong></span> <span class='ocrx_word' id='word_1_390' title='bbox 2086 2132 2327 2198; x_wconf 84' lang='lat' dir='ltr'><strong>supplicii</strong></span> <span class='ocrx_word' id='word_1_391' title='bbox 2365 2146 2551 2196; x_wconf 70' lang='lat' dir='ltr'><strong>genus.</strong></span> 
     </span>
     <span class='ocr_line' id='line_1_75' title="bbox 1477 2209 2557 2263; baseline -0.005 0"><span class='ocrx_word' id='word_1_392' title='bbox 1477 2212 1569 2263; x_wconf 87' lang='lat' dir='ltr'><strong>Sic</strong></span> <span class='ocrx_word' id='word_1_393' title='bbox 1602 2212 1816 2263; x_wconf 80' lang='lat' dir='ltr'><strong>sueton.</strong></span> <span class='ocrx_word' id='word_1_394' title='bbox 1838 2212 1974 2262; x_wconf 65' lang='lat' dir='ltr'><strong>Cos.</strong></span> <span class='ocrx_word' id='word_1_395' title='bbox 2008 2224 2059 2261; x_wconf 86' lang='lat' dir='ltr'><strong>c.</strong></span> <span class='ocrx_word' id='word_1_396' title='bbox 2086 2213 2171 2260; x_wconf 77' lang='grc'><strong>66.</strong></span> <span class='ocrx_word' id='word_1_397' title='bbox 2206 2209 2557 2259; x_wconf 84' lang='lat' dir='ltr'><strong>‘Vetustissi-</strong></span> 
     </span>
     <span class='ocr_line' id='line_1_76' title="bbox 1477 2289 2550 2353; baseline -0.003 -14"><span class='ocrx_word' id='word_1_398' title='bbox 1477 2304 1565 2339; x_wconf 88' lang='lat' dir='ltr'><strong>ma</strong></span> <span class='ocrx_word' id='word_1_399' title='bbox 1587 2303 1720 2340; x_wconf 81' lang='lat' dir='ltr'><strong>nave</strong></span> <span class='ocrx_word' id='word_1_400' title='bbox 1745 2289 2034 2353; x_wconf 83' lang='lat' dir='ltr'><strong>impositos,</strong></span> <span class='ocrx_word' id='word_1_401' title='bbox 2057 2300 2366 2353; x_wconf 82' lang='lat' dir='ltr'><strong>quocunque</strong></span> <span class='ocrx_word' id='word_1_402' title='bbox 2393 2291 2550 2336; x_wconf 81' lang='lat' dir='ltr'><strong>vento</strong></span> 
     </span>
     <span class='ocr_line' id='line_1_77' title="bbox 1478 2361 2552 2431; baseline -0.004 -15"><span class='ocrx_word' id='word_1_403' title='bbox 1478 2366 1531 2416; x_wconf 90' lang='lat' dir='ltr'><strong>iu</strong></span> <span class='ocrx_word' id='word_1_404' title='bbox 1565 2379 1903 2431; x_wconf 87' lang='lat' dir='ltr'><strong>quascunque</strong></span> <span class='ocrx_word' id='word_1_405' title='bbox 1936 2371 2106 2414; x_wconf 89' lang='lat' dir='ltr'><strong>terras</strong></span> <span class='ocrx_word' id='word_1_406' title='bbox 2136 2363 2334 2427; x_wconf 80' lang='lat' dir='ltr'><strong>jubebo</strong></span> <span class='ocrx_word' id='word_1_407' title='bbox 2363 2361 2552 2413; x_wconf 79' lang='lat' dir='ltr'><strong>avehi.&#39;</strong></span> 
     </span>
     <span class='ocr_line' id='line_1_78' title="bbox 1479 2441 2550 2507; baseline -0.004 -14"><span class='ocrx_word' id='word_1_408' title='bbox 1479 2443 1566 2493; x_wconf 86' lang='lat' dir='ltr'><strong>Ita</strong></span> <span class='ocrx_word' id='word_1_409' title='bbox 1588 2442 1756 2507; x_wconf 82' lang='lat' dir='ltr'><strong>puniti</strong></span> <span class='ocrx_word' id='word_1_410' title='bbox 1792 2450 1849 2492; x_wconf 88' lang='lat' dir='ltr'><strong>et</strong></span> <span class='ocrx_word' id='word_1_411' title='bbox 1879 2456 1913 2492; x_wconf 77' lang='lat' dir='ltr'><strong>a</strong></span> <span class='ocrx_word' id='word_1_412' title='bbox 1934 2441 2077 2497; x_wconf 81' lang='lat' dir='ltr'><strong>Tito,</strong></span> <span class='ocrx_word' id='word_1_413' title='bbox 2104 2441 2321 2492; x_wconf 86' lang='lat' dir='ltr'><strong>Sueton.</strong></span> <span class='ocrx_word' id='word_1_414' title='bbox 2357 2454 2477 2503; x_wconf 84' lang='lat' dir='ltr'><strong>cap.</strong></span> <span class='ocrx_word' id='word_1_415' title='bbox 2500 2444 2550 2493; x_wconf 88' lang='grc'><strong>8.</strong></span> 
     </span>
     <span class='ocr_line' id='line_1_79' title="bbox 1479 2518 2549 2583; baseline -0.003 -14"><span class='ocrx_word' id='word_1_416' title='bbox 1479 2527 1539 2569; x_wconf 94' lang='lat' dir='ltr'><strong>et</strong></span> <span class='ocrx_word' id='word_1_417' title='bbox 1558 2520 1643 2570; x_wconf 88' lang='lat' dir='ltr'><strong>bic</strong></span> <span class='ocrx_word' id='word_1_418' title='bbox 1665 2534 1697 2568; x_wconf 84' lang='lat' dir='ltr'><strong>a</strong></span> <span class='ocrx_word' id='word_1_419' title='bbox 1716 2519 1962 2583; x_wconf 80' lang='lat' dir='ltr'><strong>Trajauo.</strong></span> <span class='ocrx_word' id='word_1_420' title='bbox 2014 2519 2153 2569; x_wconf 85' lang='lat' dir='ltr'><strong>Item</strong></span> <span class='ocrx_word' id='word_1_421' title='bbox 2176 2518 2297 2569; x_wconf 87' lang='lat' dir='ltr'><strong>olim</strong></span> <span class='ocrx_word' id='word_1_422' title='bbox 2313 2531 2349 2566; x_wconf 79' lang='lat' dir='ltr'><strong>a</strong></span> <span class='ocrx_word' id='word_1_423' title='bbox 2371 2527 2549 2582; x_wconf 75' lang='lat' dir='ltr'><strong>tyran-</strong></span> 
     </span>
     <span class='ocr_line' id='line_1_80' title="bbox 1479 2592 2549 2657; baseline -0.005 -11"><span class='ocrx_word' id='word_1_424' title='bbox 1479 2598 1580 2657; x_wconf 86' lang='lat' dir='ltr'><strong>nis,</strong></span> <span class='ocrx_word' id='word_1_425' title='bbox 1610 2596 1892 2647; x_wconf 80' lang='lat' dir='ltr'><strong>Christiani</strong></span> <span class='ocrx_word' id='word_1_426' title='bbox 1921 2595 2142 2645; x_wconf 86' lang='lat' dir='ltr'><strong>nominis</strong></span> <span class='ocrx_word' id='word_1_427' title='bbox 2166 2592 2425 2656; x_wconf 64' lang='lat' dir='ltr'><strong>osoribus,</strong></span> <span class='ocrx_word' id='word_1_428' title='bbox 2449 2593 2549 2643; x_wconf 81' lang='lat' dir='ltr'><strong>viri</strong></span> 
     </span>
     <span class='ocr_line' id='line_1_81' title="bbox 1476 2670 2551 2725; baseline -0.006 0"><span class='ocrx_word' id='word_1_429' title='bbox 1476 2675 1665 2725; x_wconf 90' lang='lat' dir='ltr'><strong>sancti.</strong></span> <span class='ocrx_word' id='word_1_430' title='bbox 1747 2674 1938 2723; x_wconf 86' lang='lat' dir='ltr'><strong>Victor</strong></span> <span class='ocrx_word' id='word_1_431' title='bbox 1980 2671 2048 2721; x_wconf 84' lang='lat' dir='ltr'><strong>de</strong></span> <span class='ocrx_word' id='word_1_432' title='bbox 2083 2670 2376 2725; x_wconf 83' lang='lat' dir='ltr'><strong>Geiserico,</strong></span> <span class='ocrx_word' id='word_1_433' title='bbox 2407 2670 2551 2719; x_wconf 85' lang='lat' dir='ltr'><strong>Van·</strong></span> 
     </span>
     <span class='ocr_line' id='line_1_82' title="bbox 1479 2744 2549 2812; baseline -0.006 -11"><span class='ocrx_word' id='word_1_434' title='bbox 1479 2751 1621 2812; x_wconf 85' lang='lat' dir='ltr'><strong>daln,</strong></span> <span class='ocrx_word' id='word_1_435' title='bbox 1669 2749 1906 2800; x_wconf 76' lang='lat' dir='ltr'><strong>Ariana:</strong></span> <span class='ocrx_word' id='word_1_436' title='bbox 1958 2747 2282 2798; x_wconf 80' lang='lat' dir='ltr'><strong>‘Maximam</strong></span> <span class='ocrx_word' id='word_1_437' title='bbox 2340 2744 2549 2795; x_wconf 89' lang='lat' dir='ltr'><strong>turbam</strong></span> 
     </span>
     <span class='ocr_line' id='line_1_83' title="bbox 1477 2822 2553 2885; baseline -0.008 -6"><span class='ocrx_word' id='word_1_438' title='bbox 1477 2828 1790 2879; x_wconf 87' lang='lat' dir='ltr'><strong>clericorum</strong></span> <span class='ocrx_word' id='word_1_439' title='bbox 1847 2825 2058 2875; x_wconf 82' lang='lat' dir='ltr'><strong>navibus</strong></span> <span class='ocrx_word' id='word_1_440' title='bbox 2118 2822 2300 2873; x_wconf 82' lang='lat' dir='ltr'><strong>fractis</strong></span> <span class='ocrx_word' id='word_1_441' title='bbox 2339 2822 2553 2885; x_wconf 85' lang='lat' dir='ltr'><strong>imposi-</strong></span> 
     </span>
     <span class='ocr_line' id='line_1_84' title="bbox 1481 2899 2550 2967; baseline -0.007 -12"><span class='ocrx_word' id='word_1_442' title='bbox 1481 2910 1606 2962; x_wconf 85' lang='lat' dir='ltr'><strong>tam,</strong></span> <span class='ocrx_word' id='word_1_443' title='bbox 1629 2902 1799 2953; x_wconf 89' lang='lat' dir='ltr'><strong>nudos</strong></span> <span class='ocrx_word' id='word_1_444' title='bbox 1820 2910 1981 2967; x_wconf 83' lang='lat' dir='ltr'><strong>atque</strong></span> <span class='ocrx_word' id='word_1_445' title='bbox 2009 2901 2329 2967; x_wconf 85' lang='lat' dir='ltr'><strong>exspoliatos</strong></span> <span class='ocrx_word' id='word_1_446' title='bbox 2351 2899 2550 2964; x_wconf 80' lang='lat' dir='ltr'><strong>expelli</strong></span> 
     </span>
     <span class='ocr_line' id='line_1_85' title="bbox 1478 2971 1962 3046; baseline 0 -15"><span class='ocrx_word' id='word_1_447' title='bbox 1478 2971 1763 3046; x_wconf 56' lang='lat' dir='ltr'><strong>precipit?</strong></span> <span class='ocrx_word' id='word_1_448' title='bbox 1806 2979 1962 3031; x_wconf 74' lang='lat' dir='ltr'><strong>Bm.</strong></span> 
     </span>
    </p>

    <p class='ocr_par' dir='ltr' id='par_1_21' title="bbox 1474 3048 2555 4273">
     <span class='ocr_line' id='line_1_86' title="bbox 1539 3048 2548 3119; baseline -0.008 -12"><span class='ocrx_word' id='word_1_449' title='bbox 1539 3058 1769 3119; x_wconf 67' lang='lat' dir='ltr'><strong>Congesta·</strong></span> <span class='ocrx_word' id='word_1_450' title='bbox 1780 3055 1918 3119; x_wconf 70' lang='lat' dir='ltr'><strong>aaut]</strong></span> <span class='ocrx_word' id='word_1_451' title='bbox 1939 3053 2169 3105; x_wconf 81' lang='lat' dir='ltr'><strong>verbnm</strong></span> <span class='ocrx_word' id='word_1_452' title='bbox 2191 3053 2208 3082; x_wconf 88' lang='lat'>‘</span> <span class='ocrx_word' id='word_1_453' title='bbox 2224 3065 2516 3116; x_wconf 80' lang='lat' dir='ltr'><strong>congerere</strong></span> <span class='ocrx_word' id='word_1_454' title='bbox 2533 3048 2548 3071; x_wconf 83' lang='lat'>’</span> 
     </span>
     <span class='ocr_line' id='line_1_87' title="bbox 1478 3131 2547 3200; baseline -0.007 -15"><span class='ocrx_word' id='word_1_455' title='bbox 1478 3133 1793 3200; x_wconf 83' lang='lat' dir='ltr'><strong>frequenter</strong></span> <span class='ocrx_word' id='word_1_456' title='bbox 1838 3132 2049 3199; x_wconf 81' lang='lat' dir='ltr'><strong>quidem</strong></span> <span class='ocrx_word' id='word_1_457' title='bbox 2093 3131 2162 3181; x_wconf 82' lang='lat' dir='ltr'><strong>de</strong></span> <span class='ocrx_word' id='word_1_458' title='bbox 2209 3131 2383 3188; x_wconf 82' lang='lat' dir='ltr'><strong>rebus,</strong></span> <span class='ocrx_word' id='word_1_459' title='bbox 2426 3142 2547 3193; x_wconf 72' lang='lat' dir='ltr'><strong>qnae</strong></span> 
     </span>
     <span class='ocr_line' id='line_1_88' title="bbox 1479 3207 2549 3270; baseline -0.007 -7"><span class='ocrx_word' id='word_1_460' title='bbox 1479 3213 1762 3263; x_wconf 80' lang='lat' dir='ltr'><strong>acervatim</strong></span> <span class='ocrx_word' id='word_1_461' title='bbox 1798 3209 2143 3261; x_wconf 84' lang='lat' dir='ltr'><strong>conferuntur</strong></span> <span class='ocrx_word' id='word_1_462' title='bbox 2188 3215 2243 3258; x_wconf 88' lang='lat' dir='ltr'><strong>ct</strong></span> <span class='ocrx_word' id='word_1_463' title='bbox 2296 3207 2549 3270; x_wconf 79' lang='lat' dir='ltr'><strong>colligun-</strong></span> 
     </span>
     <span class='ocr_line' id='line_1_89' title="bbox 1480 3285 2545 3352; baseline -0.008 -12"><span class='ocrx_word' id='word_1_464' title='bbox 1480 3297 1590 3352; x_wconf 81' lang='lat' dir='ltr'><strong>tur,</strong></span> <span class='ocrx_word' id='word_1_465' title='bbox 1609 3302 1727 3339; x_wconf 89' lang='lat' dir='ltr'><strong>raro</strong></span> <span class='ocrx_word' id='word_1_466' title='bbox 1753 3294 1929 3338; x_wconf 89' lang='lat' dir='ltr'><strong>autem</strong></span> <span class='ocrx_word' id='word_1_467' title='bbox 1960 3286 2025 3336; x_wconf 96' lang='lat' dir='ltr'><strong>de</strong></span> <span class='ocrx_word' id='word_1_468' title='bbox 2061 3285 2298 3351; x_wconf 84' lang='lat' dir='ltr'><strong>personis</strong></span> <span class='ocrx_word' id='word_1_469' title='bbox 2329 3299 2545 3348; x_wconf 79' lang='lat' dir='ltr'><strong>usurpa·</strong></span> 
     </span>
     <span class='ocr_line' id='line_1_90' title="bbox 1477 3361 2550 3424; baseline -0.006 -9"><span class='ocrx_word' id='word_1_470' title='bbox 1477 3372 1584 3415; x_wconf 89' lang='lat' dir='ltr'><strong>tur.</strong></span> <span class='ocrx_word' id='word_1_471' title='bbox 1651 3364 1807 3415; x_wconf 85' lang='lat' dir='ltr'><strong>Unde</strong></span> <span class='ocrx_word' id='word_1_472' title='bbox 1855 3361 2097 3413; x_wconf 80' lang='lat' dir='ltr'><strong>hariolari</strong></span> <span class='ocrx_word' id='word_1_473' title='bbox 2147 3374 2428 3424; x_wconf 84' lang='lat' dir='ltr'><strong>coeperam,</strong></span> <span class='ocrx_word' id='word_1_474' title='bbox 2481 3373 2550 3411; x_wconf 87' lang='lat' dir='ltr'><strong>au</strong></span> 
     </span>
     <span class='ocr_line' id='line_1_91' title="bbox 1477 3436 2553 3505; baseline -0.005 -15"><span class='ocrx_word' id='word_1_475' title='bbox 1477 3439 1616 3492; x_wconf 84' lang='lat' dir='ltr'><strong>forte</strong></span> <span class='ocrx_word' id='word_1_476' title='bbox 1639 3438 1993 3505; x_wconf 84' lang='lat' dir='ltr'><strong>reponendum</strong></span> <span class='ocrx_word' id='word_1_477' title='bbox 2016 3437 2219 3500; x_wconf 67' lang='lat' dir='ltr'><strong>conjecti</strong></span> <span class='ocrx_word' id='word_1_478' title='bbox 2243 3438 2297 3487; x_wconf 73' lang='lat' dir='ltr'><strong>in</strong></span> <span class='ocrx_word' id='word_1_479' title='bbox 2321 3436 2518 3497; x_wconf 69' lang='lat' dir='ltr'><strong>navigia</strong></span> <span class='ocrx_word' id='word_1_480' title='bbox 2531 3451 2553 3496; x_wconf 81' lang='lat'><strong>,-</strong></span> 
     </span>
     <span class='ocr_line' id='line_1_92' title="bbox 1476 3513 2550 3584; baseline -0.007 -16"><span class='ocrx_word' id='word_1_481' title='bbox 1476 3519 1596 3584; x_wconf 89' lang='lat' dir='ltr'><strong>quia</strong></span> <span class='ocrx_word' id='word_1_482' title='bbox 1630 3518 1861 3568; x_wconf 87' lang='lat' dir='ltr'><strong>homines</strong></span> <span class='ocrx_word' id='word_1_483' title='bbox 1889 3514 2082 3579; x_wconf 64' lang='lat' dir='ltr'><strong>sepius</strong></span> <span class='ocrx_word' id='word_1_484' title='bbox 2110 3514 2355 3564; x_wconf 90' lang='lat' dir='ltr'><strong>dicuntur</strong></span> <span class='ocrx_word' id='word_1_485' title='bbox 2373 3513 2550 3581; x_wconf 78' lang='lat' dir='ltr'><strong>&#39;etiam</strong></span> 
     </span>
     <span class='ocr_line' id='line_1_93' title="bbox 1477 3587 2550 3658; baseline -0.007 -13"><span class='ocrx_word' id='word_1_486' title='bbox 1477 3595 1707 3658; x_wconf 86' lang='lat' dir='ltr'><strong>conjecti</strong></span> <span class='ocrx_word' id='word_1_487' title='bbox 1741 3593 1794 3642; x_wconf 93' lang='lat' dir='ltr'><strong>in</strong></span> <span class='ocrx_word' id='word_1_488' title='bbox 1827 3591 2051 3648; x_wconf 76' lang='lat' dir='ltr'><strong>vincula,</strong></span> <span class='ocrx_word' id='word_1_489' title='bbox 2086 3591 2140 3640; x_wconf 91' lang='lat' dir='ltr'><strong>in</strong></span> <span class='ocrx_word' id='word_1_490' title='bbox 2179 3603 2457 3645; x_wconf 89' lang='lat' dir='ltr'><strong>carcerem.</strong></span> <span class='ocrx_word' id='word_1_491' title='bbox 2494 3587 2550 3638; x_wconf 85' lang='lat' dir='ltr'><strong>iu</strong></span> 
     </span>
     <span class='ocr_line' id='line_1_94' title="bbox 1474 3662 2555 3727; baseline -0.008 -6"><span class='ocrx_word' id='word_1_492' title='bbox 1474 3662 1736 3727; x_wconf 77' lang='lat' dir='ltr'><strong>latumias,</strong></span> <span class='ocrx_word' id='word_1_493' title='bbox 1777 3672 1876 3719; x_wconf 67' lang='grc' dir='ltr'><strong>ἅτ.</strong></span> <span class='ocrx_word' id='word_1_494' title='bbox 1931 3668 2182 3719; x_wconf 83' lang='lat' dir='ltr'><strong>Attamen</strong></span> <span class='ocrx_word' id='word_1_495' title='bbox 2217 3666 2338 3715; x_wconf 74' lang='lat' dir='ltr'><strong>ltuic</strong></span> <span class='ocrx_word' id='word_1_496' title='bbox 2381 3665 2555 3713; x_wconf 82' lang='lat' dir='ltr'><strong>hario-</strong></span> 
     </span>
     <span class='ocr_line' id='line_1_95' title="bbox 1475 3743 2552 3812; baseline -0.008 -12"><span class='ocrx_word' id='word_1_497' title='bbox 1475 3749 1659 3800; x_wconf 88' lang='lat' dir='ltr'><strong>lationi</strong></span> <span class='ocrx_word' id='word_1_498' title='bbox 1694 3762 1863 3812; x_wconf 85' lang='lat' dir='ltr'><strong>neque</strong></span> <span class='ocrx_word' id='word_1_499' title='bbox 1898 3745 2119 3809; x_wconf 86' lang='lat' dir='ltr'><strong>alicujus</strong></span> <span class='ocrx_word' id='word_1_500' title='bbox 2154 3743 2350 3794; x_wconf 90' lang='lat' dir='ltr'><strong>codicis</strong></span> <span class='ocrx_word' id='word_1_501' title='bbox 2372 3757 2552 3792; x_wconf 89' lang='lat' dir='ltr'><strong>manu·</strong></span> 
     </span>
     <span class='ocr_line' id='line_1_96' title="bbox 1478 3821 2551 3891; baseline -0.007 -15"><span class='ocrx_word' id='word_1_502' title='bbox 1478 3827 1664 3891; x_wconf 82' lang='lat' dir='ltr'><strong>scripti</strong></span> <span class='ocrx_word' id='word_1_503' title='bbox 1701 3840 1869 3890; x_wconf 88' lang='lat' dir='ltr'><strong>neque</strong></span> <span class='ocrx_word' id='word_1_504' title='bbox 1892 3825 2013 3873; x_wconf 81' lang='lat' dir='ltr'><strong>libri</strong></span> <span class='ocrx_word' id='word_1_505' title='bbox 2057 3823 2235 3872; x_wconf 82' lang='lat' dir='ltr'><strong>excusi</strong></span> <span class='ocrx_word' id='word_1_506' title='bbox 2266 3821 2551 3871; x_wconf 84' lang='lat' dir='ltr'><strong>auctoritas</strong></span> 
     </span>
     <span class='ocr_line' id='line_1_97' title="bbox 1479 3897 2543 3963; baseline -0.008 -8"><span class='ocrx_word' id='word_1_507' title='bbox 1479 3904 1758 3955; x_wconf 82' lang='lat' dir='ltr'><strong>succurrit.</strong></span> <span class='ocrx_word' id='word_1_508' title='bbox 1821 3900 2047 3963; x_wconf 59' lang='lat' dir='ltr'><strong>Adhuc,</strong></span> <span class='ocrx_word' id='word_1_509' title='bbox 2068 3900 2229 3949; x_wconf 81' lang='lat' dir='ltr'><strong>nihilo</strong></span> <span class='ocrx_word' id='word_1_510' title='bbox 2253 3900 2420 3948; x_wconf 90' lang='lat' dir='ltr'><strong>minus</strong></span> <span class='ocrx_word' id='word_1_511' title='bbox 2443 3897 2543 3948; x_wconf 89' lang='lat' dir='ltr'><strong>eti-</strong></span> 
     </span>
     <span class='ocr_line' id='line_1_98' title="bbox 1479 3976 2552 4034; baseline -0.008 -1"><span class='ocrx_word' id='word_1_512' title='bbox 1479 3996 1563 4033; x_wconf 75' lang='lat' dir='ltr'><strong>am</strong></span> <span class='ocrx_word' id='word_1_513' title='bbox 1587 3980 1823 4030; x_wconf 85' lang='lat' dir='ltr'><strong>homines</strong></span> <span class='ocrx_word' id='word_1_514' title='bbox 1845 3977 2104 4029; x_wconf 87' lang='lat' dir='ltr'><strong>interdum</strong></span> <span class='ocrx_word' id='word_1_515' title='bbox 2127 3976 2373 4027; x_wconf 88' lang='lat' dir='ltr'><strong>dicuntur</strong></span> <span class='ocrx_word' id='word_1_516' title='bbox 2393 3976 2409 4004; x_wconf 89' lang='lat'>‘</span> <span class='ocrx_word' id='word_1_517' title='bbox 2426 3989 2552 4034; x_wconf 48' lang='lat' dir='ltr'><strong>con&lt;</strong></span> 
     </span>
     <span class='ocr_line' id='line_1_99' title="bbox 1479 4052 2550 4125; baseline -0.007 -16"><span class='ocrx_word' id='word_1_518' title='bbox 1479 4058 1633 4125; x_wconf 70' lang='lat' dir='ltr'><strong>geri-³</strong></span> <span class='ocrx_word' id='word_1_519' title='bbox 1694 4058 1784 4107; x_wconf 89' lang='lat' dir='ltr'><strong>Sic</strong></span> <span class='ocrx_word' id='word_1_520' title='bbox 1811 4058 1921 4107; x_wconf 90' lang='lat' dir='ltr'><strong>Cic.</strong></span> <span class='ocrx_word' id='word_1_521' title='bbox 1938 4057 2092 4106; x_wconf 88' lang='lat' dir='ltr'><strong>Brut.</strong></span> <span class='ocrx_word' id='word_1_522' title='bbox 2113 4071 2232 4118; x_wconf 86' lang='lat' dir='ltr'><strong>cap.</strong></span> <span class='ocrx_word' id='word_1_523' title='bbox 2252 4059 2336 4105; x_wconf 81' lang='grc'><strong>86.</strong></span> <span class='ocrx_word' id='word_1_524' title='bbox 2370 4054 2387 4082; x_wconf 89' lang='lat'>‘</span> <span class='ocrx_word' id='word_1_525' title='bbox 2408 4052 2550 4103; x_wconf 87' lang='lat' dir='ltr'><strong>Illud</strong></span> 
     </span>
     <span class='ocr_line' id='line_1_100' title="bbox 1479 4131 2546 4196; baseline -0.005 -10"><span class='ocrx_word' id='word_1_526' title='bbox 1479 4136 1651 4186; x_wconf 87' lang='lat' dir='ltr'><strong>minus</strong></span> <span class='ocrx_word' id='word_1_527' title='bbox 1687 4131 1851 4190; x_wconf 86' lang='lat' dir='ltr'><strong>curo,’</strong></span> <span class='ocrx_word' id='word_1_528' title='bbox 1887 4133 2075 4196; x_wconf 83' lang='lat' dir='ltr'><strong>inquit,</strong></span> <span class='ocrx_word' id='word_1_529' title='bbox 2107 4131 2281 4196; x_wconf 84' lang='lat' dir='ltr'><strong>‘quod</strong></span> <span class='ocrx_word' id='word_1_530' title='bbox 2329 4144 2546 4195; x_wconf 77' lang='lat' dir='ltr'><strong>conges-</strong></span> 
     </span>
     <span class='ocr_line' id='line_1_101' title="bbox 1480 4207 2211 4273; baseline -0.007 -12"><span class='ocrx_word' id='word_1_531' title='bbox 1480 4211 1598 4261; x_wconf 89' lang='lat' dir='ltr'><strong>sisti</strong></span> <span class='ocrx_word' id='word_1_532' title='bbox 1621 4207 1930 4273; x_wconf 52' lang='lat' dir='ltr'><strong>operariosss</strong></span> <span class='ocrx_word' id='word_1_533' title='bbox 1964 4209 2211 4258; x_wconf 68' lang='lat' dir='ltr'><strong>Schwart-</strong></span> 
     </span>
    </p>

    <p class='ocr_par' dir='ltr' id='par_1_22' title="bbox 1549 4280 2549 4349">
     <span class='ocr_line' id='line_1_102' title="bbox 1549 4280 2549 4349; baseline -0.006 -12"><span class='ocrx_word' id='word_1_534' title='bbox 1549 4288 1613 4337; x_wconf 73' lang='lat' dir='ltr'><strong>Ia</strong></span> <span class='ocrx_word' id='word_1_535' title='bbox 1653 4284 1877 4349; x_wconf 66' lang='lat' dir='ltr'><strong>nauigia]</strong></span> <span class='ocrx_word' id='word_1_536' title='bbox 1936 4282 2198 4348; x_wconf 78' lang='lat' dir='ltr'><strong>observo,</strong></span> <span class='ocrx_word' id='word_1_537' title='bbox 2247 4281 2407 4333; x_wconf 84' lang='lat' dir='ltr'><strong>fuisse</strong></span> <span class='ocrx_word' id='word_1_538' title='bbox 2448 4280 2549 4331; x_wconf 87' lang='lat' dir='ltr'><strong>boc</strong></span> 
     </span>
    </p>
   </div>
  </div>
 </body>
</html>
