3017 4942
750 389 813 434 Ο.
862 385 1108 435 Pul-111
1159 385 1496 436 Saeuum
1544 386 1823 436 PANEG.
1902 388 1948 434 t.

333 543 342 553 ·
383 532 569 589 Quibus
584 531 826 596 sepositis]
859 530 1116 595 ‘Sepoui’
1148 530 1383 581 homines

309 607 579 668 dicuntur,
614 608 703 670 qui
738 608 821 654 vel
856 614 1046 669 sponte
1078 605 1143 655 ad
1175 614 1382 671 tempus

311 699 366 733 se
390 699 422 732 a
444 684 606 732 certis
625 683 850 744 negotiis
868 683 1239 746 sejungunt,et
1258 698 1383 747 qna·

308 759 351 809 si
374 760 646 815 abdicant,
666 758 899 823 aliasque
918 773 999 808 res
1022 767 1206 808 curant
1224 774 1240 819 ;
1268 773 1314 806 v.
1331 773 1382 822 g.

310 839 451 900 apud
485 836 655 886 Tacit.
691 835 834 884 Hist.
871 839 1039 884 ir.33.
1073 835 1088 863 ‘
1112 835 1382 887 Interesse

311 927 502 976 puguae
535 912 923 975 imperatorem,
959 925 1023 960 an
1055 912 1255 975 seponi,
1276 927 1382 961 me-

309 989 411 1039 lius
451 987 609 1045 foret,
644 987 951 1037 dubitavere
977 985 1012 1035 ε’
1058 987 1139 1035 vel
1185 988 1272 1050 qui
1315 987 1381 1038 ab

310 1067 534 1115 aliorum
570 1072 875 1126 conspectu,
912 1069 1159 1127 tanquam
1197 1063 1383 1121 odiosi,

307 1144 363 1205 ,in
387 1143 494 1191 alia
530 1143 645 1191 loca
681 1147 1046 1197 removentur3
1082 1153 1130 1189 v.
1156 1155 1207 1201 g.
1240 1139 1379 1203 apud

307 1220 480 1269 Tacit.
503 1217 694 1267 Annal.
721 1231 798 1266 iv.
819 1220 902 1266 44.
953 1222 966 1243 ‘
993 1215 1195 1265 Sororis
1221 1229 1381 1280 nepo·

310 1302 419 1344 tem
463 1293 697 1357 seposuit
730 1292 995 1354 Augustus
1026 1291 1078 1340 in
1112 1292 1380 1343 civitatem

307 1372 718 1430 Massiliensem,
753 1370 845 1418 ubi
880 1370 1055 1433 specie
1093 1362 1381 1421 studiorum

309 1462 501 1497 nomen
526 1447 667 1495 exilii
689 1444 989 1510 tegeretni·.’
1045 1445 1200 1510 Apud
1224 1447 1382 1498 eund.

307 1524 455 1573 Hist.
492 1536 534 1572 1.
572 1526 655 1572 88.
684 1522 984 1585 ‘Sepositus
1016 1535 1111 1585 per
1147 1537 1236 1572 eos
1271 1524 1382 1573 dies

308 1601 586 1650 Cornelius
601 1598 876 1648 Dolabella
888 1598 939 1647 in
955 1599 1208 1649 coloniam
1221 1599 1381 1665 Aqui·

309 1675 525 1725 natem.'
594 1674 747 1738 Apud
790 1675 1008 1725 Sueton.
1027 1675 1141 1725 Tib.
1162 1690 1279 1738 cap.
1303 1679 1384 1726 15.

308 1753 322 1780 ‘
364 1751 609 1816 Agrippa
649 1750 890 1802 abdicato
936 1759 1096 1816 atque
1136 1751 1384 1814 seposito,

309 1838 515 1880 certum
559 1838 693 1892 erat,
726 1830 809 1878 uni
858 1843 1005 1893 spem
1048 1829 1386 1879 successionis

306 1905 649 1972 incumbere?
694 1907 868 1956 Etiam
889 1910 905 1936 ⁴
926 1906 1206 1970 sepositus·
1227 1920 1384 1968 gene-

309 1984 468 2034 ratim
506 1984 701 2032 dicitur
744 1991 1003 2046 remotus3
1058 1998 1108 2032 v.
1154 1998 1204 2047 g.
1243 1981 1384 2046 apud

311 2061 553 2110 Martial.
596 2060 841 2123 Spectac.
884 2061 1051 2125 epigr.
1094 2064 1144 2109 8.
1197 2066 1211 2088 ‘
1250 2060 1383 2112 Quae

310 2142 419 2185 tam
444 2137 676 2198 seposita
699 2144 800 2197 est,
827 2151 946 2201 qnae
978 2150 1105 2200 gens
1139 2141 1244 2185 tam
1270 2137 1385 2186 bar·

311 2212 461 2274 bara,
491 2213 688 2268 Caesar.
726 2214 807 2261 Ex
842 2227 943 2276 qna
980 2218 1247 2276 spectator
1283 2228 1384 2262 non

311 2290 382 2341 sit
407 2291 468 2338 in·
486 2291 615 2345 urbe
641 2291 793 2340 tua?’
843 2291 948 2340 Hic
980 2289 996 2317 ‘
1018 2290 1234 2354 sepositi
1254 2288 1271 2313 '
1308 2289 1386 2341 di-

307 2368 505 2419 cuntur
539 2369 574 2416 ii
604 2369 710 2431 qui,
736 2375 853 2431 post
882 2369 1178 2418 exantlatos
1201 2368 1386 2431 magis·

315 2451 510 2507 tratus,
525 2452 710 2507 sponte
726 2452 1053 2494 secesserant
1072 2445 1124 2492 in
1143 2458 1234 2495 sua
1251 2459 1384 2508 prm·

311 2521 425 2582 dia,
449 2528 512 2570 nt
533 2522 740 2584 privati,
774 2537 835 2571 ac
868 2522 1031 2571 veluti
1061 2522 1279 2584 sejuncti
1319 2523 1385 2571 ab

313 2599 531 2647 urbanis
556 2599 799 2661 negotiis,
823 2599 1082 2649 viverent.
1115 2600 1266 2650 Idem.

308 2709 322 2716 -
381 2675 447 2724 In
480 2675 620 2738 rura]
656 2676 743 2725 Sic
784 2674 947 2725 Atilio
986 2675 1187 2738 Regulo
1224 2677 1388 2726 conti-

315 2751 439 2814 git3
494 2750 571 2800 sic
616 2751 866 2802 Quinctio
908 2751 1216 2802 Cincinnato
1250 2754 1388 2803 aliis·

315 2842 437 2891 qne.
472 2827 605 2876 Vide
633 2828 744 2876 Val.
766 2828 914 2877 Max.
940 2841 1017 2878 ιν.
1038 2833 1089 2878 4.
1124 2830 1349 2881 Patami.

381 2905 447 2954 In
468 2902 607 2965 rura]
642 2904 705 2954 C.
724 2904 936 2954 Atilium
964 2906 1218 2969 Regulum
1238 2908 1385 2956 intel·

315 2980 454 3044 ligit,
480 2982 615 3031 illius
650 2982 835 3045 Reguli
871 2982 1050 3046 filium,
1074 2985 1161 3048 qui
1200 2993 1387 3048 captus

316 3061 630 3122 occisusque
654 3074 684 3106 a
708 3059 883 3108 Poenis
920 3058 1035 3108 fuit.
1103 3060 1245 3110 Huic
1270 3075 1390 3123 cog·

316 3148 508 3185 nomeu
531 3134 752 3184 Serrano
776 3137 860 3185 alii
877 3134 1096 3192 faciunt,
1120 3146 1171 3186 et
1190 3138 1388 3187 Plinius

316 3215 559 3261 sums.
595 3213 762 3275 ‘qnod
788 3221 1049 3264 serentem
1081 3216 1392 3265 invenerunt

315 3289 427 3337 dati
462 3288 721 3338 honores!
786 3288 890 3339 Alii
913 3299 1088 3340 tamen
1108 3293 1388 3342 Sarranum

314 3366 574 3422 scribunt,
596 3365 743 3429 quasi
775 3366 991 3430 Tyrium
1029 3369 1110 3416 vel
1148 3368 1390 3429 Poenum,

317 3443 441 3506 quia
467 3450 620 3504 pater
643 3443 781 3505 apud
806 3458 894 3492 eos
919 3451 1170 3494 mortuus.
1236 3443 1390 3494 Adde

317 3518 378 3574 L.
397 3518 701 3569 Quinctium
722 3519 1102 3575 Cincinnatum,
1120 3521 1200 3570 cni
1218 3521 1391 3571 aranti

318 3593 583 3644 dictatura
606 3595 800 3647 delata.
867 3597 970 3646 Sed
1008 3607 1181 3647 tamen
1211 3599 1262 3648 hi
1286 3613 1391 3648 non

318 3672 482 3722 toties
523 3672 791 3728 consules:
848 3673 1026 3736 itaque
1072 3675 1270 3725 dictum
1310 3681 1392 3725 est

316 3748 546 3799 oratorie
570 3756 623 3797 et
648 3749 699 3796 ἐν
720 3747 909 3807 πλάτει,
933 3750 1000 3800 de
1015 3751 1137 3801 aliis
1158 3751 1392 3816 ejusdem

317 3825 419 3874 sevi
438 3833 496 3873 et
523 3827 867 3888 paupertatis.
901 3827 1036 3890 Lips.
1111 3846 1118 3851 ·

384 3903 724 3966 Proegravem]
781 3905 1080 3967 Per-gravem
1127 3904 1297 3955 Livin.
1339 3905 1390 3954 in

322 3987 458 4030 text.
498 3978 589 4026 sed
617 3978 669 4028 in
693 3982 946 4044 margine,
979 3984 994 4011 ‘
1012 3980 1149 4033 forte
1178 3996 1390 4045 praegra·

319 4053 460 4105 vem?

393 4135 463 4184 Ut
478 4134 801 4199 praegmrem]
834 4133 952 4184 Jam
988 4134 1249 4184 Livineius
1270 4150 1394 4184 con-

1458 533 1556 581 enl
1595 531 1748 582 istam
1772 531 2126 595 conjecturam
2144 528 2351 582 firmant
2377 531 2525 583 codi-

1456 623 1546 658 ces
1585 610 1716 658 Mss.
1756 608 2080 664 Parisiensis,
2113 608 2345 658 Venetus
2383 616 2524 659 nter·

1459 699 1579 749 que,
1602 685 2112 748 Gnelplierbytanus‚
2133 691 2187 733 et
2210 699 2373 733 meus.
2400 708 2405 715 ·
2436 685 2529 739 Sic

1460 773 1584 808 vero
1627 761 1784 811 etiam
1826 760 2045 824 Lipsius,
2084 769 2141 809 et
2177 759 2382 823 quidam
2420 762 2528 826 alii,

1457 833 1592 886 hanc
1615 838 1893 887 lectionem
1915 836 2209 887 ediderunt.
2268 838 2522 903 Equidem

1456 913 1875 976 praepositiones,
1906 929 2011 976 proe
2047 919 2102 963 et
2142 929 2245 978 per,
2280 929 2347 964 ex
2385 930 2523 966 com·

1458 989 1649 1052 pendio
1665 990 1935 1053 scripturae
1954 992 2004 1038 in
2019 989 2283 1040 codicibus
2300 992 2528 1056 antiquis

1457 1079 1600 1128 saepe
1616 1064 1880 1127 confundi,
1897 1067 2279 1118 animadvertas
2297 1084 2314 1130 ς
2352 1070 2528 1131 placet

1457 1146 1654 1203 tamen,
1680 1143 1763 1192 hic
1791 1143 1972 1207 magis,
1999 1159 2314 1207 pregravem,
2338 1153 2526 1210 utpote

1456 1218 1723 1268 distinctis
1768 1220 1935 1270 literis
1995 1235 2317 1285 expressum,
2374 1237 2527 1288 quam

1450 1310 1748 1359 pergi-ovem,
1771 1298 1871 1359 legi
1892 1312 1910 1358 ς
1943 1311 2058 1346 eum
2083 1298 2218 1347 illins
2241 1300 2381 1348 vocis
2408 1315 2527 1351 usus

1458 1385 1573 1421 aevo
1613 1372 1852 1421 Pliniano
1887 1371 2044 1422 fuerit
2082 1371 2525 1426 familiarissimus.

1455 1448 1549 1497 Uti
1591 1462 1712 1496 vero
1747 1462 1934 1497 nomen
1982 1448 2205 1511 simplex
2244 1465 2413 1511 grave,
2446 1453 2524 1503 ita

1457 1523 1614 1573 etiam
1638 1526 1981 1589 compositum
2012 1538 2280 1588 proegraoe,
2313 1528 2524 1591 proprie

1456 1613 1560 1663 non
1604 1603 1770 1650 solum
1808 1608 1955 1652 notat
1991 1603 2322 1668 idem,·quod
2362 1604 2528 1656 habet

1458 1676 1682 1739 pondus,
1704 1684 1794 1727 aut
1816 1676 1953 1742 quod
1980 1678 2322 1741 ponderosum
2345 1687 2447 1737 est,
2471 1687 2531 1733 et

1458 1759 1661 1811 onerat,
1695 1754 1844 1817 cujus
1876 1753 2101 1804 notionis
2137 1755 2372 1819 exempla
2394 1770 2529 1820 ›pas-

1459 1819 1553 1886 sim
1590 1838 1897 1894 occurrunt;
1933 1833 2025 1882 sed
2057 1833 2232 1892 etiam,
2261 1833 2395 1897 quod
2417 1849 2528 1884 mo·

1458 1905 1669 1969 lestum,
1706 1914 1763 1958 et
1786 1907 1900 1956 aliis
1923 1908 2165 1972 invisum,
2191 1918 2349 1973 atque
2385 1912 2529 1961 odio·

1459 1998 1592 2047 sum,
1614 1998 1676 2033 ac
1699 1985 1863 2035 minus
1883 1985 2158 2037 tolerabile
2178 1995 2278 2037 est.
2311 1988 2398 2040 Sic
2419 1989 2530 2039 Pli-

1459 2060 1576 2113 nius
1614 2062 1806 2125 Major,
1841 2076 1942 2112 vu.
1975 2067 2025 2115 6.
2060 2063 2146 2113 nbi
2170 2065 2238 2113 de
2279 2065 2532 2129 Vipsanio

1458 2137 1699 2203 Agrippa
1714 2155 1887 2189 sermo
1910 2149 2009 2204 est,
2032 2141 2047 2169 ‘
2063 2142 2238 2193 Soceri
2255 2157 2526 2207 proegrave

1457 2214 1768 2265 servitium.'
1835 2216 1922 2268 Sic
1943 2225 1995 2266 et
2020 2219 2189 2272 Tacit.
2222 2220 2444 2283 saepins3
2481 2234 2533 2269 v.

1459 2306 1509 2354 g.
1535 2292 1674 2342 Hist.
1699 2306 1737 2341 1.
1758 2297 1839 2343 21.
1884 2296 1899 2322 ⁸
1927 2296 2071 2346 Otho
2094 2295 2528 2359 fingebat....prae-

1458 2383 1672 2433 gravem
1691 2384 1746 2419 se
1772 2370 1970 2419 Neroni
1994 2370 2205 2422 fuisse.'·
2242 2372 2392 2425 Idem
2418 2373 2528 2423 An-

1459 2446 1560 2496 nal.
1599 2459 1679 2495 xr.
1722 2450 1801 2495 19.
1853 2453 1867 2476 ⁸
1891 2448 1983 2497 Sin
2024 2463 2275 2513 prospere
2314 2450 2528 2513 egisset,

1458 2519 1836 2571 formidolosum
1865 2524 1980 2586 paci
2002 2525 2164 2574 virum
2185 2525 2457 2590 insignem,
2474 2533 2532 2576 et

1459 2596 1649 2658 ignavo
1684 2598 1910 2660 principi
1944 2601 2295 2664 praegravem?
2364 2602 2532 2652 Recte

1460 2680 1638 2723 monet
1661 2673 1994 2737 Arntzenius,
2019 2677 2373 2740 lianc-vocem,
2402 2688 2529 2742 μνά-

1455 2762 1670 2809 gravem,
1694 2762 1794 2797 non
1830 2749 1914 2799 liic
1950 2749 2278 2802 referendam
2313 2767 2430 2802 esse
2464 2755 2533 2804 sd

1460 2839 1588 2873 onus
1615 2827 1771 2889 ipsius
1797 2829 2116 2891 consulatus,
2148 2830 2269 2894 quia
2290 2831 2529 2882 nulla'in-

1462 2900 1529 2954 de.
1570 2902 1733 2963 gloria
1770 2902 1994 2966 Trajano
2027 2906 2222 2968 acquiri
2263 2907 2537 2973 potuisset,

1462 2978 1504 3026 si
1532 2977 1654 3041 fuga
1678 2979 1868 3028 laboris
1905 2988 1957 3028 et
1983 2982 2326 3031 molestiarum
2351 2998 2532 3035 curam

1463 3057 1792 3118 reipublicae,
1838 3064 2080 3121 tanquam
2112 3059 2207 3108 sibi
2243 3073 2532 3119 onerosam,

1463 3133 1730 3195 suscipere
1769 3132 2140 3184 detrectasset.
2201 3135 2380 3201 Atque
2401 3138 2534 3188 adeo

1457 3222 1758 3270 pra’graoem
1781 3212 1996 3274 exponit
2034 3226 2129 3275 per
2158 3213 2231 3273 id,
2258 3212 2396 3278 quod
2422 3214 2530 3264 Pli-

1463 3288 1580 3337 nius
1598 3288 1767 3349 paullo
1784 3295 1902 3337 ante
1918 3289 2141 3352 dixerat,
2161 3298 2175 3319 ⁴
2193 3284 2533 3349 invidiosum)

1465 3364 1607 3425 item,
1629 3364 1766 3426 quod
1788 3363 1972 3414 durum
1992 3373 2046 3415 et
2064 3367 2390 3418 intolerabile
2409 3369 2534 3418 libe·

1463 3453 1537 3503 rae
1562 3439 1782 3502 civitati,
1809 3442 1952 3505 qttasi
1979 3444 2277 3492 continuum
2301 3444 2532 3495 consuis·

1467 3521 1574 3565 tum
1601 3514 1848 3578 principis
1870 3516 2001 3578 pati.
2068 3518 2261 3579 Credo,
2285 3518 2417 3568 banc
2440 3534 2532 3569 ex·

1465 3591 1799 3655 plicationem
1823 3588 1976 3640 facile
2001 3593 2175 3642 multis
2199 3596 2324 3643 satis
2355 3595 2535 3646 verisi-

1465 3669 1638 3735 milem
1678 3669 1838 3716 visum
1876 3668 1969 3728 ii·i;
2005 3683 2035 3717 a
2074 3684 2175 3734 qua
2214 3685 2312 3721 nec
2349 3686 2448 3736 ego
2476 3673 2554 3723 tu-

1465 3743 1757 3792 universum
1783 3757 1892 3792 sum
1918 3743 2148 3795 alienus:
2189 3755 2314 3809 puto
2340 3754 2533 3807 tamen,

1467 3818 1830 3869 Germanicum
1847 3819 2206 3884 interpretem,
2223 3823 2533 3883 Dammium,

1466 3894 1668 3944 aetitius
1708 3893 2018 3944 senteutiam
2054 3898 2212 3947 Plinii
2249 3899 2536 3962 inspexisse

1465 3981 1520 4039 et
1540 3974 1877 4037 expressisse,
1898 3974 2225 4037 quandoliaec
2243 3977 2400 4029 verba
2417 3979 2537 4029 rod-

1466 4049 1618 4112 didit,
1652 4051 1727 4098 als
1758 4049 1861 4099 eine
1903 4066 1962 4098 zu
2006 4051 2229 4114 wichtige
2269 4056 2533 4107 nudaber-

1462 4128 1671 4189 miissige
1683 4127 1809 4176 ehre.
1875 4126 2089 4177 Scilicet
2113 4130 2127 4156 ‘
2152 4131 2432 4193 praegravis
2447 4133 2537 4184 ho-

313 4209 545 4274 jecerat,
585 4225 881 4275 praegravem
925 4225 1037 4259 esse
1099 4212 1395 4275 legendum,
1462 4196 1592 4257 'nor’
1629 4203 1818 4251 dicitur
1850 4196 2087 4252 hocloco
2111 4204 2532 4267 praeponderaus,

325 4285 413 4336 ubi
439 4287 592 4353 vulgo
613 4288 833 4352 legimus
849 4300 1145 4350 pergravem.
1210 4285 1388 4352 Atque

1467 4281 1708 4344 eximius,
1743 4280 2061 4344 praecipuus,
2100 4282 2418 4348 ampliorque
2444 4284 2534 4337 ho·
