3017 4942
440 348 586 423 ,678

453 513 692 574 tempore
727 506 945 575 quodvis
976 507 1304 561 honorarium
1339 511 1407 560 et'
1428 523 1521 560 ex·

454 586 853 638 traordinarium
896 587 1158 651 pensionis
1193 587 1305 636 sive
1336 585 1523 636 tributi

453 677 617 727 genus
643 663 928 715 vocabatur
949 670 966 694 ³
981 663 1232 721 collatio,'
1257 664 1341 713 vel
1360 663 1521 713 etiam

451 737 732 805 aliquando
763 739 780 767 ‘
800 739 994 791 oblatio
1009 738 1045 801 ;’
1073 739 1277 804 quaudo
1299 755 1331 790 a
1354 755 1521 805 popu·

451 815 507 866 lo
539 816 772 866 Romano
806 816 1086 881 sociisque,
1126 818 1210 866 vel
1242 823 1431 880 sponte
1463 822 1522 866 et

451 892 614 954 ultro,
625 907 725 942 nec
739 905 804 942 ex
820 892 1034 954 indicto,
1046 907 1260 943 munera
1272 899 1416 944 certa
1427 893 1523 943 im·

450 969 782 1033 peratoribus
817 967 1191 1027 offerebantur,
1230 970 1334 1028 vel,
1359 984 1522 1035 quan·

450 1043 522 1096 do
554 1051 729 1096 certus
768 1047 1002 1110 pecunioe
1026 1046 1209 1097 modus
1231 1046 1385 1097 alicui
1407 1062 1523 1098 cor-

449 1122 567 1187 pori
593 1123 668 1173 ita
691 1122 1079 1188 imponebatur,
1105 1131 1164 1173 ut
1186 1124 1267 1187 iis,
1286 1124 1373 1190 qui
1399 1138 1523 1175 con-

451 1197 676 1262 ferrent,
691 1199 911 1251 liberum
936 1200 1343 1266 relinqueretur,
1363 1215 1523 1267 quan·

454 1280 564 1325 tum
604 1290 671 1325 ex
709 1277 992 1340 partitione
1026 1278 1214 1343 cuique
1240 1286 1376 1328 esset
1399 1293 1523 1328 cou-

450 1349 746 1402 ferendum.
781 1353 1088 1418 Cujusmodi
1121 1356 1140 1384 ⁴
1160 1353 1523 1406 collationum'

442 1429 612 1479 ‘variae
635 1436 788 1480 erant
811 1431 1129 1493 occasiones,
1153 1446 1205 1482 v.
1239 1447 1287 1496 g.
1315 1431 1415 1482 sub
1432 1447 1522 1482 au-

449 1505 671 1569 spicium
699 1507 920 1571 imperii,
952 1516 1173 1573 propter
1197 1508 1443 1559 victorias
1469 1514 1525 1559 et

450 1577 752 1648 triumphos.
787 1585 906 1635 Huc
922 1585 1155 1651 inprimis
1171 1585 1523 1636 refertur‘au·

447 1674 565 1710 rum
596 1661 964 1726 coronarium,'
987 1665 1053 1713 de
1076 1677 1181 1728 quo
1215 1678 1320 1714 nou
1357 1679 1525 1728 pauca

451 1739 663 1801 collegit
679 1740 885 1804 Lipsius
901 1739 967 1789 de
989 1740 1354 1802 Magnitudine
1372 1741 1527 1792 Rom.

448 1828 516 1866 ιι.
537 1821 588 1866 9.
644 1817 895 1868 Suetonio
928 1817 1212 1882 referente,
1234 1819 1285 1869 iu
1306 1821 1523 1870 Nerone

450 1907 571 1958 cap.
594 1897 678 1945 44.
738 1897 880 1946 Nero
916 1896 1020 1953 hic.
1052 1903 1067 1927 ‘
1089 1896 1141 1946 in
1177 1897 1523 1962 proeparanda

451 1970 817 2034 expeditione,
858 2007 872 2024 .
895 2004 910 2021 .
936 2005 951 2021 .
976 1980 1179 2037 partem
1211 1974 1372 2024 etiam
1400 1989 1516 2025 cen·

449 2062 539 2098 sus
563 2063 743 2099 omnes
766 2049 977 2100 ordines
1000 2050 1244 2102 conferre
1264 2053 1443 2116 jussit,
1465 2058 1524 2103 et

448 2123 663 2187 insuper
686 2125 963 2190 inquilinos
985 2127 1305 2190 privatarum
1331 2129 1522 2179 sedium
1563 2173 1573 2184 ὰ

416 2260 422 2266 ⁴
451 2207 609 2264 atque
634 2201 937 2263 insularum,
958 2204 1259 2267 pensionem
1300 2220 1523 2256 annuam

451 2285 832 2341 representare
851 2278 1007 2342 fisco;
1040 2281 1323 2346 exegitque
1342 2282 1523 2346 ingen·

451 2353 495 2404 tl
517 2352 728 2405 fastidio
750 2363 807 2404 et
839 2357 1130 2407 acerbitate
1152 2372 1414 2408 nummum
1439 2373 1521 2407 as·

448 2442 655 2495 perum,
673 2463 688 2481 .
704 2465 719 2482 .
737 2437 796 2482 ut
811 2433 1046 2497 plerique
1062 2448 1264 2485 omnem
1283 2437 1523 2486 collatio·

448 2520 568 2557 nem
592 2509 764 2571 palam
789 2509 1127 2559 recusarent.'
1176 2512 1284 2562 Sub
1314 2512 1521 2577 Augus-

451 2589 526 2644 to,
566 2590 584 2612 ‘
612 2584 663 2634 in
709 2586 1095 2637 restitutionem
1135 2587 1396 2640 Palatium
1429 2589 1523 2639 do-

448 2674 583 2725 mus,
604 2661 847 2712 incendio
864 2662 1140 2727 absumtae,
1161 2666 1413 2729 veterani,
1430 2666 1523 2716 de-

449 2739 628 2800 curioe,
652 2739 837 2797 tribus,
861 2747 1019 2806 atque
1042 2742 1201 2791 etiam
1226 2742 1522 2806 singulatim

450 2829 481 2864 e
502 2822 684 2865 cetero
706 2830 898 2880 genere
923 2817 1203 2876 bominum,
1220 2817 1445 2869 libentes
1462 2834 1525 2870 ac

414 2953 419 2956 ,
450 2905 559 2954 pro⁴
591 2891 848 2943 facultate
889 2894 1109 2959 quisque
1155 2894 1528 2959 contulerunt,'

448 2976 694 3019 narrante
723 2971 941 3020 Sueton-
979 2971 1117 3036 Aug.
1155 2985 1273 3034 cap.
1309 2976 1394 3022 57.
1460 2972 1525 3022 C.

452 3043 631 3093 Caesar
663 3045 919 3109 Caligula,
940 3052 956 3074 ‘
978 3045 1086 3095 filia
1123 3053 1271 3108 nata,
1303 3062 1525 3112 pauper-

450 3125 636 3177 tatem,
649 3134 748 3171 nec
761 3123 873 3183 jam
894 3122 1225 3185 imperatoria
1242 3124 1414 3181 modo,
1428 3124 1524 3173 sed

413 3261 418 3266 ¹
451 3201 511 3244 et
540 3197 711 3259 patria
734 3211 1062 3263 conquerens
1094 3214 1272 3262 onera,
1292 3202 1521 3251 collatio·

452 3285 547 3321 nes
565 3274 616 3321 in
640 3273 930 3323 alimoniam
949 3271 1107 3340 atque
1137 3275 1313 3327 dotem
1334 3278 1523 3342 puellm

451 3348 696 3413 recepit,’
722 3356 858 3400 teste
895 3351 1079 3400 eodem
1116 3352 1329 3403 Sueton.
1355 3354 1525 3419 Calig.

452 3439 574 3489 cap·
588 3430 674 3478 42.
731 3426 1099 3492 Hujusmodi‘
1121 3431 1457 3482 collationes’
1493 3448 1526 3483 a

452 3578 665 3644 quidem
696 3595 856 3645 saepe,
877 3580 970 3631 sed
1003 3586 1527 3651 nontextorqueban-

451 3664 574 3721 tur3
608 3657 763 3708 immo
786 3672 884 3709 nec
905 3672 1023 3709 raro
1047 3667 1062 3689 ⁸
1089 3662 1528 3715 remittebantur.'

450 3727 731 3802 Augustus
746 3734 813 3784 de
836 3749 890 3785 se
913 3736 1047 3801 ipso,
1070 3737 1122 3786 in
1152 3738 1328 3802 lapide
1349 3740 1529 3806 Ancy-
1567 3733 1572 3737 ’

453 3825 604 3869 rano,
641 3826 1390 3881 mvutctptts081300mulls
1410 3830 1529 3867 ITA·

450 3885 1087 3940 UA13000urssnanrlnvs.
1096 3905 1190 3941 ΑΙ)
1197 3905 1529 3943 'rmvmrnos

453 3975 1201 4019 unos-vacTVM.cousv1.
1225 3982 1445 4020 auulsi
1460 3984 1530 4021 8⁶1·

455 4052 686 4091 PosTEA·
699 4054 1174 4097 Qvo'rmscvunvn·
1191 4059 1531 4097 lMPERA'roR

457 4149 472 4167 ο
494 4149 510 4166 0
543 4130 677 4168 ΛΝΒ.
708 4130 1102 4171 ΟΟΒΟΝΑΒῙὙΜο
1132 4136 1268 4173 NON·
1306 4138 1532 4176 ancum.

458 4194 551 4246 Sic
582 4195 733 4244 Titus
764 4195 1131 4258 Vespasianus,
1155 4206 1292 4250 teste
1313 4193 1532 4253 Sueton.

457 4283 577 4336 cap.
601 4273 653 4321 7.
685 4273 700 4299 ⁶
723 4283 789 4321 ne
811 4282 1082 4338 concessas
1119 4275 1328 4340 quidem
1363 4291 1427 4329 ac
1448 4271 1533 4348 so-

1157 362 1379 416 NOTAE
1429 360 1844 415 vammum
1894 363 1973 414 nl

1596 507 1719 560 litas
1740 508 2047 560 collationes
2068 506 2324 574 recepit.'.
2353 507 2549 559 Contra
2569 507 2669 560 du·-

1598 584 1765 634 riores
1790 584 2054 650 principes
2087 582 2447 648 efflagitabant
2479 592 2538 635 et
2571 597 2669 650 est-

1599 660 1929 725 torquebant.
1995 661 2162 725 Nero,
2202 669 2261 713 ut
2295 662 2511 713 Sueton-
2545 676 2678 732 cap.

1597 743 1681 790 38.
1714 747 1916 804 narrat,
1940 745 1955 768 ‘
1978 740 2337 794 collationibus
2359 754 2459 791 non
2484 754 2672 808 recep-

1599 816 1666 865 tis
1689 815 1864 875 modo,
1895 831 2074 867 verum
2109 825 2163 867 et
2198 815 2514 881 efflagitatis.
2544 832 2670 882 pro-

1599 891 1818 955 vincias,
1861 893 2284 959 privatorumque
2328 908 2532 956 census,
2574 909 2672 944 ex-

1597 969 1805 1021 haunit)
1870 971 1998 1021 Cum
2018 985 2143 1021 vero
2164 971 2363 1021 Plinius
2378 971 2445 1021 de
2468 970 2670 1022 ceteris

1598 1045 1927 1096 liberalitatis
1981 1046 2419 1114 benignitatisque
2454 1046 2673 1112 Trajani

1597 1122 1874 1186 generibus
1897 1138 2055 1188 supra
2077 1125 2269 1188 egerit,
2289 1140 2338 1175 v.
2360 1140 2410 1189 g.
2427 1124 2494 1174 de
2514 1132 2672 1175 ‘con-

1597 1199 1761 1265 giario
1779 1199 1793 1221 ’
1813 1208 1870 1251 et
1890 1203 1907 1230 ‘
1934 1200 2219 1259 donativo‚’
2238 1216 2355 1265 cap.
2379 1207 2463 1252 25.
2484 1207 2568 1252 26.
2583 1205 2675 1253 28.

1597 1276 1665 1326 de
1686 1282 1702 1306 ⁴
1725 1277 1924 1327 abactis
1946 1276 2307 1336 delatoribus‚’
2341 1292 2459 1342 cap.
2490 1284 2575 1329 34.
2607 1283 2674 1328 et

1596 1358 1681 1404 35.
1713 1355 1730 1383 ‘
1755 1354 1821 1403 de
1859 1354 2202 1417 vectigalibus
2243 1354 2581 1421 temperatis,'
2617 1369 2674 1405 c.

1595 1433 1809 1482 87—40.
1840 1430 2022 1480 mirum
2042 1437 2141 1487 est.
2162 1445 2256 1482 cur
2280 1446 2380 1482 non
2410 1433 2570 1483 etiam
2594 1429 2675 1482 ibi

1597 1508 1900 1559 nominatim
1924 1508 2236 1559 mentionem
2258 1508 2497 1573 injecerit
2525 1510 2543 1539 ‘
2563 1508 2675 1560 col-

1596 1582 1845 1647 lationum
1870 1583 2198 1634 remissarum
2213 1600 2231 1647 ς
2246 1583 2259 1605 ’
2293 1585 2391 1634 nisi
2407 1584 2545 1634 forte
2564 1586 2672 1636 huc

1596 1657 1810 1716 referas,
1831 1674 1896 1710 ex
1913 1675 2030 1725 cap.
2045 1665 2130 1711 1⁷.
2144 1675 2318 1714 aurum
2341 1663 2672 1732 coronarium

1597 1736 1751 1785 sociis
1792 1750 1895 1786 nou
1933 1744 2233 1789 extortum:
2285 1740 2303 1770 ‘
2324 1738 2555 1801 Videor,'
2589 1738 2673 1802 in·

1597 1814 1730 1878 quit,
1766 1814 1905 1877 ‘jam
1947 1828 2178 1868 cernere.
2202 1829 2305 1866 non
2335 1816 2511 1879 spoliis
2549 1829 2673 1881 pro·

1595 1890 1904 1948 vinciarum,
1933 1897 1988 1940 et
2006 1896 2215 1941 extorto
2239 1891 2393 1942 sociis
2416 1907 2564 1956 auro,
2584 1924 2602 1942 .
2620 1924 2637 1943 .
2659 1924 2677 1943 .

1561 2029 1566 2034 ¹
1596 1967 1911 2032 triumphum
1936 1968 2198 2032 gravem.’.
2217 1969 2458 2020 &bacar-z·

1659 2046 1955 2095 Domitiam
1976 2046 2261 2111 reddidisse]
2310 2047 2392 2098 De
2424 2048 2440 2076 ‘
2462 2047 2674 2097 donati·

1598 2134 1663 2170 vo
1683 2124 1698 2146 ²
1732 2121 1842 2170 dixi
1866 2137 2024 2187 supra
2049 2122 2117 2173 ad
2153 2138 2207 2187 p.
2226 2128 2342 2174 555.
2360 2130 2377 2154 ⁸
2397 2123 2641 2176 Reddere
2658 2123 2675 2146 ’

1595 2201 1681 2251 bic
1699 2202 1914 2266 ponitur
1932 2217 2027 2267 pro
2040 2202 2261 2267 simplici
2280 2202 2456 2263 verbo,
2475 2209 2491 2231 ‘
2507 2199 2674 2251 dara-⁶

1598 2279 1919 2343 Praepositio
1941 2279 2079 2329 enim
2113 2279 2479 2344 inseparabilis
2501 2292 2557 2327 re
2578 2278 2676 2328 ali·
2729 2273 2744 2278 “

1599 2356 1808 2421 quaudo
1831 2357 1883 2406 in
1907 2356 2082 2406 verbis
2105 2354 2408 2420 compositis
2433 2369 2535 2404 non
2559 2370 2671 2405 mu·

1563 2481 1572 2491 x
1599 2439 1676 2483 tat
1717 2431 2145 2498 significationem
2200 2431 2533 2496 simplicium,
2578 2439 2673 2482 aut

1559 2573 1562 2576 Ι
1597 2516 1743 2582 certe
1765 2524 1868 2560 non
1892 2508 2379 2573 reciprocationem,
2404 2509 2488 2558 vel
2509 2508 2674 2557 reite-

1598 2585 1746 2637 randi
1770 2592 1965 2649 actum,
1987 2591 2254 2649 connotat,
2293 2589 2350 2634 ut
2387 2584 2441 2633 in
2478 2582 2672 2640 verbis,

1597 2667 1613 2692 ⁴
1638 2662 1955 2726 resciscere:
1996 2668 2012 2690 ‘
2036 2660 2299 2718 revereri‚'
2342 2661 2361 2689 ⁴
2396 2658 2674 2725 recipere‚'

1596 2738 1615 2766 ‘
1633 2736 2050 2802 repraesentare-⁹
2115 2735 2393 2800 sigillatim
2416 2736 2485 2785 de
2506 2727 2672 2806 verbo

1596 2815 1612 2845 ⁴
1633 2815 1887 2878 reddere,'
1910 2816 2008 2865 hoc
2027 2814 2324 2866 observavit
2341 2820 2494 2864 vetus
2506 2812 2671 2876 juris-

1598 2894 1862 2944 consultus
1883 2893 2085 2956 Celsus,
2104 2893 2143 2942 l.
2174 2895 2259 2941 21.
2278 2910 2334 2941 π.
2358 2892 2425 2940 de
2453 2890 2671 2966 Lagaris

1594 2975 1651 3021 et
1669 2970 1957 3021 Fideicom.
1979 2971 2123 3032 item,
2144 2970 2181 3019 1.
2202 2973 2286 3021 ⁰4.
2307 2987 2361 3017 π.
2384 2968 2449 3017 de
2466 2969 2669 3019 Verbo-

1599 3063 1711 3098 rum
1745 3045 2237 3112 Signis-“Verbum
2262 3037 2556 3106 reddendi?
2595 3047 2674 3096 in·

1599 3125 1732 3190 quit,
1750 3123 1767 3152 ‘
1788 3138 2100 3189 quamquam
2134 3121 2483 3188 significatum
2508 3122 2674 3174 habet

1564 3257 1570 3262 ‚
1598 3208 1743 3251 retro
1766 3200 1944 3259 dandi,
1965 3200 2158 3264 recipit
2189 3208 2361 3251 tamen
2396 3206 2452 3249 et
2486 3212 2580 3262 per
2612 3191 2675 3270 'se

1561 3331 1570 3338 ,
1599 3276 1755 3326 dandi
1779 3274 2245 3340 significationem?
2300 3275 2385 3325 Sic
2404 3274 2541 3339 apud
2561 3275 2677 3342 Cic.

1599 3354 1735 3405 idem
1756 3355 1931 3405 valent
1950 3353 2188 3404 formulae
2208 3352 2401 3416 obviae,
2422 3353 2438 3381 ⁴
2456 3367 2678 3417 respon-

1560 3417 1568 3487 ,¹
1598 3447 1710 3482 sum
1745 3430 1907 3490 dare,'
1944 3438 1999 3482 et
2022 3437 2037 3460 ‘
2064 3443 2368 3494 responsum
2409 3428 2677 3482 reddere!

452 3501 689 3567 benignis
714 3503 1119 3568 imperatoribus
1136 3508 1527 3573 recipiebantur
1561 3503 1566 3506 ’

1600 3508 1759 3570 Item,
1779 3507 1917 3570 apud
1940 3506 2066 3555 alios
2083 3505 2242 3555 bonos
2257 3512 2518 3566 auctores,
2530 3504 2547 3532 ‘
2567 3513 2673 3576 tes-

1604 3584 1872 3634 timonium
1898 3583 2053 3632 alicui
2076 3579 2244 3643 dare,’
2267 3588 2323 3632 et
2344 3590 2359 3612 ⁶
2386 3582 2678 3654 testimoni·

1565 3712 1572 3718 ,
1600 3674 1685 3709 um
1711 3657 1969 3715 reddere?
1991 3660 2093 3707 &c.
2128 3658 2282 3707 Idem.

1671 3736 1990 3801 Tmperassc]
2024 3733 2177 3785 Istud
2195 3734 2458 3799 vigesimoe,
2478 3734 2542 3783 ad
2566 3747 2677 3802 mo·

1602 3814 1724 3866 dum
1741 3814 1853 3878 jam
1872 3813 2087 3863 dictum.
2122 3812 2259 3876 Lips.

1669 3890 2143 3952 Habeatfrugulitas
2166 3886 2422 3952 principis]
2457 3888 2566 3937 Pro
2586 3886 2674 3937 Ιια·

1604 3969 1727 4030 beat,
1762 3968 1814 4017 in
1847 3966 2113 4017 codicibus
2153 3964 2329 4014 Vatic.
2365 3963 2678 4021 Parisiensi,

1606 4049 1836 4104 Veneto,
1855 4053 1914 4097 et
1944 4059 2078 4106 meo,
2109 4044 2357 4108 scriptum
2389 4050 2476 4091 est
2514 4027 2679 4100 habet,

1607 4125 1750 4191 quasi
1776 4130 1895 4188 post
1917 4122 2226 4172 vocabulum
2249 4107 2453 4183 reditas,
2473 4118 2677 4183 perfec·

1607 4209 1663 4253 ta
1702 4201 2059 4265 interpunctio
2087 4196 2408 4260 collocanda,
2451 4206 2506 4245 et
2552 4196 2674 4254 inde

1569 4337 1578 4346 ὴ
1605 4291 1741 4330 nova
1761 4276 2010 4343 periodus
2028 4274 2269 4341 incipiat,
2300 4274 2383 4327 Aa
2415 4278 2582 4348 tostas
2602 4271 2677 4323 oi·
