<?xml version="1.0" encoding="UTF-8"?>
<!DOCTYPE html PUBLIC "-//W3C//DTD XHTML 1.0 Transitional//EN"
    "http://www.w3.org/TR/xhtml1/DTD/xhtml1-transitional.dtd">
<html xmlns="http://www.w3.org/1999/xhtml" xml:lang="en" lang="en">
 <head>
  <title>
</title>
<meta http-equiv="Content-Type" content="text/html;charset=utf-8" />
  <meta name='ocr-system' content='tesseract 3.04.00' />
  <meta name='ocr-capabilities' content='ocr_page ocr_carea ocr_par ocr_line ocrx_word'/>
</head>
<body>
  <div class='ocr_page' id='page_1' title='image "./panegyriciveter01unkngoog_0655.png"; bbox 0 0 3017 4942; ppageno 0'>
   <div class='ocr_carea' id='block_1_1' title="bbox 766 379 2102 448">
    <p class='ocr_par' dir='ltr' id='par_1_1' title="bbox 766 379 2102 448">
     <span class='ocr_line' id='line_1_1' title="bbox 766 379 2102 448; baseline -0.001 -4"><span class='ocrx_word' id='word_1_1' title='bbox 766 395 833 444; x_wconf 86' lang='lat' dir='ltr'><strong>c.</strong></span> <span class='ocrx_word' id='word_1_2' title='bbox 881 392 1121 443; x_wconf 73' lang='grc' dir='ltr'><strong>ηιιιιι</strong></span> <span class='ocrx_word' id='word_1_3' title='bbox 1170 390 1508 444; x_wconf 62' lang='lat' dir='ltr'><strong>saeuum</strong></span> <span class='ocrx_word' id='word_1_4' title='bbox 1559 393 1834 444; x_wconf 66' lang='lat' dir='ltr'><strong>nune.</strong></span> <span class='ocrx_word' id='word_1_5' title='bbox 1913 396 1965 446; x_wconf 88' lang='lat'><strong>1.</strong></span> <span class='ocrx_word' id='word_1_6' title='bbox 1992 379 2102 448; x_wconf 83' lang='lat'><strong>85.</strong></span> 
     </span>
    </p>
   </div>
   <div class='ocr_carea' id='block_1_2' title="bbox 317 537 1396 3593">
    <p class='ocr_par' dir='ltr' id='par_1_2' title="bbox 317 537 1396 3593">
     <span class='ocr_line' id='line_1_2' title="bbox 326 537 1394 603; baseline 0.001 -16"><span class='ocrx_word' id='word_1_7' title='bbox 326 537 528 589; x_wconf 86' lang='lat' dir='ltr'><strong>dicibus</strong></span> <span class='ocrx_word' id='word_1_8' title='bbox 564 538 696 589; x_wconf 81' lang='lat' dir='ltr'><strong>Mss.</strong></span> <span class='ocrx_word' id='word_1_9' title='bbox 736 537 922 603; x_wconf 88' lang='lat' dir='ltr'><strong>quibus</strong></span> <span class='ocrx_word' id='word_1_10' title='bbox 959 551 1083 588; x_wconf 88' lang='lat' dir='ltr'><strong>usus</strong></span> <span class='ocrx_word' id='word_1_11' title='bbox 1124 552 1257 601; x_wconf 86' lang='lat' dir='ltr'><strong>sum,</strong></span> <span class='ocrx_word' id='word_1_12' title='bbox 1297 551 1394 601; x_wconf 83' lang='lat' dir='ltr'><strong>pro</strong></span> 
     </span>
     <span class='ocr_line' id='line_1_3' title="bbox 326 614 1394 680; baseline -0.001 -16"><span class='ocrx_word' id='word_1_13' title='bbox 326 616 489 676; x_wconf 80' lang='lat' dir='ltr'><strong>eliam,</strong></span> <span class='ocrx_word' id='word_1_14' title='bbox 512 616 703 680; x_wconf 81' lang='lat' dir='ltr'><strong>legitur</strong></span> <span class='ocrx_word' id='word_1_15' title='bbox 730 621 798 672; x_wconf 77' lang='lat' dir='ltr'><strong>et,</strong></span> <span class='ocrx_word' id='word_1_16' title='bbox 822 623 1047 679; x_wconf 83' lang='lat' dir='ltr'><strong>excepto</strong></span> <span class='ocrx_word' id='word_1_17' title='bbox 1077 614 1258 664; x_wconf 88' lang='lat' dir='ltr'><strong>codice</strong></span> <span class='ocrx_word' id='word_1_18' title='bbox 1291 615 1394 664; x_wconf 81' lang='lat' dir='ltr'><strong>Pa·</strong></span> 
     </span>
     <span class='ocr_line' id='line_1_4' title="bbox 328 690 1395 756; baseline -0.002 -15"><span class='ocrx_word' id='word_1_19' title='bbox 328 692 526 755; x_wconf 70' lang='lat' dir='ltr'><strong>tarino,</strong></span> <span class='ocrx_word' id='word_1_20' title='bbox 561 700 615 741; x_wconf 86' lang='lat' dir='ltr'><strong>ct</strong></span> <span class='ocrx_word' id='word_1_21' title='bbox 651 692 786 741; x_wconf 87' lang='lat' dir='ltr'><strong>libro</strong></span> <span class='ocrx_word' id='word_1_22' title='bbox 817 692 1092 756; x_wconf 79' lang='lat' dir='ltr'><strong>vossiano,</strong></span> <span class='ocrx_word' id='word_1_23' title='bbox 1122 690 1175 739; x_wconf 92' lang='lat' dir='ltr'><strong>in</strong></span> <span class='ocrx_word' id='word_1_24' title='bbox 1209 690 1395 756; x_wconf 83' lang='lat' dir='ltr'><strong>quibus</strong></span> 
     </span>
     <span class='ocr_line' id='line_1_5' title="bbox 328 768 1396 832; baseline 0 -17"><span class='ocrx_word' id='word_1_25' title='bbox 328 781 494 832; x_wconf 77' lang='lat' dir='ltr'><strong>aeque,</strong></span> <span class='ocrx_word' id='word_1_26' title='bbox 517 783 580 819; x_wconf 85' lang='lat' dir='ltr'><strong>ae</strong></span> <span class='ocrx_word' id='word_1_27' title='bbox 604 769 657 818; x_wconf 87' lang='lat' dir='ltr'><strong>in</strong></span> <span class='ocrx_word' id='word_1_28' title='bbox 680 768 918 818; x_wconf 79' lang='lat' dir='ltr'><strong>omuibus</strong></span> <span class='ocrx_word' id='word_1_29' title='bbox 945 768 1088 818; x_wconf 87' lang='lat' dir='ltr'><strong>libris</strong></span> <span class='ocrx_word' id='word_1_30' title='bbox 1119 768 1396 831; x_wconf 76' lang='lat' dir='ltr'>impressis,</span> 
     </span>
     <span class='ocr_line' id='line_1_6' title="bbox 327 844 1393 908; baseline 0.002 -16"><span class='ocrx_word' id='word_1_31' title='bbox 327 844 567 907; x_wconf 76' lang='lat' dir='ltr'><strong>proditur</strong></span> <span class='ocrx_word' id='word_1_32' title='bbox 580 845 743 894; x_wconf 77' lang='lat' dir='ltr'><strong>etiam.</strong></span> <span class='ocrx_word' id='word_1_33' title='bbox 786 845 908 894; x_wconf 89' lang='lat' dir='ltr'><strong>Non</strong></span> <span class='ocrx_word' id='word_1_34' title='bbox 920 851 1065 894; x_wconf 88' lang='lat' dir='ltr'><strong>certe</strong></span> <span class='ocrx_word' id='word_1_35' title='bbox 1082 858 1250 908; x_wconf 80' lang='lat' dir='ltr'><strong>pauca</strong></span> <span class='ocrx_word' id='word_1_36' title='bbox 1263 857 1393 907; x_wconf 75' lang='lat' dir='ltr'><strong>proe·</strong></span> 
     </span>
     <span class='ocr_line' id='line_1_7' title="bbox 325 920 1396 985; baseline 0.001 -17"><span class='ocrx_word' id='word_1_37' title='bbox 325 925 409 969; x_wconf 90' lang='lat' dir='ltr'><strong>sto</strong></span> <span class='ocrx_word' id='word_1_38' title='bbox 427 927 552 969; x_wconf 90' lang='lat' dir='ltr'><strong>sunt</strong></span> <span class='ocrx_word' id='word_1_39' title='bbox 574 922 814 985; x_wconf 85' lang='lat' dir='ltr'><strong>exempla</strong></span> <span class='ocrx_word' id='word_1_40' title='bbox 836 921 1149 984; x_wconf 83' lang='lat' dir='ltr'><strong>optimorum</strong></span> <span class='ocrx_word' id='word_1_41' title='bbox 1173 920 1396 982; x_wconf 83' lang='lat' dir='ltr'><strong>scripto·</strong></span> 
     </span>
     <span class='ocr_line' id='line_1_8' title="bbox 329 996 1395 1062; baseline 0.002 -17"><span class='ocrx_word' id='word_1_42' title='bbox 329 1009 460 1053; x_wconf 87' lang='lat' dir='ltr'><strong>rum,</strong></span> <span class='ocrx_word' id='word_1_43' title='bbox 484 997 572 1060; x_wconf 90' lang='lat' dir='ltr'><strong>qui</strong></span> <span class='ocrx_word' id='word_1_44' title='bbox 607 996 894 1046; x_wconf 80' lang='lat' dir='ltr'>identidem</span> <span class='ocrx_word' id='word_1_45' title='bbox 924 1003 973 1047; x_wconf 75' lang='lat' dir='ltr'><strong>et</strong></span> <span class='ocrx_word' id='word_1_46' title='bbox 1003 1011 1099 1062; x_wconf 88' lang='lat' dir='ltr'><strong>pro</strong></span> <span class='ocrx_word' id='word_1_47' title='bbox 1126 998 1273 1047; x_wconf 75' lang='lat' dir='ltr'><strong>etiam</strong></span> <span class='ocrx_word' id='word_1_48' title='bbox 1306 1011 1395 1060; x_wconf 85' lang='lat' dir='ltr'><strong>po-</strong></span> 
     </span>
     <span class='ocr_line' id='line_1_9' title="bbox 329 1074 1395 1138; baseline 0.002 -16"><span class='ocrx_word' id='word_1_49' title='bbox 329 1081 560 1122; x_wconf 83' lang='lat' dir='ltr'><strong>suerunt.</strong></span> <span class='ocrx_word' id='word_1_50' title='bbox 639 1074 795 1125; x_wconf 85' lang='lat' dir='ltr'><strong>Unde</strong></span> <span class='ocrx_word' id='word_1_51' title='bbox 834 1074 1150 1124; x_wconf 78' lang='lat' dir='ltr'><strong>Arntzenius</strong></span> <span class='ocrx_word' id='word_1_52' title='bbox 1188 1088 1395 1138; x_wconf 86' lang='lat' dir='ltr'><strong>qnoque</strong></span> 
     </span>
     <span class='ocr_line' id='line_1_10' title="bbox 328 1149 1393 1213; baseline 0.002 -16"><span class='ocrx_word' id='word_1_53' title='bbox 328 1153 375 1197; x_wconf 77' lang='lat' dir='ltr'><strong>et</strong></span> <span class='ocrx_word' id='word_1_54' title='bbox 397 1149 494 1199; x_wconf 87' lang='lat' dir='ltr'><strong>hoc</strong></span> <span class='ocrx_word' id='word_1_55' title='bbox 517 1150 567 1198; x_wconf 91' lang='lat' dir='ltr'><strong>in</strong></span> <span class='ocrx_word' id='word_1_56' title='bbox 590 1149 711 1199; x_wconf 87' lang='lat' dir='ltr'><strong>loeo</strong></span> <span class='ocrx_word' id='word_1_57' title='bbox 746 1150 975 1213; x_wconf 80' lang='lat' dir='ltr'><strong>praetulit</strong></span> <span class='ocrx_word' id='word_1_58' title='bbox 998 1149 1069 1211; x_wconf 72' lang='grc' dir='ltr'><strong>τῷ·</strong></span> <span class='ocrx_word' id='word_1_59' title='bbox 1088 1149 1234 1199; x_wconf 78' lang='lat' dir='ltr'><strong>etiam</strong></span> <span class='ocrx_word' id='word_1_60' title='bbox 1248 1165 1271 1206; x_wconf 90' lang='lat'><strong>‚·</strong></span> <span class='ocrx_word' id='word_1_61' title='bbox 1299 1150 1393 1199; x_wconf 90' lang='lat' dir='ltr'><strong>do·</strong></span> 
     </span>
     <span class='ocr_line' id='line_1_11' title="bbox 326 1224 1393 1287; baseline 0.001 -13"><span class='ocrx_word' id='word_1_62' title='bbox 326 1224 543 1287; x_wconf 82' lang='lat' dir='ltr'><strong>euitque</strong></span> <span class='ocrx_word' id='word_1_63' title='bbox 581 1239 646 1274; x_wconf 82' lang='lat' dir='ltr'><strong>ex</strong></span> <span class='ocrx_word' id='word_1_64' title='bbox 681 1224 1048 1276; x_wconf 76' lang='lat' dir='ltr'><strong>observatione</strong></span> <span class='ocrx_word' id='word_1_65' title='bbox 1079 1225 1393 1275; x_wconf 83' lang='lat' dir='ltr'><strong>Broukbusii</strong></span> 
     </span>
     <span class='ocr_line' id='line_1_12' title="bbox 326 1284 1392 1365; baseline 0.003 -18"><span class='ocrx_word' id='word_1_66' title='bbox 326 1299 391 1347; x_wconf 87' lang='lat' dir='ltr'><strong>ad</strong></span> <span class='ocrx_word' id='word_1_67' title='bbox 430 1300 677 1365; x_wconf 87' lang='lat' dir='ltr'><strong>Propert.</strong></span> <span class='ocrx_word' id='word_1_68' title='bbox 707 1314 768 1350; x_wconf 96' lang='grc' dir='ltr'><strong>ιι.</strong></span> <span class='ocrx_word' id='word_1_69' title='bbox 797 1307 848 1352; x_wconf 85' lang='grc'><strong>9.</strong></span> <span class='ocrx_word' id='word_1_70' title='bbox 880 1306 963 1351; x_wconf 72' lang='lat'><strong>⁸2.</strong></span> <span class='ocrx_word' id='word_1_71' title='bbox 995 1284 1053 1352; x_wconf 73' lang='grc' dir='ltr'><strong>εἶ</strong></span> <span class='ocrx_word' id='word_1_72' title='bbox 1087 1301 1295 1351; x_wconf 84' lang='lat' dir='ltr'><strong>Heinsii</strong></span> <span class='ocrx_word' id='word_1_73' title='bbox 1327 1301 1392 1350; x_wconf 83' lang='lat' dir='ltr'><strong>ad</strong></span> 
     </span>
     <span class='ocr_line' id='line_1_13' title="bbox 325 1375 1392 1442; baseline 0.002 -18"><span class='ocrx_word' id='word_1_74' title='bbox 325 1375 464 1425; x_wconf 84' lang='lat' dir='ltr'><strong>Vell.</strong></span> <span class='ocrx_word' id='word_1_75' title='bbox 492 1390 556 1427; x_wconf 90' lang='grc' dir='ltr'><strong>ιι.</strong></span> <span class='ocrx_word' id='word_1_76' title='bbox 589 1382 701 1428; x_wconf 87' lang='grc'><strong>116.</strong></span> <span class='ocrx_word' id='word_1_77' title='bbox 728 1382 777 1427; x_wconf 75' lang='grc'><strong>3.</strong></span> <span class='ocrx_word' id='word_1_78' title='bbox 812 1379 1050 1442; x_wconf 81' lang='lat' dir='ltr'><strong>copulam</strong></span> <span class='ocrx_word' id='word_1_79' title='bbox 1083 1382 1131 1427; x_wconf 75' lang='lat' dir='ltr'><strong>et</strong></span> <span class='ocrx_word' id='word_1_80' title='bbox 1166 1377 1392 1440; x_wconf 79' lang='lat' dir='ltr'><strong>singula-</strong></span> 
     </span>
     <span class='ocr_line' id='line_1_14' title="bbox 327 1455 1393 1519; baseline 0.003 -18"><span class='ocrx_word' id='word_1_81' title='bbox 327 1467 437 1502; x_wconf 88' lang='lat' dir='ltr'><strong>rem</strong></span> <span class='ocrx_word' id='word_1_82' title='bbox 456 1468 533 1502; x_wconf 91' lang='lat' dir='ltr'><strong>em</strong></span> <span class='ocrx_word' id='word_1_83' title='bbox 542 1455 719 1517; x_wconf 76' lang='lat' dir='ltr'><strong>phasin</strong></span> <span class='ocrx_word' id='word_1_84' title='bbox 736 1455 1012 1514; x_wconf 84' lang='lat' dir='ltr'><strong>babere,ct</strong></span> <span class='ocrx_word' id='word_1_85' title='bbox 1030 1456 1145 1519; x_wconf 91' lang='lat' dir='ltr'><strong>plus</strong></span> <span class='ocrx_word' id='word_1_86' title='bbox 1160 1455 1393 1519; x_wconf 70' lang='lat' dir='ltr'><strong>aliquan·</strong></span> 
     </span>
     <span class='ocr_line' id='line_1_15' title="bbox 326 1527 1393 1597; baseline 0.003 -19"><span class='ocrx_word' id='word_1_87' title='bbox 326 1527 394 1579; x_wconf 87' lang='lat' dir='ltr'><strong>do</strong></span> <span class='ocrx_word' id='word_1_88' title='bbox 427 1528 623 1594; x_wconf 82' lang='lat' dir='ltr'>dicere,</span> <span class='ocrx_word' id='word_1_89' title='bbox 644 1546 800 1597; x_wconf 86' lang='lat' dir='ltr'><strong>quam</strong></span> <span class='ocrx_word' id='word_1_90' title='bbox 824 1533 987 1582; x_wconf 76' lang='lat' dir='ltr'><strong>etiam.</strong></span> <span class='ocrx_word' id='word_1_91' title='bbox 1052 1532 1171 1581; x_wconf 90' lang='lat' dir='ltr'><strong>Non</strong></span> <span class='ocrx_word' id='word_1_92' title='bbox 1205 1531 1393 1581; x_wconf 87' lang='lat' dir='ltr'><strong>damno</strong></span> 
     </span>
     <span class='ocr_line' id='line_1_16' title="bbox 324 1609 1392 1666; baseline 0 -8"><span class='ocrx_word' id='word_1_93' title='bbox 324 1613 377 1658; x_wconf 76' lang='lat' dir='ltr'><strong>et</strong></span> <span class='ocrx_word' id='word_1_94' title='bbox 387 1624 409 1666; x_wconf 85' lang='lat'><strong>,·</strong></span> <span class='ocrx_word' id='word_1_95' title='bbox 443 1609 537 1658; x_wconf 88' lang='lat' dir='ltr'><strong>sed</strong></span> <span class='ocrx_word' id='word_1_96' title='bbox 564 1624 662 1660; x_wconf 89' lang='lat' dir='ltr'><strong>nec</strong></span> <span class='ocrx_word' id='word_1_97' title='bbox 685 1609 1026 1660; x_wconf 84' lang='lat' dir='ltr'><strong>sufficientem</strong></span> <span class='ocrx_word' id='word_1_98' title='bbox 1047 1610 1297 1659; x_wconf 85' lang='lat' dir='ltr'><strong>rationem</strong></span> <span class='ocrx_word' id='word_1_99' title='bbox 1318 1610 1392 1659; x_wconf 84' lang='lat' dir='ltr'><strong>vi-</strong></span> 
     </span>
     <span class='ocr_line' id='line_1_17' title="bbox 327 1685 1393 1752; baseline 0.004 -19"><span class='ocrx_word' id='word_1_100' title='bbox 327 1685 447 1749; x_wconf 86' lang='lat' dir='ltr'><strong>deo,</strong></span> <span class='ocrx_word' id='word_1_101' title='bbox 461 1700 554 1736; x_wconf 84' lang='lat' dir='ltr'><strong>cur</strong></span> <span class='ocrx_word' id='word_1_102' title='bbox 574 1687 834 1750; x_wconf 77' lang='lat' dir='ltr'><strong>vulgatam</strong></span> <span class='ocrx_word' id='word_1_103' title='bbox 851 1689 1149 1744; x_wconf 85' lang='lat' dir='ltr'><strong>lectionem,</strong></span> <span class='ocrx_word' id='word_1_104' title='bbox 1168 1702 1284 1752; x_wconf 84' lang='lat' dir='ltr'><strong>quae</strong></span> <span class='ocrx_word' id='word_1_105' title='bbox 1299 1701 1393 1737; x_wconf 82' lang='lat' dir='ltr'><strong>ne·</strong></span> 
     </span>
     <span class='ocr_line' id='line_1_18' title="bbox 326 1764 1393 1826; baseline 0.003 -16"><span class='ocrx_word' id='word_1_106' title='bbox 326 1776 427 1826; x_wconf 88' lang='lat' dir='ltr'><strong>que</strong></span> <span class='ocrx_word' id='word_1_107' title='bbox 471 1777 680 1825; x_wconf 84' lang='lat' dir='ltr'><strong>prorsus</strong></span> <span class='ocrx_word' id='word_1_108' title='bbox 715 1764 940 1814; x_wconf 88' lang='lat' dir='ltr'><strong>omnium</strong></span> <span class='ocrx_word' id='word_1_109' title='bbox 980 1764 1215 1814; x_wconf 86' lang='lat' dir='ltr'><strong>codicum</strong></span> <span class='ocrx_word' id='word_1_110' title='bbox 1260 1764 1393 1814; x_wconf 87' lang='lat' dir='ltr'><strong>Mss.</strong></span> 
     </span>
     <span class='ocr_line' id='line_1_19' title="bbox 327 1830 1393 1906; baseline 0.004 -19"><span class='ocrx_word' id='word_1_111' title='bbox 327 1839 640 1890; x_wconf 79' lang='lat' dir='ltr'><strong>auctoritate</strong></span> <span class='ocrx_word' id='word_1_112' title='bbox 685 1839 1007 1906; x_wconf 76' lang='lat' dir='ltr'><strong>destituitur,</strong></span> <span class='ocrx_word' id='word_1_113' title='bbox 1043 1830 1296 1905; x_wconf 69' lang='lat' dir='ltr'><strong>rejiciam.</strong></span> <span class='ocrx_word' id='word_1_114' title='bbox 1341 1841 1393 1891; x_wconf 82' lang='lat'><strong>1-</strong></span> 
     </span>
     <span class='ocr_line' id='line_1_20' title="bbox 337 1990 1229 2055; baseline -0.001 -15"><span class='ocrx_word' id='word_1_115' title='bbox 337 2011 348 2017; x_wconf 85' lang='lat'><em>-</em></span> <span class='ocrx_word' id='word_1_116' title='bbox 399 1990 560 2041; x_wconf 75' lang='lat' dir='ltr'><strong>Etiam</strong></span> <span class='ocrx_word' id='word_1_117' title='bbox 580 1991 715 2055; x_wconf 76' lang='lat' dir='ltr'><strong>ditm]</strong></span> <span class='ocrx_word' id='word_1_118' title='bbox 749 1993 816 2042; x_wconf 81' lang='lat' dir='ltr'><strong>Et</strong></span> <span class='ocrx_word' id='word_1_119' title='bbox 834 1993 947 2042; x_wconf 76' lang='lat' dir='ltr'><strong>dum</strong></span> <span class='ocrx_word' id='word_1_120' title='bbox 967 1991 1035 2040; x_wconf 86' lang='lat' dir='ltr'><strong>V.</strong></span> <span class='ocrx_word' id='word_1_121' title='bbox 1068 1991 1229 2042; x_wconf 74' lang='lat' dir='ltr'><strong>Livius.</strong></span> 
     </span>
     <span class='ocr_line' id='line_1_21' title="bbox 341 2066 1391 2132; baseline -0.002 -13"><span class='ocrx_word' id='word_1_122' title='bbox 341 2070 346 2073; x_wconf 84' lang='grc'>’</span> <span class='ocrx_word' id='word_1_123' title='bbox 392 2068 528 2119; x_wconf 70' lang='lat' dir='ltr'><strong>CAP.</strong></span> <span class='ocrx_word' id='word_1_124' title='bbox 563 2082 779 2118; x_wconf 72' lang='lat' dir='ltr'><strong>nxxxv.</strong></span> <span class='ocrx_word' id='word_1_125' title='bbox 822 2070 942 2119; x_wconf 81' lang='lat' dir='ltr'><strong>Jam</strong></span> <span class='ocrx_word' id='word_1_126' title='bbox 971 2068 1117 2119; x_wconf 79' lang='lat' dir='ltr'><strong>etiam</strong></span> <span class='ocrx_word' id='word_1_127' title='bbox 1147 2068 1220 2132; x_wconf 77' lang='lat' dir='ltr'><strong>et]</strong></span> <span class='ocrx_word' id='word_1_128' title='bbox 1260 2066 1391 2120; x_wconf 82' lang='lat' dir='ltr'><strong>Quis</strong></span> 
     </span>
     <span class='ocr_line' id='line_1_22' title="bbox 325 2146 1393 2210; baseline 0.004 -19"><span class='ocrx_word' id='word_1_129' title='bbox 325 2154 429 2192; x_wconf 87' lang='lat' dir='ltr'><strong>non</strong></span> <span class='ocrx_word' id='word_1_130' title='bbox 487 2153 657 2209; x_wconf 89' lang='lat' dir='ltr'><strong>putet,</strong></span> <span class='ocrx_word' id='word_1_131' title='bbox 699 2147 1003 2195; x_wconf 83' lang='lat' dir='ltr'><strong>alterutram</strong></span> <span class='ocrx_word' id='word_1_132' title='bbox 1061 2146 1393 2210; x_wconf 85' lang='lat' dir='ltr'><strong>particulam,</strong></span> 
     </span>
     <span class='ocr_line' id='line_1_23' title="bbox 325 2221 1394 2287; baseline 0.002 -18"><span class='ocrx_word' id='word_1_133' title='bbox 325 2221 437 2269; x_wconf 79' lang='lat' dir='ltr'><strong>sive</strong></span> <span class='ocrx_word' id='word_1_134' title='bbox 468 2223 760 2285; x_wconf 56' lang='lat' dir='ltr'><strong>etiam-sive</strong></span> <span class='ocrx_word' id='word_1_135' title='bbox 793 2227 865 2283; x_wconf 80' lang='lat' dir='ltr'><strong>et,</strong></span> <span class='ocrx_word' id='word_1_136' title='bbox 892 2222 975 2272; x_wconf 80' lang='lat' dir='ltr'><strong>liic</strong></span> <span class='ocrx_word' id='word_1_137' title='bbox 1009 2224 1081 2272; x_wconf 84' lang='lat' dir='ltr'><strong>ita</strong></span> <span class='ocrx_word' id='word_1_138' title='bbox 1111 2222 1394 2287; x_wconf 85' lang='lat' dir='ltr'><strong>abundare,</strong></span> 
     </span>
     <span class='ocr_line' id='line_1_24' title="bbox 328 2297 1391 2362; baseline 0.004 -18"><span class='ocrx_word' id='word_1_139' title='bbox 328 2304 388 2344; x_wconf 81' lang='lat' dir='ltr'><strong>ut</strong></span> <span class='ocrx_word' id='word_1_140' title='bbox 430 2306 575 2347; x_wconf 81' lang='lat' dir='ltr'><strong>recte</strong></span> <span class='ocrx_word' id='word_1_141' title='bbox 621 2298 768 2362; x_wconf 77' lang='lat' dir='ltr'>rejici</span> <span class='ocrx_word' id='word_1_142' title='bbox 814 2298 1016 2361; x_wconf 85' lang='lat' dir='ltr'><strong>possit?</strong></span> <span class='ocrx_word' id='word_1_143' title='bbox 1069 2297 1171 2347; x_wconf 80' lang='lat' dir='ltr'><strong>Sed</strong></span> <span class='ocrx_word' id='word_1_144' title='bbox 1213 2312 1391 2348; x_wconf 84' lang='lat' dir='ltr'><strong>onmes</strong></span> 
     </span>
     <span class='ocr_line' id='line_1_25' title="bbox 325 2373 1390 2439; baseline 0.005 -19"><span class='ocrx_word' id='word_1_145' title='bbox 325 2373 509 2437; x_wconf 85' lang='lat' dir='ltr'><strong>scripti</strong></span> <span class='ocrx_word' id='word_1_146' title='bbox 543 2375 829 2439; x_wconf 76' lang='lat' dir='ltr'><strong>excusique</strong></span> <span class='ocrx_word' id='word_1_147' title='bbox 865 2374 983 2422; x_wconf 90' lang='lat' dir='ltr'><strong>libri</strong></span> <span class='ocrx_word' id='word_1_148' title='bbox 1014 2374 1221 2423; x_wconf 80' lang='lat' dir='ltr'><strong>iuliane</strong></span> <span class='ocrx_word' id='word_1_149' title='bbox 1245 2375 1390 2425; x_wconf 87' lang='lat' dir='ltr'><strong>lecti·</strong></span> 
     </span>
     <span class='ocr_line' id='line_1_26' title="bbox 325 2450 1391 2515; baseline 0.005 -19"><span class='ocrx_word' id='word_1_150' title='bbox 325 2461 477 2496; x_wconf 88' lang='lat' dir='ltr'><strong>onem</strong></span> <span class='ocrx_word' id='word_1_151' title='bbox 513 2450 831 2513; x_wconf 77' lang='lat' dir='ltr'><strong>conspirant,</strong></span> <span class='ocrx_word' id='word_1_152' title='bbox 853 2457 1046 2515; x_wconf 76' lang='lat' dir='ltr'><strong>praeter</strong></span> <span class='ocrx_word' id='word_1_153' title='bbox 1067 2465 1224 2501; x_wconf 87' lang='lat' dir='ltr'><strong>unum</strong></span> <span class='ocrx_word' id='word_1_154' title='bbox 1249 2451 1391 2501; x_wconf 83' lang='lat' dir='ltr'><strong>codi-</strong></span> 
     </span>
     <span class='ocr_line' id='line_1_27' title="bbox 323 2525 1391 2592; baseline 0.005 -19"><span class='ocrx_word' id='word_1_155' title='bbox 323 2537 441 2574; x_wconf 83' lang='lat' dir='ltr'><strong>cem</strong></span> <span class='ocrx_word' id='word_1_156' title='bbox 477 2525 808 2583; x_wconf 78' lang='lat' dir='ltr'><strong>Patavinum,</strong></span> <span class='ocrx_word' id='word_1_157' title='bbox 829 2541 981 2592; x_wconf 83' lang='lat' dir='ltr'><strong>quem</strong></span> <span class='ocrx_word' id='word_1_158' title='bbox 1011 2541 1154 2577; x_wconf 88' lang='lat' dir='ltr'><strong>more</strong></span> <span class='ocrx_word' id='word_1_159' title='bbox 1187 2542 1281 2577; x_wconf 83' lang='lat' dir='ltr'><strong>suo</strong></span> <span class='ocrx_word' id='word_1_160' title='bbox 1312 2542 1391 2580; x_wconf 89' lang='lat' dir='ltr'><strong>se-</strong></span> 
     </span>
     <span class='ocr_line' id='line_1_28' title="bbox 325 2603 1391 2666; baseline 0.004 -15"><span class='ocrx_word' id='word_1_161' title='bbox 325 2603 502 2666; x_wconf 87' lang='lat' dir='ltr'><strong>quitur</strong></span> <span class='ocrx_word' id='word_1_162' title='bbox 523 2604 659 2654; x_wconf 85' lang='lat' dir='ltr'><strong>liber</strong></span> <span class='ocrx_word' id='word_1_163' title='bbox 678 2605 848 2654; x_wconf 72' lang='lat' dir='ltr'><strong>vossii</strong></span> <span class='ocrx_word' id='word_1_164' title='bbox 868 2607 895 2666; x_wconf 82' lang='lat'><strong>;&#39;</strong></span> <span class='ocrx_word' id='word_1_165' title='bbox 920 2605 1009 2654; x_wconf 85' lang='lat' dir='ltr'><strong>ubi</strong></span> <span class='ocrx_word' id='word_1_166' title='bbox 1032 2605 1201 2655; x_wconf 89' lang='lat' dir='ltr'><strong>inutili</strong></span> <span class='ocrx_word' id='word_1_167' title='bbox 1225 2613 1391 2656; x_wconf 80' lang='lat' dir='ltr'><strong>muta-</strong></span> 
     </span>
     <span class='ocr_line' id='line_1_29' title="bbox 325 2680 1394 2744; baseline 0.004 -15"><span class='ocrx_word' id='word_1_168' title='bbox 325 2680 471 2729; x_wconf 84' lang='lat' dir='ltr'><strong>tione</strong></span> <span class='ocrx_word' id='word_1_169' title='bbox 494 2681 743 2743; x_wconf 82' lang='lat' dir='ltr'><strong>seriptum</strong></span> <span class='ocrx_word' id='word_1_170' title='bbox 768 2690 867 2744; x_wconf 85' lang='lat' dir='ltr'><strong>est,</strong></span> <span class='ocrx_word' id='word_1_171' title='bbox 887 2684 1005 2732; x_wconf 82' lang='lat' dir='ltr'><strong>Jam</strong></span> <span class='ocrx_word' id='word_1_172' title='bbox 1023 2697 1156 2732; x_wconf 80' lang='lat' dir='ltr'><strong>omne</strong></span> <span class='ocrx_word' id='word_1_173' title='bbox 1174 2684 1320 2733; x_wconf 79' lang='lat' dir='ltr'><strong>eliam</strong></span> <span class='ocrx_word' id='word_1_174' title='bbox 1338 2684 1394 2734; x_wconf 73' lang='lat' dir='ltr'><strong>in</strong></span> 
     </span>
     <span class='ocr_line' id='line_1_30' title="bbox 317 2757 1392 2825; baseline 0.004 -19"><span class='ocrx_word' id='word_1_175' title='bbox 317 2757 631 2820; x_wconf 70' lang='lat' dir='ltr'><strong>privatorum,</strong></span> <span class='ocrx_word' id='word_1_176' title='bbox 650 2762 733 2822; x_wconf 57' lang='grc' dir='ltr'><strong>ξε.</strong></span> <span class='ocrx_word' id='word_1_177' title='bbox 784 2759 1053 2823; x_wconf 86' lang='lat' dir='ltr'><strong>Ejusmodi</strong></span> <span class='ocrx_word' id='word_1_178' title='bbox 1076 2767 1249 2810; x_wconf 85' lang='lat' dir='ltr'><strong>autem</strong></span> <span class='ocrx_word' id='word_1_179' title='bbox 1275 2775 1392 2825; x_wconf 80' lang='lat' dir='ltr'><strong>par-</strong></span> 
     </span>
     <span class='ocr_line' id='line_1_31' title="bbox 323 2833 1392 2902; baseline 0.007 -22"><span class='ocrx_word' id='word_1_180' title='bbox 323 2833 600 2883; x_wconf 86' lang='lat' dir='ltr'><strong>ticularum</strong></span> <span class='ocrx_word' id='word_1_181' title='bbox 633 2837 918 2885; x_wconf 80' lang='lat' dir='ltr'><strong>cumulatio</strong></span> <span class='ocrx_word' id='word_1_182' title='bbox 949 2851 1052 2887; x_wconf 88' lang='lat' dir='ltr'><strong>non</strong></span> <span class='ocrx_word' id='word_1_183' title='bbox 1076 2847 1160 2888; x_wconf 82' lang='lat' dir='ltr'><strong>est</strong></span> <span class='ocrx_word' id='word_1_184' title='bbox 1183 2852 1392 2902; x_wconf 86' lang='lat' dir='ltr'><strong>prorsus</strong></span> 
     </span>
     <span class='ocr_line' id='line_1_32' title="bbox 324 2908 1391 2975; baseline 0.008 -18"><span class='ocrx_word' id='word_1_185' title='bbox 324 2908 574 2960; x_wconf 88' lang='lat' dir='ltr'><strong>insolens.</strong></span> <span class='ocrx_word' id='word_1_186' title='bbox 627 2911 712 2961; x_wconf 84' lang='lat' dir='ltr'><strong>Sic</strong></span> <span class='ocrx_word' id='word_1_187' title='bbox 733 2914 918 2975; x_wconf 80' lang='lat' dir='ltr'><strong>passim</strong></span> <span class='ocrx_word' id='word_1_188' title='bbox 935 2913 1073 2975; x_wconf 89' lang='lat' dir='ltr'><strong>apud</strong></span> <span class='ocrx_word' id='word_1_189' title='bbox 1092 2913 1253 2964; x_wconf 83' lang='lat' dir='ltr'><strong>bonos</strong></span> <span class='ocrx_word' id='word_1_190' title='bbox 1273 2930 1391 2966; x_wconf 81' lang='lat' dir='ltr'><strong>anc-</strong></span> 
     </span>
     <span class='ocr_line' id='line_1_33' title="bbox 326 2986 1392 3057; baseline 0.009 -24"><span class='ocrx_word' id='word_1_191' title='bbox 326 2992 470 3035; x_wconf 83' lang='lat' dir='ltr'><strong>tores</strong></span> <span class='ocrx_word' id='word_1_192' title='bbox 500 2986 861 3050; x_wconf 79' lang='lat' dir='ltr'>deprehendes</span> <span class='ocrx_word' id='word_1_193' title='bbox 896 2990 1161 3054; x_wconf 75' lang='lat' dir='ltr'><strong>conjungi,</strong></span> <span class='ocrx_word' id='word_1_194' title='bbox 1194 2991 1212 3019; x_wconf 88' lang='lat'>‘</span> <span class='ocrx_word' id='word_1_195' title='bbox 1236 2998 1392 3057; x_wconf 85' lang='lat' dir='ltr'><strong>atque</strong></span> 
     </span>
     <span class='ocr_line' id='line_1_34' title="bbox 325 3063 1395 3135; baseline 0.008 -25"><span class='ocrx_word' id='word_1_196' title='bbox 325 3063 526 3120; x_wconf 87' lang='lat' dir='ltr'><strong>etiam,’</strong></span> <span class='ocrx_word' id='word_1_197' title='bbox 545 3066 562 3092; x_wconf 89' lang='lat'>‘</span> <span class='ocrx_word' id='word_1_198' title='bbox 585 3081 646 3116; x_wconf 80' lang='lat' dir='ltr'><strong>ac</strong></span> <span class='ocrx_word' id='word_1_199' title='bbox 670 3065 916 3131; x_wconf 86' lang='lat' dir='ltr'><strong>quoque,’</strong></span> <span class='ocrx_word' id='word_1_200' title='bbox 940 3067 1127 3118; x_wconf 77' lang='lat' dir='ltr'><strong>‘etiam</strong></span> <span class='ocrx_word' id='word_1_201' title='bbox 1150 3067 1395 3135; x_wconf 86' lang='lat' dir='ltr'><strong>quoque‚&#39;</strong></span> 
     </span>
     <span class='ocr_line' id='line_1_35' title="bbox 324 3143 1394 3212; baseline 0.005 -22"><span class='ocrx_word' id='word_1_202' title='bbox 324 3148 342 3171; x_wconf 80' lang='lat'><strong><em>⁴</em></strong></span> <span class='ocrx_word' id='word_1_203' title='bbox 366 3155 469 3205; x_wconf 90' lang='lat' dir='ltr'><strong>que</strong></span> <span class='ocrx_word' id='word_1_204' title='bbox 500 3143 589 3199; x_wconf 83' lang='lat' dir='ltr'><strong>et‚’</strong></span> <span class='ocrx_word' id='word_1_205' title='bbox 621 3143 640 3170; x_wconf 76' lang='lat'><em>⁴</em></span> <span class='ocrx_word' id='word_1_206' title='bbox 666 3159 765 3207; x_wconf 89' lang='lat' dir='ltr'><strong>que</strong></span> <span class='ocrx_word' id='word_1_207' title='bbox 796 3144 990 3202; x_wconf 84' lang='lat' dir='ltr'><strong>etiam,’</strong></span> <span class='ocrx_word' id='word_1_208' title='bbox 1023 3153 1038 3176; x_wconf 79' lang='lat'>⁸</span> <span class='ocrx_word' id='word_1_209' title='bbox 1065 3153 1120 3196; x_wconf 86' lang='lat' dir='ltr'><strong>et</strong></span> <span class='ocrx_word' id='word_1_210' title='bbox 1148 3146 1394 3212; x_wconf 85' lang='lat' dir='ltr'><strong>quoquc‚’</strong></span> 
     </span>
     <span class='ocr_line' id='line_1_36' title="bbox 323 3216 1394 3285; baseline 0.008 -20"><span class='ocrx_word' id='word_1_211' title='bbox 323 3216 340 3246; x_wconf 79' lang='lat'><strong>⁴</strong></span> <span class='ocrx_word' id='word_1_212' title='bbox 359 3231 566 3282; x_wconf 88' lang='lat' dir='ltr'><strong>quoque</strong></span> <span class='ocrx_word' id='word_1_213' title='bbox 597 3218 685 3282; x_wconf 88' lang='lat' dir='ltr'><strong>et‚&#39;</strong></span> <span class='ocrx_word' id='word_1_214' title='bbox 715 3229 729 3251; x_wconf 80' lang='lat'><strong><em>⁴</em></strong></span> <span class='ocrx_word' id='word_1_215' title='bbox 749 3229 802 3270; x_wconf 90' lang='lat' dir='ltr'><strong>et</strong></span> <span class='ocrx_word' id='word_1_216' title='bbox 837 3221 1032 3285; x_wconf 86' lang='lat' dir='ltr'><strong>etiam,&#39;</strong></span> <span class='ocrx_word' id='word_1_217' title='bbox 1062 3226 1078 3253; x_wconf 80' lang='lat'><strong>⁴</strong></span> <span class='ocrx_word' id='word_1_218' title='bbox 1096 3224 1255 3274; x_wconf 86' lang='lat' dir='ltr'><strong>etiam</strong></span> <span class='ocrx_word' id='word_1_219' title='bbox 1286 3231 1341 3273; x_wconf 87' lang='lat' dir='ltr'><strong>et</strong></span> <span class='ocrx_word' id='word_1_220' title='bbox 1358 3224 1394 3285; x_wconf 86' lang='lat'><strong>;’</strong></span> 
     </span>
     <span class='ocr_line' id='line_1_37' title="bbox 326 3296 1394 3364; baseline 0.007 -22"><span class='ocrx_word' id='word_1_221' title='bbox 326 3309 445 3357; x_wconf 80' lang='lat' dir='ltr'><strong>quae</strong></span> <span class='ocrx_word' id='word_1_222' title='bbox 487 3296 688 3359; x_wconf 80' lang='lat' dir='ltr'><strong>singula</strong></span> <span class='ocrx_word' id='word_1_223' title='bbox 728 3311 931 3360; x_wconf 83' lang='lat' dir='ltr'><strong>possem</strong></span> <span class='ocrx_word' id='word_1_224' title='bbox 974 3300 1229 3363; x_wconf 83' lang='lat' dir='ltr'><strong>exemplis</strong></span> <span class='ocrx_word' id='word_1_225' title='bbox 1275 3314 1394 3364; x_wconf 85' lang='lat' dir='ltr'><strong>pro·</strong></span> 
     </span>
     <span class='ocr_line' id='line_1_38' title="bbox 325 3370 1391 3435; baseline 0.008 -15"><span class='ocrx_word' id='word_1_226' title='bbox 325 3370 473 3435; x_wconf 80' lang='lat' dir='ltr'><strong>bare,</strong></span> <span class='ocrx_word' id='word_1_227' title='bbox 509 3373 606 3421; x_wconf 84' lang='lat' dir='ltr'><strong>nisi</strong></span> <span class='ocrx_word' id='word_1_228' title='bbox 646 3380 871 3424; x_wconf 88' lang='lat' dir='ltr'><strong>metuam</strong></span> <span class='ocrx_word' id='word_1_229' title='bbox 918 3375 1126 3425; x_wconf 83' lang='lat' dir='ltr'><strong>taedium</strong></span> <span class='ocrx_word' id='word_1_230' title='bbox 1163 3377 1391 3429; x_wconf 77' lang='lat' dir='ltr'><strong>lectoris.</strong></span> 
     </span>
     <span class='ocr_line' id='line_1_39' title="bbox 327 3446 1394 3513; baseline 0.007 -17"><span class='ocrx_word' id='word_1_231' title='bbox 327 3446 549 3497; x_wconf 84' lang='lat' dir='ltr'><strong>Interim</strong></span> <span class='ocrx_word' id='word_1_232' title='bbox 575 3464 736 3513; x_wconf 78' lang='lat' dir='ltr'><strong>pauca</strong></span> <span class='ocrx_word' id='word_1_233' title='bbox 759 3458 1015 3501; x_wconf 79' lang='lat' dir='ltr'><strong>annotare</strong></span> <span class='ocrx_word' id='word_1_234' title='bbox 1035 3452 1181 3502; x_wconf 91' lang='lat' dir='ltr'><strong>libet.</strong></span> <span class='ocrx_word' id='word_1_235' title='bbox 1232 3454 1394 3503; x_wconf 76' lang='lat' dir='ltr'><strong>Plau·</strong></span> 
     </span>
     <span class='ocr_line' id='line_1_40' title="bbox 327 3524 1393 3593; baseline 0.008 -21"><span class='ocrx_word' id='word_1_236' title='bbox 327 3530 414 3572; x_wconf 87' lang='lat' dir='ltr'><strong>tus</strong></span> <span class='ocrx_word' id='word_1_237' title='bbox 437 3524 653 3589; x_wconf 76' lang='lat' dir='ltr'><strong>Prolog.</strong></span> <span class='ocrx_word' id='word_1_238' title='bbox 677 3525 938 3590; x_wconf 81' lang='lat' dir='ltr'><strong>Amphitr.</strong></span> <span class='ocrx_word' id='word_1_239' title='bbox 953 3532 1036 3578; x_wconf 74' lang='lat'><strong>80.</strong></span> <span class='ocrx_word' id='word_1_240' title='bbox 1069 3527 1278 3593; x_wconf 85' lang='lat' dir='ltr'><strong>‘Atque</strong></span> <span class='ocrx_word' id='word_1_241' title='bbox 1295 3544 1393 3593; x_wconf 74' lang='lat' dir='ltr'><strong>ego</strong></span> 
     </span>
    </p>
   </div>
   <div class='ocr_carea' id='block_1_3' title="bbox 326 3603 1412 3669">
    <p class='ocr_par' dir='ltr' id='par_1_3' title="bbox 326 3603 1412 3669">
     <span class='ocr_line' id='line_1_41' title="bbox 326 3603 1412 3669; baseline 0.003 -21"><span class='ocrx_word' id='word_1_242' title='bbox 326 3613 531 3665; x_wconf 86' lang='lat' dir='ltr'><strong>quoque</strong></span> <span class='ocrx_word' id='word_1_243' title='bbox 568 3603 744 3657; x_wconf 83' lang='lat' dir='ltr'><strong>etism,</strong></span> <span class='ocrx_word' id='word_1_244' title='bbox 783 3603 867 3668; x_wconf 84' lang='lat' dir='ltr'><strong>qui</strong></span> <span class='ocrx_word' id='word_1_245' title='bbox 900 3604 1050 3655; x_wconf 83' lang='lat' dir='ltr'><strong>&#39;Jovis</strong></span> <span class='ocrx_word' id='word_1_246' title='bbox 1085 3617 1197 3653; x_wconf 88' lang='lat' dir='ltr'><strong>sum</strong></span> <span class='ocrx_word' id='word_1_247' title='bbox 1235 3604 1412 3669; x_wconf 55' lang='lat' dir='ltr'><strong>filius,</strong></span> 
     </span>
    </p>
   </div>
   <div class='ocr_carea' id='block_1_4' title="bbox 326 3677 1397 4280">
    <p class='ocr_par' dir='ltr' id='par_1_4' title="bbox 326 3677 1397 4280">
     <span class='ocr_line' id='line_1_42' title="bbox 326 3677 1392 3730; baseline 0.005 -5"><span class='ocrx_word' id='word_1_248' title='bbox 326 3684 504 3726; x_wconf 86' lang='lat' dir='ltr'><strong>metuo</strong></span> <span class='ocrx_word' id='word_1_249' title='bbox 537 3677 766 3727; x_wconf 62' lang='lat' dir='ltr'><strong>malum!</strong></span> <span class='ocrx_word' id='word_1_250' title='bbox 830 3679 980 3728; x_wconf 90' lang='lat' dir='ltr'><strong>Idem</strong></span> <span class='ocrx_word' id='word_1_251' title='bbox 1006 3679 1232 3729; x_wconf 79' lang='lat' dir='ltr'><strong>Mereat.</strong></span> <span class='ocrx_word' id='word_1_252' title='bbox 1256 3693 1319 3730; x_wconf 85' lang='grc' dir='ltr'><strong>ιι.</strong></span> <span class='ocrx_word' id='word_1_253' title='bbox 1340 3683 1392 3730; x_wconf 75' lang='lat'><strong>2.</strong></span> 
     </span>
     <span class='ocr_line' id='line_1_43' title="bbox 327 3753 1392 3819; baseline 0.005 -17"><span class='ocrx_word' id='word_1_254' title='bbox 327 3756 411 3802; x_wconf 74' lang='grc'><strong>36.</strong></span> <span class='ocrx_word' id='word_1_255' title='bbox 445 3755 461 3782; x_wconf 78' lang='lat'>⁸</span> <span class='ocrx_word' id='word_1_256' title='bbox 486 3753 626 3806; x_wconf 84' lang='lat' dir='ltr'><strong>Quin</strong></span> <span class='ocrx_word' id='word_1_257' title='bbox 650 3755 774 3804; x_wconf 86' lang='lat' dir='ltr'><strong>mibi</strong></span> <span class='ocrx_word' id='word_1_258' title='bbox 794 3769 998 3819; x_wconf 88' lang='lat' dir='ltr'><strong>quoque</strong></span> <span class='ocrx_word' id='word_1_259' title='bbox 1027 3757 1185 3806; x_wconf 86' lang='lat' dir='ltr'><strong>etiam</strong></span> <span class='ocrx_word' id='word_1_260' title='bbox 1215 3762 1299 3807; x_wconf 84' lang='lat' dir='ltr'><strong>est</strong></span> <span class='ocrx_word' id='word_1_261' title='bbox 1326 3757 1392 3807; x_wconf 88' lang='lat' dir='ltr'><strong>ad</strong></span> 
     </span>
     <span class='ocr_line' id='line_1_44' title="bbox 326 3829 1397 3892; baseline 0.005 -15"><span class='ocrx_word' id='word_1_262' title='bbox 326 3835 538 3892; x_wconf 83' lang='lat' dir='ltr'><strong>portum</strong></span> <span class='ocrx_word' id='word_1_263' title='bbox 555 3829 851 3892; x_wconf 84' lang='lat' dir='ltr'><strong>negotimn.&#39;</strong></span> <span class='ocrx_word' id='word_1_264' title='bbox 891 3832 1169 3882; x_wconf 85' lang='lat' dir='ltr'><strong>Terentius</strong></span> <span class='ocrx_word' id='word_1_265' title='bbox 1185 3832 1397 3882; x_wconf 77' lang='lat' dir='ltr'><strong>Phorm-</strong></span> 
     </span>
     <span class='ocr_line' id='line_1_45' title="bbox 326 3906 1390 3965; baseline 0.003 -10"><span class='ocrx_word' id='word_1_266' title='bbox 326 3917 407 3955; x_wconf 73' lang='grc' dir='ltr'><strong>ιν.</strong></span> <span class='ocrx_word' id='word_1_267' title='bbox 430 3908 480 3954; x_wconf 76' lang='grc'><strong>8.</strong></span> <span class='ocrx_word' id='word_1_268' title='bbox 505 3908 553 3954; x_wconf 93' lang='grc'><strong>1.</strong></span> <span class='ocrx_word' id='word_1_269' title='bbox 586 3908 603 3934; x_wconf 89' lang='lat'>‘</span> <span class='ocrx_word' id='word_1_270' title='bbox 631 3907 698 3955; x_wconf 90' lang='lat' dir='ltr'><strong>Et</strong></span> <span class='ocrx_word' id='word_1_271' title='bbox 721 3906 879 3957; x_wconf 81' lang='lat' dir='ltr'><strong>etiam</strong></span> <span class='ocrx_word' id='word_1_272' title='bbox 901 3921 1061 3965; x_wconf 85' lang='lat' dir='ltr'><strong>nunc,</strong></span> <span class='ocrx_word' id='word_1_273' title='bbox 1083 3909 1125 3957; x_wconf 88' lang='lat' dir='ltr'><strong>si</strong></span> <span class='ocrx_word' id='word_1_274' title='bbox 1150 3908 1260 3959; x_wconf 84' lang='lat' dir='ltr'><strong>vult</strong></span> <span class='ocrx_word' id='word_1_275' title='bbox 1283 3909 1390 3958; x_wconf 86' lang='lat' dir='ltr'><strong>De-</strong></span> 
     </span>
     <span class='ocr_line' id='line_1_46' title="bbox 326 3978 1396 4044; baseline 0.004 -13"><span class='ocrx_word' id='word_1_276' title='bbox 326 3980 502 4044; x_wconf 81' lang='lat' dir='ltr'><strong>mipho</strong></span> <span class='ocrx_word' id='word_1_277' title='bbox 524 3978 685 4037; x_wconf 87' lang='lat' dir='ltr'><strong>dare,’</strong></span> <span class='ocrx_word' id='word_1_278' title='bbox 706 3985 808 4031; x_wconf 67' lang='lat' dir='ltr'><strong>dte.</strong></span> <span class='ocrx_word' id='word_1_279' title='bbox 865 3983 1034 4032; x_wconf 85' lang='lat' dir='ltr'><strong>Varro</strong></span> <span class='ocrx_word' id='word_1_280' title='bbox 1054 3983 1123 4032; x_wconf 94' lang='lat' dir='ltr'><strong>de</strong></span> <span class='ocrx_word' id='word_1_281' title='bbox 1145 3984 1223 4033; x_wconf 87' lang='lat' dir='ltr'><strong>Re</strong></span> <span class='ocrx_word' id='word_1_282' title='bbox 1249 3986 1396 4035; x_wconf 75' lang='lat' dir='ltr'><strong>Rust-</strong></span> 
     </span>
     <span class='ocr_line' id='line_1_47' title="bbox 329 4057 1397 4123; baseline 0.006 -17"><span class='ocrx_word' id='word_1_283' title='bbox 329 4068 397 4107; x_wconf 87' lang='lat'><strong>11.</strong></span> <span class='ocrx_word' id='word_1_284' title='bbox 416 4061 470 4106; x_wconf 82' lang='grc'><strong>1.</strong></span> <span class='ocrx_word' id='word_1_285' title='bbox 490 4060 544 4105; x_wconf 74' lang='grc'><strong>2.</strong></span> <span class='ocrx_word' id='word_1_286' title='bbox 577 4058 593 4085; x_wconf 89' lang='lat'>‘</span> <span class='ocrx_word' id='word_1_287' title='bbox 610 4057 799 4122; x_wconf 84' lang='lat' dir='ltr'>Neque</span> <span class='ocrx_word' id='word_1_288' title='bbox 820 4057 1010 4122; x_wconf 72' lang='lat' dir='ltr'><strong>patiar,</strong></span> <span class='ocrx_word' id='word_1_289' title='bbox 1025 4058 1272 4123; x_wconf 81' lang='lat' dir='ltr'><strong>Sibyllam</strong></span> <span class='ocrx_word' id='word_1_290' title='bbox 1293 4074 1397 4112; x_wconf 84' lang='lat' dir='ltr'><strong>non</strong></span> 
     </span>
     <span class='ocr_line' id='line_1_48' title="bbox 330 4131 1396 4204; baseline 0.007 -24"><span class='ocrx_word' id='word_1_291' title='bbox 330 4131 496 4181; x_wconf 87' lang='lat' dir='ltr'><strong>solum</strong></span> <span class='ocrx_word' id='word_1_292' title='bbox 536 4133 803 4194; x_wconf 72' lang='lat' dir='ltr'><strong>cecinisse,</strong></span> <span class='ocrx_word' id='word_1_293' title='bbox 839 4148 976 4198; x_wconf 70' lang='lat' dir='ltr'><strong>quae,</strong></span> <span class='ocrx_word' id='word_1_294' title='bbox 1014 4134 1136 4185; x_wconf 88' lang='lat' dir='ltr'><strong>dum</strong></span> <span class='ocrx_word' id='word_1_295' title='bbox 1178 4136 1396 4204; x_wconf 71' lang='lat' dir='ltr'><strong>viveret,</strong></span> 
     </span>
     <span class='ocr_line' id='line_1_49' title="bbox 328 4206 1397 4280; baseline 0.01 -27"><span class='ocrx_word' id='word_1_296' title='bbox 328 4206 643 4270; x_wconf 72' lang='lat' dir='ltr'><strong>prodessent</strong></span> <span class='ocrx_word' id='word_1_297' title='bbox 678 4208 1019 4273; x_wconf 79' lang='lat' dir='ltr'><strong>-hominibus3</strong></span> <span class='ocrx_word' id='word_1_298' title='bbox 1075 4211 1168 4261; x_wconf 83' lang='lat' dir='ltr'><strong>sed</strong></span> <span class='ocrx_word' id='word_1_299' title='bbox 1215 4213 1397 4280; x_wconf 86' lang='lat' dir='ltr'><strong>etiam,</strong></span> 
     </span>
    </p>
   </div>
   <div class='ocr_carea' id='block_1_5' title="bbox 329 4284 1396 4353">
    <p class='ocr_par' dir='ltr' id='par_1_5' title="bbox 329 4284 1396 4353">
     <span class='ocr_line' id='line_1_50' title="bbox 329 4284 1396 4353; baseline 0.01 -19"><span class='ocrx_word' id='word_1_300' title='bbox 329 4298 469 4351; x_wconf 68' lang='lat' dir='ltr'><strong>qum,</strong></span> <span class='ocrx_word' id='word_1_301' title='bbox 492 4298 612 4336; x_wconf 88' lang='lat' dir='ltr'><strong>cum</strong></span> <span class='ocrx_word' id='word_1_302' title='bbox 641 4284 889 4352; x_wconf 86' lang='lat' dir='ltr'><strong>periisset</strong></span> <span class='ocrx_word' id='word_1_303' title='bbox 921 4286 1053 4353; x_wconf 74' lang='lat' dir='ltr'><strong>ipse,</strong></span> <span class='ocrx_word' id='word_1_304' title='bbox 1076 4295 1131 4341; x_wconf 87' lang='lat' dir='ltr'><strong>et</strong></span> <span class='ocrx_word' id='word_1_305' title='bbox 1160 4289 1215 4341; x_wconf 88' lang='lat' dir='ltr'><strong>id</strong></span> <span class='ocrx_word' id='word_1_306' title='bbox 1233 4292 1396 4344; x_wconf 80' lang='lat' dir='ltr'><strong>etism</strong></span> 
     </span>
    </p>
   </div>
   <div class='ocr_carea' id='block_1_6' title="bbox 2356 382 2533 448">
    <p class='ocr_par' dir='ltr' id='par_1_6' title="bbox 2356 382 2533 448">
     <span class='ocr_line' id='line_1_51' title="bbox 2356 382 2533 448; baseline 0.006 -1"><span class='ocrx_word' id='word_1_307' title='bbox 2356 382 2533 448; x_wconf 82' lang='lat'>1035</span> 
     </span>
    </p>
   </div>
   <div class='ocr_carea' id='block_1_7' title="bbox 1465 536 2573 1903">
    <p class='ocr_par' dir='ltr' id='par_1_7' title="bbox 1465 536 2536 1432">
     <span class='ocr_line' id='line_1_52' title="bbox 1466 536 2532 603; baseline 0.006 -16"><span class='ocrx_word' id='word_1_308' title='bbox 1466 536 1800 602; x_wconf 65' lang='lat' dir='ltr'><strong>ignotissimis</strong></span> <span class='ocrx_word' id='word_1_309' title='bbox 1820 552 2023 603; x_wconf 88' lang='lat' dir='ltr'><strong>quoque</strong></span> <span class='ocrx_word' id='word_1_310' title='bbox 2046 537 2370 590; x_wconf 66' lang='lat' dir='ltr'><strong>hominibus!</strong></span> <span class='ocrx_word' id='word_1_311' title='bbox 2417 540 2532 593; x_wconf 87' lang='lat' dir='ltr'><strong>Cic.</strong></span> 
     </span>
     <span class='ocr_line' id='line_1_53' title="bbox 1468 612 2531 680; baseline 0.004 -17"><span class='ocrx_word' id='word_1_312' title='bbox 1468 613 1612 663; x_wconf 83' lang='lat' dir='ltr'><strong>Fam.</strong></span> <span class='ocrx_word' id='word_1_313' title='bbox 1649 627 1756 664; x_wconf 69' lang='lat' dir='ltr'><strong>vn.</strong></span> <span class='ocrx_word' id='word_1_314' title='bbox 1782 617 1868 664; x_wconf 76' lang='lat'><strong>25.</strong></span> <span class='ocrx_word' id='word_1_315' title='bbox 1907 612 2124 679; x_wconf 85' lang='lat' dir='ltr'><strong>‘Atque</strong></span> <span class='ocrx_word' id='word_1_316' title='bbox 2160 615 2403 680; x_wconf 86' lang='lat' dir='ltr'><strong>equidem</strong></span> <span class='ocrx_word' id='word_1_317' title='bbox 2439 618 2531 668; x_wconf 85' lang='lat' dir='ltr'><strong>sli-</strong></span> 
     </span>
     <span class='ocr_line' id='line_1_54' title="bbox 1466 690 2534 755; baseline 0.003 -16"><span class='ocrx_word' id='word_1_318' title='bbox 1466 698 1719 755; x_wconf 86' lang='lat' dir='ltr'><strong>quautum</strong></span> <span class='ocrx_word' id='word_1_319' title='bbox 1747 691 1860 755; x_wconf 81' lang='lat' dir='ltr'><strong>jam</strong></span> <span class='ocrx_word' id='word_1_320' title='bbox 1896 690 2054 740; x_wconf 87' lang='lat' dir='ltr'><strong>etiam</strong></span> <span class='ocrx_word' id='word_1_321' title='bbox 2092 692 2263 743; x_wconf 85' lang='lat' dir='ltr'><strong>noctis</strong></span> <span class='ocrx_word' id='word_1_322' title='bbox 2298 693 2534 744; x_wconf 86' lang='lat' dir='ltr'><strong>assumo.’</strong></span> 
     </span>
     <span class='ocr_line' id='line_1_55' title="bbox 1467 764 2533 819; baseline 0.004 -4"><span class='ocrx_word' id='word_1_323' title='bbox 1467 765 1618 815; x_wconf 83' lang='lat' dir='ltr'><strong>Idem</strong></span> <span class='ocrx_word' id='word_1_324' title='bbox 1654 765 1779 817; x_wconf 90' lang='lat' dir='ltr'><strong>ibid.</strong></span> <span class='ocrx_word' id='word_1_325' title='bbox 1813 779 1895 815; x_wconf 83' lang='lat' dir='ltr'><strong>1x.</strong></span> <span class='ocrx_word' id='word_1_326' title='bbox 1918 770 2001 817; x_wconf 80' lang='lat'><strong>26.</strong></span> <span class='ocrx_word' id='word_1_327' title='bbox 2036 774 2052 797; x_wconf 81' lang='lat'>‘</span> <span class='ocrx_word' id='word_1_328' title='bbox 2074 764 2406 819; x_wconf 80' lang='lat' dir='ltr'><strong>Auctoritate</strong></span> <span class='ocrx_word' id='word_1_329' title='bbox 2442 775 2533 819; x_wconf 78' lang='lat' dir='ltr'><strong>tna</strong></span> 
     </span>
     <span class='ocr_line' id='line_1_56' title="bbox 1468 843 2531 906; baseline 0.003 -15"><span class='ocrx_word' id='word_1_330' title='bbox 1468 843 1617 892; x_wconf 88' lang='lat' dir='ltr'><strong>nobis</strong></span> <span class='ocrx_word' id='word_1_331' title='bbox 1653 857 1782 906; x_wconf 89' lang='lat' dir='ltr'><strong>opus</strong></span> <span class='ocrx_word' id='word_1_332' title='bbox 1815 848 1915 900; x_wconf 84' lang='lat' dir='ltr'><strong>est,</strong></span> <span class='ocrx_word' id='word_1_333' title='bbox 1942 848 1996 892; x_wconf 90' lang='lat' dir='ltr'><strong>et</strong></span> <span class='ocrx_word' id='word_1_334' title='bbox 2029 843 2262 906; x_wconf 73' lang='lat' dir='ltr'><strong>consilio,</strong></span> <span class='ocrx_word' id='word_1_335' title='bbox 2282 851 2340 896; x_wconf 89' lang='lat' dir='ltr'><strong>et</strong></span> <span class='ocrx_word' id='word_1_336' title='bbox 2371 844 2531 895; x_wconf 88' lang='lat' dir='ltr'><strong>etiam</strong></span> 
     </span>
     <span class='ocr_line' id='line_1_57' title="bbox 1468 919 2532 984; baseline 0.005 -15"><span class='ocrx_word' id='word_1_337' title='bbox 1468 919 1672 984; x_wconf 62' lang='lat' dir='ltr'><strong>gratia?</strong></span> <span class='ocrx_word' id='word_1_338' title='bbox 1748 921 1968 971; x_wconf 73' lang='lat' dir='ltr'><strong>Plautus</strong></span> <span class='ocrx_word' id='word_1_339' title='bbox 2006 920 2243 971; x_wconf 84' lang='lat' dir='ltr'><strong>Trinum.</strong></span> <span class='ocrx_word' id='word_1_340' title='bbox 2278 935 2333 972; x_wconf 83' lang='lat' dir='ltr'><strong>v.</strong></span> <span class='ocrx_word' id='word_1_341' title='bbox 2363 926 2414 974; x_wconf 77' lang='lat'><strong>2.</strong></span> <span class='ocrx_word' id='word_1_342' title='bbox 2447 926 2532 975; x_wconf 74' lang='lat'><strong>59.</strong></span> 
     </span>
     <span class='ocr_line' id='line_1_58' title="bbox 1465 997 2534 1064; baseline 0.003 -17"><span class='ocrx_word' id='word_1_343' title='bbox 1465 1004 1483 1030; x_wconf 78' lang='lat'>‘</span> <span class='ocrx_word' id='word_1_344' title='bbox 1500 999 1614 1063; x_wconf 83' lang='lat' dir='ltr'><strong>Ego</strong></span> <span class='ocrx_word' id='word_1_345' title='bbox 1633 997 1838 1061; x_wconf 81' lang='lat' dir='ltr'><strong>ducam,</strong></span> <span class='ocrx_word' id='word_1_346' title='bbox 1856 1004 2038 1059; x_wconf 82' lang='lat' dir='ltr'><strong>pater3</strong></span> <span class='ocrx_word' id='word_1_347' title='bbox 2073 999 2228 1048; x_wconf 85' lang='lat' dir='ltr'><strong>etiam</strong></span> <span class='ocrx_word' id='word_1_348' title='bbox 2247 1005 2303 1047; x_wconf 87' lang='lat' dir='ltr'><strong>et</strong></span> <span class='ocrx_word' id='word_1_349' title='bbox 2318 998 2534 1064; x_wconf 80' lang='lat' dir='ltr'><strong>siquam</strong></span> 
     </span>
     <span class='ocr_line' id='line_1_59' title="bbox 1467 1073 2535 1137; baseline 0.004 -14"><span class='ocrx_word' id='word_1_350' title='bbox 1467 1074 1615 1124; x_wconf 83' lang='lat' dir='ltr'><strong>aliam</strong></span> <span class='ocrx_word' id='word_1_351' title='bbox 1632 1073 1878 1137; x_wconf 62' lang='lat' dir='ltr'><strong>jubebis?</strong></span> <span class='ocrx_word' id='word_1_352' title='bbox 1944 1073 2061 1124; x_wconf 85' lang='lat' dir='ltr'><strong>Hoc</strong></span> <span class='ocrx_word' id='word_1_353' title='bbox 2082 1089 2207 1137; x_wconf 85' lang='lat' dir='ltr'><strong>ergo</strong></span> <span class='ocrx_word' id='word_1_354' title='bbox 2232 1074 2284 1124; x_wconf 91' lang='lat' dir='ltr'><strong>in</strong></span> <span class='ocrx_word' id='word_1_355' title='bbox 2310 1076 2422 1126; x_wconf 83' lang='lat' dir='ltr'><strong>loco</strong></span> <span class='ocrx_word' id='word_1_356' title='bbox 2440 1090 2535 1127; x_wconf 78' lang='lat' dir='ltr'><strong>ex-</strong></span> 
     </span>
     <span class='ocr_line' id='line_1_60' title="bbox 1465 1151 2536 1216; baseline 0 -13"><span class='ocrx_word' id='word_1_357' title='bbox 1465 1152 1656 1214; x_wconf 86' lang='lat' dir='ltr'><strong>istimo,</strong></span> <span class='ocrx_word' id='word_1_358' title='bbox 1693 1151 2000 1215; x_wconf 83' lang='lat' dir='ltr'><strong>particulam</strong></span> <span class='ocrx_word' id='word_1_359' title='bbox 2044 1152 2206 1208; x_wconf 79' lang='lat' dir='ltr'><strong>etiam,</strong></span> <span class='ocrx_word' id='word_1_360' title='bbox 2246 1159 2393 1202; x_wconf 86' lang='lat' dir='ltr'><strong>recte</strong></span> <span class='ocrx_word' id='word_1_361' title='bbox 2437 1166 2536 1216; x_wconf 75' lang='lat' dir='ltr'><strong>pes·</strong></span> 
     </span>
     <span class='ocr_line' id='line_1_61' title="bbox 1467 1227 2532 1293; baseline 0.003 -16"><span class='ocrx_word' id='word_1_362' title='bbox 1467 1235 1484 1261; x_wconf 71' lang='lat'>¹</span> <span class='ocrx_word' id='word_1_363' title='bbox 1498 1227 1794 1293; x_wconf 75' lang='lat' dir='ltr'><strong>praeterea,&#39;</strong></span> <span class='ocrx_word' id='word_1_364' title='bbox 1815 1229 2065 1290; x_wconf 83' lang='lat' dir='ltr'><strong>explicari</strong></span> <span class='ocrx_word' id='word_1_365' title='bbox 2087 1241 2234 1291; x_wconf 85' lang='lat' dir='ltr'><strong>posse</strong></span> <span class='ocrx_word' id='word_1_366' title='bbox 2252 1243 2268 1290; x_wconf 70' lang='grc' dir='ltr'><strong>ς</strong></span> <span class='ocrx_word' id='word_1_367' title='bbox 2289 1233 2337 1279; x_wconf 75' lang='lat' dir='ltr'><strong>et</strong></span> <span class='ocrx_word' id='word_1_368' title='bbox 2355 1237 2532 1280; x_wconf 82' lang='lat' dir='ltr'><strong>autem</strong></span> 
     </span>
     <span class='ocr_line' id='line_1_62' title="bbox 1466 1305 2532 1370; baseline 0.002 -15"><span class='ocrx_word' id='word_1_369' title='bbox 1466 1307 1583 1370; x_wconf 86' lang='lat' dir='ltr'><strong>ejus</strong></span> <span class='ocrx_word' id='word_1_370' title='bbox 1628 1306 1851 1356; x_wconf 89' lang='lat' dir='ltr'><strong>notionis</strong></span> <span class='ocrx_word' id='word_1_371' title='bbox 1894 1306 1995 1356; x_wconf 79' lang='lat' dir='ltr'><strong>vim</strong></span> <span class='ocrx_word' id='word_1_372' title='bbox 2037 1306 2202 1370; x_wconf 80' lang='lat' dir='ltr'><strong>magis</strong></span> <span class='ocrx_word' id='word_1_373' title='bbox 2240 1305 2532 1357; x_wconf 83' lang='lat' dir='ltr'><strong>intendere.</strong></span> 
     </span>
     <span class='ocr_line' id='line_1_63' title="bbox 1466 1383 1708 1432; baseline -0.004 0"><span class='ocrx_word' id='word_1_374' title='bbox 1466 1383 1708 1432; x_wconf 67' lang='lat' dir='ltr'><strong>Schwarz.</strong></span> 
     </span>
    </p>

    <p class='ocr_par' dir='ltr' id='par_1_8' title="bbox 1465 1456 2573 1586">
     <span class='ocr_line' id='line_1_64' title="bbox 1493 1456 2573 1522; baseline 0 -14"><span class='ocrx_word' id='word_1_375' title='bbox 1493 1495 1501 1503; x_wconf 86' lang='lat'><strong>.</strong></span> <span class='ocrx_word' id='word_1_376' title='bbox 1531 1461 1648 1508; x_wconf 80' lang='lat' dir='ltr'><strong>Jam</strong></span> <span class='ocrx_word' id='word_1_377' title='bbox 1684 1457 1854 1522; x_wconf 71' lang='lat' dir='ltr'><strong>etiam]</strong></span> <span class='ocrx_word' id='word_1_378' title='bbox 1903 1457 2059 1509; x_wconf 86' lang='lat' dir='ltr'><strong>Forte</strong></span> <span class='ocrx_word' id='word_1_379' title='bbox 2098 1456 2396 1508; x_wconf 85' lang='lat' dir='ltr'><strong>delendum.</strong></span> <span class='ocrx_word' id='word_1_380' title='bbox 2441 1458 2532 1508; x_wconf 80' lang='lat' dir='ltr'><strong>Ls‘-</strong></span> <span class='ocrx_word' id='word_1_381' title='bbox 2569 1492 2573 1497; x_wconf 77' lang='lat'><strong>·</strong></span> 
     </span>
     <span class='ocr_line' id='line_1_65' title="bbox 1465 1550 1575 1586; baseline 0.009 -1"><span class='ocrx_word' id='word_1_382' title='bbox 1465 1550 1575 1586; x_wconf 72' lang='lat' dir='ltr'><strong>esus.</strong></span> 
     </span>
    </p>

    <p class='ocr_par' dir='ltr' id='par_1_9' title="bbox 1466 1610 2535 1815">
     <span class='ocr_line' id='line_1_66' title="bbox 1532 1610 2534 1675; baseline 0.001 -13"><span class='ocrx_word' id='word_1_383' title='bbox 1532 1614 1757 1663; x_wconf 71' lang='lat' dir='ltr'><strong>Priscum</strong></span> <span class='ocrx_word' id='word_1_384' title='bbox 1788 1612 2060 1663; x_wconf 77' lang='lat' dir='ltr'><strong>mortalium</strong></span> <span class='ocrx_word' id='word_1_385' title='bbox 2096 1610 2290 1675; x_wconf 66' lang='lat' dir='ltr'><strong>mum]</strong></span> <span class='ocrx_word' id='word_1_386' title='bbox 2328 1611 2534 1664; x_wconf 82' lang='lat' dir='ltr'><strong>Valeri·</strong></span> 
     </span>
     <span class='ocr_line' id='line_1_67' title="bbox 1466 1687 2535 1752; baseline 0.001 -13"><span class='ocrx_word' id='word_1_387' title='bbox 1466 1703 1554 1739; x_wconf 88' lang='lat' dir='ltr'><strong>um</strong></span> <span class='ocrx_word' id='word_1_388' title='bbox 1573 1689 1675 1752; x_wconf 89' lang='lat' dir='ltr'><strong>adi,</strong></span> <span class='ocrx_word' id='word_1_389' title='bbox 1697 1703 1774 1740; x_wconf 80' lang='lat' dir='ltr'><strong>iv.</strong></span> <span class='ocrx_word' id='word_1_390' title='bbox 1792 1693 1841 1738; x_wconf 95' lang='grc'><strong>7.</strong></span> <span class='ocrx_word' id='word_1_391' title='bbox 1897 1688 2203 1739; x_wconf 83' lang='lat' dir='ltr'><strong>Ciceronem</strong></span> <span class='ocrx_word' id='word_1_392' title='bbox 2228 1687 2294 1739; x_wconf 90' lang='lat' dir='ltr'><strong>de</strong></span> <span class='ocrx_word' id='word_1_393' title='bbox 2316 1687 2535 1740; x_wconf 84' lang='lat' dir='ltr'><strong>Amicit.</strong></span> 
     </span>
     <span class='ocr_line' id='line_1_68' title="bbox 1466 1764 2000 1815; baseline -0.004 0"><span class='ocrx_word' id='word_1_394' title='bbox 1466 1771 1523 1815; x_wconf 79' lang='lat' dir='ltr'><strong>et</strong></span> <span class='ocrx_word' id='word_1_395' title='bbox 1544 1765 1813 1815; x_wconf 79' lang='lat' dir='ltr'><strong>Senecam.</strong></span> <span class='ocrx_word' id='word_1_396' title='bbox 1846 1764 2000 1814; x_wconf 79' lang='lat' dir='ltr'><strong>Bern-</strong></span> 
     </span>
    </p>

    <p class='ocr_par' dir='ltr' id='par_1_10' title="bbox 1528 1838 2535 1903">
     <span class='ocr_line' id='line_1_69' title="bbox 1528 1838 2535 1903; baseline 0 -13"><span class='ocrx_word' id='word_1_397' title='bbox 1528 1841 1755 1891; x_wconf 75' lang='lat' dir='ltr'><strong>Priscum</strong></span> <span class='ocrx_word' id='word_1_398' title='bbox 1788 1839 2060 1891; x_wconf 73' lang='lat' dir='ltr'><strong>mortalium</strong></span> <span class='ocrx_word' id='word_1_399' title='bbox 2099 1838 2293 1903; x_wconf 65' lang='lat' dir='ltr'><strong>mum]</strong></span> <span class='ocrx_word' id='word_1_400' title='bbox 2339 1838 2403 1889; x_wconf 89' lang='lat' dir='ltr'><strong>In</strong></span> <span class='ocrx_word' id='word_1_401' title='bbox 2443 1839 2535 1890; x_wconf 89' lang='lat' dir='ltr'><strong>tri-</strong></span> 
     </span>
    </p>
   </div>
   <div class='ocr_carea' id='block_1_8' title="bbox 1381 1915 2538 1981">
    <p class='ocr_par' dir='ltr' id='par_1_11' title="bbox 1381 1915 2538 1981">
     <span class='ocr_line' id='line_1_70' title="bbox 1381 1915 2538 1981; baseline 0 -14"><span class='ocrx_word' id='word_1_402' title='bbox 1381 1927 1390 1937; x_wconf 79' lang='lat'><em>·</em></span> <span class='ocrx_word' id='word_1_403' title='bbox 1463 1915 1561 1967; x_wconf 84' lang='lat' dir='ltr'><strong>bns</strong></span> <span class='ocrx_word' id='word_1_404' title='bbox 1585 1916 1855 1967; x_wconf 85' lang='lat' dir='ltr'><strong>codicibus</strong></span> <span class='ocrx_word' id='word_1_405' title='bbox 1877 1916 2161 1980; x_wconf 76' lang='lat' dir='ltr'><strong>Vaticanis,</strong></span> <span class='ocrx_word' id='word_1_406' title='bbox 2178 1929 2365 1981; x_wconf 83' lang='lat' dir='ltr'><strong>nempe</strong></span> <span class='ocrx_word' id='word_1_407' title='bbox 2385 1920 2538 1967; x_wconf 72' lang='grc'><strong>3461.</strong></span> 
     </span>
    </p>
   </div>
   <div class='ocr_carea' id='block_1_9' title="bbox 1463 1993 2600 4362">
    <p class='ocr_par' dir='ltr' id='par_1_12' title="bbox 1463 1993 2600 3358">
     <span class='ocr_line' id='line_1_71' title="bbox 1465 1993 2535 2063; baseline 0.002 -22"><span class='ocrx_word' id='word_1_408' title='bbox 1465 1996 1614 2043; x_wconf 90' lang='grc'><strong>1776.</strong></span> <span class='ocrx_word' id='word_1_409' title='bbox 1647 2000 1701 2043; x_wconf 86' lang='lat' dir='ltr'><strong>et</strong></span> <span class='ocrx_word' id='word_1_410' title='bbox 1730 1997 1876 2044; x_wconf 81' lang='grc'><strong>1475.</strong></span> <span class='ocrx_word' id='word_1_411' title='bbox 1909 1993 2035 2043; x_wconf 88' lang='lat' dir='ltr'><strong>item</strong></span> <span class='ocrx_word' id='word_1_412' title='bbox 2072 1998 2130 2063; x_wconf 71' lang='lat' dir='ltr'><strong>et</strong></span> <span class='ocrx_word' id='word_1_413' title='bbox 2155 1993 2207 2043; x_wconf 90' lang='lat' dir='ltr'><strong>in</strong></span> <span class='ocrx_word' id='word_1_414' title='bbox 2240 1993 2535 2057; x_wconf 82' lang='lat' dir='ltr'><strong>Gnelpber·</strong></span> 
     </span>
     <span class='ocr_line' id='line_1_72' title="bbox 1464 2070 2534 2135; baseline 0 -15"><span class='ocrx_word' id='word_1_415' title='bbox 1464 2070 1681 2134; x_wconf 69' lang='lat' dir='ltr'><strong>hymno,</strong></span> <span class='ocrx_word' id='word_1_416' title='bbox 1702 2072 1901 2135; x_wconf 83' lang='lat' dir='ltr'><strong>legitur</strong></span> <span class='ocrx_word' id='word_1_417' title='bbox 1919 2070 2214 2134; x_wconf 73' lang='lat' dir='ltr'><strong>priscorsm3</strong></span> <span class='ocrx_word' id='word_1_418' title='bbox 2245 2070 2382 2135; x_wconf 88' lang='lat' dir='ltr'><strong>quod</strong></span> <span class='ocrx_word' id='word_1_419' title='bbox 2406 2071 2534 2135; x_wconf 81' lang='lat' dir='ltr'><strong>quin</strong></span> 
     </span>
     <span class='ocr_line' id='line_1_73' title="bbox 1466 2142 2533 2212; baseline -0.001 -15"><span class='ocrx_word' id='word_1_420' title='bbox 1466 2148 1803 2212; x_wconf 85' lang='lat' dir='ltr'><strong>prodiderim,</strong></span> <span class='ocrx_word' id='word_1_421' title='bbox 1820 2162 2001 2210; x_wconf 69' lang='lat' dir='ltr'><strong>parlim</strong></span> <span class='ocrx_word' id='word_1_422' title='bbox 2018 2142 2206 2197; x_wconf 76' lang='lat' dir='ltr'><strong>abfuit.</strong></span> <span class='ocrx_word' id='word_1_423' title='bbox 2247 2147 2437 2211; x_wconf 78' lang='lat' dir='ltr'><strong>Neque</strong></span> <span class='ocrx_word' id='word_1_424' title='bbox 2446 2154 2533 2196; x_wconf 75' lang='lat' dir='ltr'><strong>ta-</strong></span> 
     </span>
     <span class='ocr_line' id='line_1_74' title="bbox 1464 2221 2534 2274; baseline -0.001 -1"><span class='ocrx_word' id='word_1_425' title='bbox 1464 2237 1581 2273; x_wconf 88' lang='lat' dir='ltr'><strong>men</strong></span> <span class='ocrx_word' id='word_1_426' title='bbox 1607 2225 1965 2274; x_wconf 83' lang='lat' dir='ltr'><strong>necessitatem</strong></span> <span class='ocrx_word' id='word_1_427' title='bbox 1998 2223 2357 2273; x_wconf 74' lang='lat' dir='ltr'><strong>animadverto</strong></span> <span class='ocrx_word' id='word_1_428' title='bbox 2387 2221 2534 2273; x_wconf 86' lang='lat' dir='ltr'><strong>dam·</strong></span> 
     </span>
     <span class='ocr_line' id='line_1_75' title="bbox 1465 2296 2537 2363; baseline -0.001 -13"><span class='ocrx_word' id='word_1_429' title='bbox 1465 2300 1652 2350; x_wconf 74' lang='lat' dir='ltr'><strong>nandae</strong></span> <span class='ocrx_word' id='word_1_430' title='bbox 1685 2303 1912 2363; x_wconf 63' lang='lat' dir='ltr'><strong>vulgate</strong></span> <span class='ocrx_word' id='word_1_431' title='bbox 1948 2300 2204 2349; x_wconf 85' lang='lat' dir='ltr'><strong>lectionis.</strong></span> <span class='ocrx_word' id='word_1_432' title='bbox 2269 2296 2344 2348; x_wconf 83' lang='lat' dir='ltr'><strong>At</strong></span> <span class='ocrx_word' id='word_1_433' title='bbox 2365 2299 2537 2349; x_wconf 76' lang='lat' dir='ltr'><strong>minus</strong></span> 
     </span>
     <span class='ocr_line' id='line_1_76' title="bbox 1466 2376 2544 2442; baseline -0.002 -16"><span class='ocrx_word' id='word_1_434' title='bbox 1466 2378 1666 2441; x_wconf 84' lang='lat' dir='ltr'><strong>placet,</strong></span> <span class='ocrx_word' id='word_1_435' title='bbox 1691 2376 1826 2442; x_wconf 89' lang='lat' dir='ltr'><strong>quod</strong></span> <span class='ocrx_word' id='word_1_436' title='bbox 1862 2377 1916 2426; x_wconf 90' lang='lat' dir='ltr'><strong>in</strong></span> <span class='ocrx_word' id='word_1_437' title='bbox 1948 2376 2205 2426; x_wconf 84' lang='lat' dir='ltr'><strong>Vaticano</strong></span> <span class='ocrx_word' id='word_1_438' title='bbox 2234 2378 2382 2426; x_wconf 71' lang='lat'><strong>8461.</strong></span> <span class='ocrx_word' id='word_1_439' title='bbox 2413 2376 2544 2430; x_wconf 72' lang='lat' dir='ltr'><strong>ami--</strong></span> 
     </span>
     <span class='ocr_line' id='line_1_77' title="bbox 1463 2451 2535 2517; baseline -0.002 -15"><span class='ocrx_word' id='word_1_440' title='bbox 1463 2454 1596 2502; x_wconf 73' lang='lat' dir='ltr'><strong>citiae</strong></span> <span class='ocrx_word' id='word_1_441' title='bbox 1617 2454 1865 2517; x_wconf 85' lang='lat' dir='ltr'><strong>scriptum</strong></span> <span class='ocrx_word' id='word_1_442' title='bbox 1890 2461 1972 2516; x_wconf 70' lang='lat' dir='ltr'><strong>ept</strong></span> <span class='ocrx_word' id='word_1_443' title='bbox 2003 2466 2101 2516; x_wconf 79' lang='lat' dir='ltr'><strong>pro</strong></span> <span class='ocrx_word' id='word_1_444' title='bbox 2120 2451 2352 2501; x_wconf 70' lang='lat' dir='ltr'><strong>micitia.</strong></span> <span class='ocrx_word' id='word_1_445' title='bbox 2420 2451 2535 2502; x_wconf 87' lang='lat' dir='ltr'><strong>Cic.</strong></span> 
     </span>
     <span class='ocr_line' id='line_1_78' title="bbox 1467 2528 2536 2592; baseline -0.003 -10"><span class='ocrx_word' id='word_1_446' title='bbox 1467 2530 1644 2587; x_wconf 81' lang='lat' dir='ltr'><strong>Laelio,</strong></span> <span class='ocrx_word' id='word_1_447' title='bbox 1664 2545 1711 2581; x_wconf 90' lang='lat' dir='ltr'><strong>c.</strong></span> <span class='ocrx_word' id='word_1_448' title='bbox 1728 2535 1777 2579; x_wconf 89' lang='grc'><strong>6.</strong></span> <span class='ocrx_word' id='word_1_449' title='bbox 1800 2530 1866 2579; x_wconf 92' lang='lat' dir='ltr'><strong>de</strong></span> <span class='ocrx_word' id='word_1_450' title='bbox 1885 2529 2161 2579; x_wconf 73' lang='lat' dir='ltr'><strong>Amicitia:</strong></span> <span class='ocrx_word' id='word_1_451' title='bbox 2194 2531 2213 2559; x_wconf 86' lang='lat'>‘</span> <span class='ocrx_word' id='word_1_452' title='bbox 2234 2528 2386 2579; x_wconf 75' lang='lat' dir='ltr'><strong>Hasd</strong></span> <span class='ocrx_word' id='word_1_453' title='bbox 2405 2529 2536 2592; x_wconf 87' lang='lat' dir='ltr'><strong>scio,</strong></span> 
     </span>
     <span class='ocr_line' id='line_1_79' title="bbox 1465 2603 2537 2669; baseline -0.001 -14"><span class='ocrx_word' id='word_1_454' title='bbox 1465 2621 1551 2669; x_wconf 76' lang='lat' dir='ltr'><strong>en,</strong></span> <span class='ocrx_word' id='word_1_455' title='bbox 1586 2613 1812 2669; x_wconf 81' lang='lat' dir='ltr'><strong>excepta</strong></span> <span class='ocrx_word' id='word_1_456' title='bbox 1848 2605 2125 2669; x_wconf 82' lang='lat' dir='ltr'><strong>sapientia,</strong></span> <span class='ocrx_word' id='word_1_457' title='bbox 2156 2603 2435 2669; x_wconf 75' lang='lat' dir='ltr'><strong>quidquam</strong></span> <span class='ocrx_word' id='word_1_458' title='bbox 2466 2603 2537 2655; x_wconf 83' lang='lat' dir='ltr'><strong>sit</strong></span> 
     </span>
     <span class='ocr_line' id='line_1_80' title="bbox 1465 2677 2532 2732; baseline -0.003 -1"><span class='ocrx_word' id='word_1_459' title='bbox 1465 2683 1662 2732; x_wconf 86' lang='lat' dir='ltr'><strong>bomini</strong></span> <span class='ocrx_word' id='word_1_460' title='bbox 1703 2683 1883 2731; x_wconf 88' lang='lat' dir='ltr'><strong>melius</strong></span> <span class='ocrx_word' id='word_1_461' title='bbox 1925 2696 1957 2730; x_wconf 80' lang='lat' dir='ltr'><strong>a</strong></span> <span class='ocrx_word' id='word_1_462' title='bbox 1997 2681 2111 2731; x_wconf 89' lang='lat' dir='ltr'><strong>Diis</strong></span> <span class='ocrx_word' id='word_1_463' title='bbox 2153 2677 2532 2730; x_wconf 68' lang='lat' dir='ltr'><strong>immortalibus</strong></span> 
     </span>
     <span class='ocr_line' id='line_1_81' title="bbox 1466 2753 2533 2819; baseline -0.002 -13"><span class='ocrx_word' id='word_1_464' title='bbox 1466 2757 1687 2809; x_wconf 68' lang='lat' dir='ltr'><strong>datum!</strong></span> <span class='ocrx_word' id='word_1_465' title='bbox 1774 2755 1945 2807; x_wconf 84' lang='lat' dir='ltr'><strong>Galba</strong></span> <span class='ocrx_word' id='word_1_466' title='bbox 1991 2755 2056 2805; x_wconf 81' lang='lat' dir='ltr'><strong>ad</strong></span> <span class='ocrx_word' id='word_1_467' title='bbox 2101 2756 2347 2805; x_wconf 81' lang='lat' dir='ltr'><strong>Pisonem</strong></span> <span class='ocrx_word' id='word_1_468' title='bbox 2391 2753 2533 2819; x_wconf 80' lang='lat' dir='ltr'><strong>apud</strong></span> 
     </span>
     <span class='ocr_line' id='line_1_82' title="bbox 1464 2830 2534 2894; baseline -0.006 -9"><span class='ocrx_word' id='word_1_469' title='bbox 1464 2835 1639 2885; x_wconf 84' lang='lat' dir='ltr'><strong>Tacit.</strong></span> <span class='ocrx_word' id='word_1_470' title='bbox 1668 2847 1706 2884; x_wconf 88' lang='grc' dir='ltr'><strong>ι.</strong></span> <span class='ocrx_word' id='word_1_471' title='bbox 1735 2838 1816 2883; x_wconf 79' lang='lat'><strong>16.</strong></span> <span class='ocrx_word' id='word_1_472' title='bbox 1848 2839 1864 2862; x_wconf 76' lang='lat'>⁸</span> <span class='ocrx_word' id='word_1_473' title='bbox 1890 2831 2093 2894; x_wconf 84' lang='lat' dir='ltr'><strong>Fidem,</strong></span> <span class='ocrx_word' id='word_1_474' title='bbox 2126 2830 2447 2892; x_wconf 85' lang='lat' dir='ltr'><strong>libertatem,</strong></span> <span class='ocrx_word' id='word_1_475' title='bbox 2470 2844 2534 2879; x_wconf 69' lang='lat' dir='ltr'><strong>a·</strong></span> 
     </span>
     <span class='ocr_line' id='line_1_83' title="bbox 1466 2905 2538 2975; baseline -0.007 -13"><span class='ocrx_word' id='word_1_476' title='bbox 1466 2911 1735 2975; x_wconf 82' lang='lat' dir='ltr'><strong>micitiam,</strong></span> <span class='ocrx_word' id='word_1_477' title='bbox 1755 2909 2022 2973; x_wconf 81' lang='lat' dir='ltr'><strong>praecipua</strong></span> <span class='ocrx_word' id='word_1_478' title='bbox 2038 2905 2245 2957; x_wconf 83' lang='lat' dir='ltr'><strong>humani</strong></span> <span class='ocrx_word' id='word_1_479' title='bbox 2265 2906 2419 2957; x_wconf 88' lang='lat' dir='ltr'><strong>animi</strong></span> <span class='ocrx_word' id='word_1_480' title='bbox 2442 2905 2538 2955; x_wconf 89' lang='lat' dir='ltr'><strong>bo·</strong></span> 
     </span>
     <span class='ocr_line' id='line_1_84' title="bbox 1468 2981 2600 3052; baseline -0.006 -14"><span class='ocrx_word' id='word_1_481' title='bbox 1468 3002 1556 3050; x_wconf 80' lang='lat' dir='ltr'><strong>ns,</strong></span> <span class='ocrx_word' id='word_1_482' title='bbox 1577 2995 1636 3037; x_wconf 91' lang='lat' dir='ltr'><strong>tu</strong></span> <span class='ocrx_word' id='word_1_483' title='bbox 1660 2985 1867 3052; x_wconf 89' lang='lat' dir='ltr'><strong>quidem</strong></span> <span class='ocrx_word' id='word_1_484' title='bbox 1889 2983 2071 3034; x_wconf 80' lang='lat' dir='ltr'><strong>eadem</strong></span> <span class='ocrx_word' id='word_1_485' title='bbox 2095 2981 2386 3033; x_wconf 81' lang='lat' dir='ltr'><strong>constantia</strong></span> <span class='ocrx_word' id='word_1_486' title='bbox 2408 2982 2536 3032; x_wconf 86' lang='lat' dir='ltr'><strong>reti·</strong></span> <span class='ocrx_word' id='word_1_487' title='bbox 2591 3014 2600 3023; x_wconf 90' lang='lat'>-</span> 
     </span>
     <span class='ocr_line' id='line_1_85' title="bbox 1467 3054 2536 3124; baseline -0.006 -11"><span class='ocrx_word' id='word_1_488' title='bbox 1467 3064 1652 3123; x_wconf 85' lang='lat' dir='ltr'><strong>nebis;</strong></span> <span class='ocrx_word' id='word_1_489' title='bbox 1686 3061 1774 3112; x_wconf 84' lang='lat' dir='ltr'><strong>sed</strong></span> <span class='ocrx_word' id='word_1_490' title='bbox 1804 3061 1892 3110; x_wconf 89' lang='lat' dir='ltr'><strong>alii</strong></span> <span class='ocrx_word' id='word_1_491' title='bbox 1918 3073 2012 3124; x_wconf 83' lang='lat' dir='ltr'><strong>per</strong></span> <span class='ocrx_word' id='word_1_492' title='bbox 2036 3058 2342 3123; x_wconf 85' lang='lat' dir='ltr'><strong>obsequium</strong></span> <span class='ocrx_word' id='word_1_493' title='bbox 2358 3054 2536 3107; x_wconf 75' lang='lat' dir='ltr'><strong>immi-</strong></span> 
     </span>
     <span class='ocr_line' id='line_1_86' title="bbox 1468 3132 2539 3201; baseline -0.008 -11"><span class='ocrx_word' id='word_1_494' title='bbox 1468 3144 1651 3189; x_wconf 88' lang='lat' dir='ltr'><strong>nuent.</strong></span> <span class='ocrx_word' id='word_1_495' title='bbox 1696 3138 1962 3201; x_wconf 88' lang='lat' dir='ltr'><strong>Irrumpet</strong></span> <span class='ocrx_word' id='word_1_496' title='bbox 1979 3135 2228 3196; x_wconf 74' lang='lat' dir='ltr'><strong>adulatio,</strong></span> <span class='ocrx_word' id='word_1_497' title='bbox 2249 3132 2539 3195; x_wconf 72' lang='lat' dir='ltr'><strong>blanditiae,</strong></span> 
     </span>
     <span class='ocr_line' id='line_1_87' title="bbox 1469 3211 2538 3282; baseline -0.008 -15"><span class='ocrx_word' id='word_1_498' title='bbox 1469 3218 1747 3282; x_wconf 87' lang='lat' dir='ltr'><strong>pessimum</strong></span> <span class='ocrx_word' id='word_1_499' title='bbox 1770 3215 1881 3264; x_wconf 76' lang='lat' dir='ltr'><strong>veri</strong></span> <span class='ocrx_word' id='word_1_500' title='bbox 1905 3211 2123 3263; x_wconf 78' lang='lat' dir='ltr'><strong>effeetus</strong></span> <span class='ocrx_word' id='word_1_501' title='bbox 2143 3224 2417 3268; x_wconf 85' lang='lat' dir='ltr'><strong>venenum,</strong></span> <span class='ocrx_word' id='word_1_502' title='bbox 2441 3222 2538 3260; x_wconf 81' lang='lat' dir='ltr'><strong>sna</strong></span> 
     </span>
     <span class='ocr_line' id='line_1_88' title="bbox 1468 3289 2189 3358; baseline -0.007 -13"><span class='ocrx_word' id='word_1_503' title='bbox 1468 3296 1659 3358; x_wconf 85' lang='lat' dir='ltr'><strong>cuique</strong></span> <span class='ocrx_word' id='word_1_504' title='bbox 1682 3289 1914 3343; x_wconf 85' lang='lat' dir='ltr'><strong>utilitas.’</strong></span> <span class='ocrx_word' id='word_1_505' title='bbox 1945 3289 2189 3340; x_wconf 72' lang='lat' dir='ltr'><strong>Solimi-z.</strong></span> 
     </span>
    </p>

    <p class='ocr_par' dir='ltr' id='par_1_13' title="bbox 1468 3366 2539 3732">
     <span class='ocr_line' id='line_1_89' title="bbox 1535 3366 2538 3433; baseline -0.007 -11"><span class='ocrx_word' id='word_1_506' title='bbox 1535 3369 1752 3433; x_wconf 75' lang='lat' dir='ltr'><strong>Bonum]</strong></span> <span class='ocrx_word' id='word_1_507' title='bbox 1784 3371 1853 3420; x_wconf 87' lang='lat' dir='ltr'><strong>Et</strong></span> <span class='ocrx_word' id='word_1_508' title='bbox 1881 3369 2156 3419; x_wconf 84' lang='lat' dir='ltr'><strong>maximum</strong></span> <span class='ocrx_word' id='word_1_509' title='bbox 2179 3366 2420 3433; x_wconf 82' lang='lat' dir='ltr'><strong>quidem3</strong></span> <span class='ocrx_word' id='word_1_510' title='bbox 2452 3371 2538 3416; x_wconf 82' lang='lat' dir='ltr'><strong>est</strong></span> 
     </span>
     <span class='ocr_line' id='line_1_90' title="bbox 1468 3443 2539 3516; baseline -0.007 -16"><span class='ocrx_word' id='word_1_511' title='bbox 1468 3450 1632 3516; x_wconf 86' lang='lat' dir='ltr'><strong>enim,</strong></span> <span class='ocrx_word' id='word_1_512' title='bbox 1648 3458 1783 3501; x_wconf 85' lang='lat' dir='ltr'><strong>teste</strong></span> <span class='ocrx_word' id='word_1_513' title='bbox 1805 3448 2062 3499; x_wconf 85' lang='lat' dir='ltr'><strong>Cicerone</strong></span> <span class='ocrx_word' id='word_1_514' title='bbox 2080 3448 2133 3497; x_wconf 89' lang='lat' dir='ltr'><strong>in</strong></span> <span class='ocrx_word' id='word_1_515' title='bbox 2156 3446 2342 3508; x_wconf 76' lang='lat' dir='ltr'><strong>Laelio,</strong></span> <span class='ocrx_word' id='word_1_516' title='bbox 2361 3443 2378 3471; x_wconf 91' lang='lat'>‘</span> <span class='ocrx_word' id='word_1_517' title='bbox 2395 3443 2539 3494; x_wconf 86' lang='lat' dir='ltr'><strong>Nibil</strong></span> 
     </span>
     <span class='ocr_line' id='line_1_91' title="bbox 1470 3522 2536 3591; baseline -0.008 -13"><span class='ocrx_word' id='word_1_518' title='bbox 1470 3527 1632 3591; x_wconf 78' lang='lat' dir='ltr'><strong>aliud,</strong></span> <span class='ocrx_word' id='word_1_519' title='bbox 1653 3527 1750 3576; x_wconf 85' lang='lat' dir='ltr'><strong>nisi</strong></span> <span class='ocrx_word' id='word_1_520' title='bbox 1785 3526 2077 3575; x_wconf 82' lang='lat' dir='ltr'><strong>divinarum</strong></span> <span class='ocrx_word' id='word_1_521' title='bbox 2103 3523 2326 3572; x_wconf 87' lang='lat' dir='ltr'><strong>omnium</strong></span> <span class='ocrx_word' id='word_1_522' title='bbox 2355 3522 2536 3573; x_wconf 81' lang='lat' dir='ltr'><strong>huma·</strong></span> 
     </span>
     <span class='ocr_line' id='line_1_92' title="bbox 1469 3597 2538 3668; baseline -0.007 -15"><span class='ocrx_word' id='word_1_523' title='bbox 1469 3615 1755 3668; x_wconf 80' lang='lat' dir='ltr'><strong>uarumque</strong></span> <span class='ocrx_word' id='word_1_524' title='bbox 1772 3610 1944 3650; x_wconf 84' lang='lat' dir='ltr'><strong>rerum</strong></span> <span class='ocrx_word' id='word_1_525' title='bbox 1961 3614 2075 3649; x_wconf 90' lang='lat' dir='ltr'><strong>cnm</strong></span> <span class='ocrx_word' id='word_1_526' title='bbox 2095 3597 2459 3648; x_wconf 79' lang='lat' dir='ltr'><strong>benevolentia</strong></span> <span class='ocrx_word' id='word_1_527' title='bbox 2478 3603 2538 3646; x_wconf 85' lang='lat' dir='ltr'><strong>et</strong></span> 
     </span>
     <span class='ocr_line' id='line_1_93' title="bbox 1468 3673 2491 3732; baseline -0.011 0"><span class='ocrx_word' id='word_1_528' title='bbox 1468 3683 1693 3732; x_wconf 76' lang='lat' dir='ltr'><strong>caritate</strong></span> <span class='ocrx_word' id='word_1_529' title='bbox 1715 3692 1911 3728; x_wconf 89' lang='lat' dir='ltr'><strong>summa</strong></span> <span class='ocrx_word' id='word_1_530' title='bbox 1932 3673 2237 3726; x_wconf 86' lang='lat' dir='ltr'><strong>consensio.’</strong></span> <span class='ocrx_word' id='word_1_531' title='bbox 2268 3673 2491 3724; x_wconf 74' lang='lat' dir='ltr'><strong>Patarol.</strong></span> 
     </span>
    </p>

    <p class='ocr_par' dir='ltr' id='par_1_14' title="bbox 1471 3750 2541 3885">
     <span class='ocr_line' id='line_1_94' title="bbox 1536 3750 2541 3820; baseline -0.004 -13"><span class='ocrx_word' id='word_1_532' title='bbox 1536 3752 1898 3820; x_wconf 68' lang='lat' dir='ltr'><strong>migraverant]</strong></span> <span class='ocrx_word' id='word_1_533' title='bbox 1931 3753 2109 3809; x_wconf 82' lang='lat' dir='ltr'><strong>Forte,</strong></span> <span class='ocrx_word' id='word_1_534' title='bbox 2129 3750 2541 3814; x_wconf 64' lang='lat' dir='ltr'><strong>migraverant.</strong></span> 
     </span>
     <span class='ocr_line' id='line_1_95' title="bbox 1471 3835 1641 3885; baseline -0.012 0"><span class='ocrx_word' id='word_1_535' title='bbox 1471 3835 1641 3885; x_wconf 77' lang='lat' dir='ltr'><strong>Lirin.</strong></span> 
     </span>
    </p>

    <p class='ocr_par' dir='ltr' id='par_1_15' title="bbox 1469 3902 2538 4197">
     <span class='ocr_line' id='line_1_96' title="bbox 1536 3902 2538 3971; baseline -0.008 -10"><span class='ocrx_word' id='word_1_536' title='bbox 1536 3907 1920 3971; x_wconf 77' lang='lat' dir='ltr'><strong>Assentationes]</strong></span> <span class='ocrx_word' id='word_1_537' title='bbox 1949 3904 2167 3957; x_wconf 74' lang='lat' dir='ltr'><strong>Ciceroz</strong></span> <span class='ocrx_word' id='word_1_538' title='bbox 2200 3902 2319 3955; x_wconf 85' lang='lat' dir='ltr'><strong>‘Sic</strong></span> <span class='ocrx_word' id='word_1_539' title='bbox 2338 3902 2538 3954; x_wconf 79' lang='lat' dir='ltr'><strong>haben-</strong></span> 
     </span>
     <span class='ocr_line' id='line_1_97' title="bbox 1471 3978 2538 4044; baseline -0.009 -5"><span class='ocrx_word' id='word_1_540' title='bbox 1471 3987 1594 4038; x_wconf 88' lang='lat' dir='ltr'><strong>dum</strong></span> <span class='ocrx_word' id='word_1_541' title='bbox 1624 3992 1721 4042; x_wconf 88' lang='lat' dir='ltr'><strong>est,</strong></span> <span class='ocrx_word' id='word_1_542' title='bbox 1745 3983 1935 4033; x_wconf 86' lang='lat' dir='ltr'><strong>nullam</strong></span> <span class='ocrx_word' id='word_1_543' title='bbox 1969 3981 2022 4031; x_wconf 91' lang='lat' dir='ltr'><strong>in</strong></span> <span class='ocrx_word' id='word_1_544' title='bbox 2053 3978 2295 4030; x_wconf 85' lang='lat' dir='ltr'><strong>amicitiis</strong></span> <span class='ocrx_word' id='word_1_545' title='bbox 2333 3985 2538 4044; x_wconf 86' lang='lat' dir='ltr'><strong>pestem</strong></span> 
     </span>
     <span class='ocr_line' id='line_1_98' title="bbox 1471 4056 2537 4126; baseline -0.009 -10"><span class='ocrx_word' id='word_1_546' title='bbox 1471 4079 1587 4116; x_wconf 88' lang='lat' dir='ltr'><strong>esse</strong></span> <span class='ocrx_word' id='word_1_547' title='bbox 1641 4061 1909 4126; x_wconf 77' lang='lat' dir='ltr'><strong>majorem,</strong></span> <span class='ocrx_word' id='word_1_548' title='bbox 1956 4071 2108 4124; x_wconf 87' lang='lat' dir='ltr'><strong>quam</strong></span> <span class='ocrx_word' id='word_1_549' title='bbox 2163 4056 2537 4121; x_wconf 82' lang='lat' dir='ltr'><strong>adulationem,</strong></span> 
     </span>
     <span class='ocr_line' id='line_1_99' title="bbox 1469 4132 2538 4197; baseline -0.012 -5"><span class='ocrx_word' id='word_1_550' title='bbox 1469 4139 1796 4195; x_wconf 82' lang='lat' dir='ltr'><strong>blanditiam,</strong></span> <span class='ocrx_word' id='word_1_551' title='bbox 1818 4132 2253 4186; x_wconf 85' lang='lat' dir='ltr'><strong>assentationem.’</strong></span> <span class='ocrx_word' id='word_1_552' title='bbox 2285 4133 2419 4197; x_wconf 77' lang='lat' dir='ltr'><strong>Lips.</strong></span> <span class='ocrx_word' id='word_1_553' title='bbox 2534 4182 2538 4188; x_wconf 71' lang='grc'><strong>,</strong></span> 
     </span>
    </p>

    <p class='ocr_par' dir='ltr' id='par_1_16' title="bbox 1470 4209 2536 4362">
     <span class='ocr_line' id='line_1_100' title="bbox 1497 4209 2536 4277; baseline -0.008 -8"><span class='ocrx_word' id='word_1_554' title='bbox 1497 4256 1502 4259; x_wconf 81' lang='grc'>-</span> <span class='ocrx_word' id='word_1_555' title='bbox 1537 4214 1686 4269; x_wconf 73' lang='lat' dir='ltr'><strong>Prior</strong></span> <span class='ocrx_word' id='word_1_556' title='bbox 1725 4212 1856 4277; x_wconf 83' lang='lat' dir='ltr'><strong>odio]</strong></span> <span class='ocrx_word' id='word_1_557' title='bbox 1908 4210 2058 4274; x_wconf 63' lang='lat' dir='ltr'><strong>Peior</strong></span> <span class='ocrx_word' id='word_1_558' title='bbox 2097 4212 2230 4261; x_wconf 83' lang='lat' dir='ltr'><strong>ordo.</strong></span> <span class='ocrx_word' id='word_1_559' title='bbox 2311 4210 2437 4263; x_wconf 69' lang='lat' dir='ltr'><strong>odio</strong></span> <span class='ocrx_word' id='word_1_560' title='bbox 2479 4209 2536 4262; x_wconf 88' lang='lat' dir='ltr'><strong>in</strong></span> 
     </span>
     <span class='ocr_line' id='line_1_101' title="bbox 1470 4289 1916 4362; baseline -0.011 -15"><span class='ocrx_word' id='word_1_561' title='bbox 1470 4294 1709 4362; x_wconf 72' lang='lat' dir='ltr'><strong>margine</strong></span> <span class='ocrx_word' id='word_1_562' title='bbox 1742 4289 1916 4343; x_wconf 74' lang='lat' dir='ltr'><strong>Lirin.</strong></span> 
     </span>
    </p>
   </div>
  </div>
 </body>
</html>
