3017 4942
414 439 419 446 .
492 353 624 420 570

496 515 587 565 Sic
608 513 839 580 loquitur
861 513 1071 565 Phoedr.
1103 529 1160 566 v.
1194 518 1245 565 7.
1277 516 1294 544 ‘
1317 516 1558 567 Accessit

490 593 651 649 alter,
694 606 843 655 aeque
881 590 1122 642 defectus
1163 592 1316 656 pilis.'
1399 593 1557 644 ovid.

497 668 632 719 Met.
660 682 715 717 v·
734 672 850 719 106.
885 669 1181 734 ‘Sanguine
1210 668 1446 720 defectos
1468 684 1556 721 ce·

488 744 626 794 cidit
658 744 917 807 collapsus
954 745 1004 795 in
1028 744 1206 794 artus.'
1270 746 1390 796 Val.
1413 743 1557 797 Flac.

496 835 602 870 vn.
629 827 743 871 116.
764 821 917 871 ‘Solo
940 829 1120 872 maeret
1130 820 1343 872 defecta
1364 823 1559 872 cubili.’

498 899 702 949 Seneca
729 898 946 961 Hippoi.
987 906 1061 947 vs'.
1086 902 1201 949 375.
1265 907 1281 930 ‘
1301 900 1458 950 Vadit
1479 901 1557 951 iu-

497 982 644 1026 certo
678 976 810 1039 pede
839 974 1082 1031 Pbaedra,
1107 976 1221 1039 jam
1247 974 1444 1025 viribus
1465 977 1555 1026 de-

497 1050 675 1103 fecta?
742 1052 828 1102 Ne
853 1066 975 1101 vero
1007 1060 1158 1113 putea
1199 1053 1334 1101 solos
1375 1051 1557 1117 poetas

493 1131 570 1178 ita
594 1127 755 1193 loqui,
780 1127 899 1177 audi
925 1133 979 1177 et
1007 1127 1120 1177 Val.
1142 1128 1287 1177 Max.
1312 1142 1415 1177 vn.
1429 1133 1479 1178 0.
1501 1133 1554 1180 2.

498 1206 515 1232 ‘
534 1205 840 1255 Casilinates
897 1203 1255 1253 alimentorum
1308 1203 1556 1254 facultate

495 1280 751 1332 defecti.’·
800 1280 949 1331 Idem
973 1295 1060 1331 m-
1081 1287 1131 1331 2.
1155 1289 1267 1331 ext.
1296 1282 1312 1310 ⁴
1328 1283 1425 1331 Vir
1446 1298 1554 1348 am-

496 1359 755 1423 plissimus
796 1363 949 1423 atque
995 1357 1423 1423 prudentissimus
1458 1374 1554 1409 suo

494 1436 709 1486 consilio
753 1433 1013 1498 defectus,
1058 1436 1242 1499 puerili
1287 1451 1406 1485 usus
1437 1434 1555 1486 eat.’

495 1515 644 1563 Bene
667 1520 837 1563 autem
852 1513 1230 1577 sapienterque
1264 1513 1420 1563 docet
1445 1514 1553 1563 Pli-

494 1591 791 1652 nius,illum
826 1589 1109 1654 principem
1148 1586 1301 1639 facile
1335 1590 1553 1639 exitium

492 1675 551 1716 et
597 1680 835 1717 occasum
888 1665 1092 1729 imperii
1144 1667 1553 1716 acceleraturum

492 1757 627 1806 esse,
650 1743 735 1808 qui
774 1743 906 1793 solos
942 1743 1208 1806 primores,
1250 1750 1304 1792 et
1339 1744 1554 1802 nobiles,

491 1820 740 1884 ditesque
762 1818 916 1876 „tueri
961 1819 1125 1881 velit3
1158 1828 1343 1870 contra
1370 1829 1553 1871 autem

489 1897 791 1959 inferiores,
814 1904 870 1946 et
898 1894 1102 1960 plebem
1122 1895 1406 1960 pauperem
1428 1913 1555 1963 ueg-

376 1991 401 2014 0
490 1977 640 2041 ligat,
665 1991 833 2041 neque
855 1976 963 2041 ejus
988 1977 1236 2026 rationem
1271 1991 1552 2042 curamque

492 2053 705 2104 habeat.
767 2055 936 2106 Quam
963 2068 1140 2118 parum
1158 2053 1293 2103 enim
1310 2054 1460 2105 homo
1480 2056 1554 2105 vi·

494 2144 639 2194 vere,
664 2138 912 2195 recteque
933 2131 1122 2195 valere,
1144 2139 1198 2181 et
1221 2130 1380 2181 firmia
1407 2133 1553 2196 pedi·

487 2207 589 2258 bus
611 2215 750 2258 stare
775 2214 970 2271 potest,
1003 2209 1155 2273 cujus
1190 2218 1351 2274 caput
1387 2212 1551 2260 solum

488 2280 750 2349 superest,v
791 2285 903 2335 sine
948 2292 1135 2335 trunco
1189 2294 1247 2336 et
1305 2284 1551 2337 inferiore

491 2375 748 2426 corpore3
781 2371 885 2412 tam
926 2377 1105 2426 parum
1129 2362 1288 2413 etiam
1320 2372 1462 2414 stare
1493 2372 1553 2414 et

488 2435 675 2489 florere
708 2447 880 2504 potest
917 2453 996 2490 res
1027 2439 1253 2504 publica,
1292 2440 1380 2491 nbi
1414 2442 1552 2493 solua

487 2517 753 2582 princeps3
776 2524 831 2568 et
855 2531 970 2567 cum
999 2517 1111 2582 ipso
1130 2531 1399 2581 proceres,
1435 2526 1551 2568 tan·

488 2606 640 2657 qnam
663 2595 858 2659 capita,
881 2594 1011 2644 bene
1032 2609 1088 2643 se
1111 2594 1375 2656 habeaut3
1402 2595 1550 2658 plebs

486 2684 632 2736 vero,
656 2678 713 2722 et
738 2664 1018 2737 pauperes,
1050 2672 1101 2719 in
1134 2671 1246 2721 dies
1281 2671 1553 2736 deficiant,

478 2754 576 2796 aut
599 2748 878 2811 intereant,
898 2755 952 2797 et
971 2748 1114 2798 velut
1142 2763 1172 2797 a
1194 2748 1549 2811 superioribus

490 2824 731 2886 partibus
747 2821 1046 2889 reipublicae
1071 2837 1282 2887 prorsus
1307 2838 1553 2887 separen-

428 2905 429 2910 ’
488 2906 591 2949 tur.
655 2901 899 2951 Pertinet
935 2900 1035 2951 huc
1071 2900 1263 2950 eximia
1290 2901 1553 2951 sententia

488 2977 601 3028 Cic.
625 2991 654 3027 e
677 2978 904 3027 Platone
937 2978 1189 3041 repetita,
1217 2974 1372 3026 Offic.
1405 2991 1447 3026 1.
1468 2982 1553 3027 26.

487 3053 770 3115 ‘Omnino,
806 3053 892 3117 qui
931 3052 1233 3117 reipublicae
1275 3052 1552 3115 praei'uturi

485 3135 625 3191 suut,
648 3128 750 3178 duo
766 3127 1000 3177 Platonis
1026 3134 1290 3191 praecepta
1306 3135 1551 3180 teneant:

487 3217 664 3268 unum,
681 3212 739 3253 ut
763 3203 1040 3254 utilitatem
1064 3204 1251 3254 civium
1275 3206 1349 3256 sic
1370 3213 1552 3257 tuean-

486 3288 592 3350 tur,
613 3289 687 3337 ut,
709 3295 1035 3346 qnaecuuque
1052 3291 1233 3346 agunt,
1254 3283 1318 3332 ad
1339 3298 1450 3333 eam
1468 3300 1550 3335 re·

484 3357 676 3420 ferant,
711 3358 862 3408 obliti
903 3358 1284 3408 commodorum
1312 3375 1548 3412 suorumt

485 3434 723 3493 alterum,
759 3443 818 3485 ut
842 3442 1009 3485 totum
1033 3450 1223 3500 corpus
1249 3437 1548 3501 reipublicae

483 3519 668 3562 curent
690 3528 708 3575 ς
763 3526 849 3572 ne,
903 3511 1024 3561 dum
1081 3519 1283 3576 partem
1329 3514 1550 3578 aliquam

483 3595 713 3651 tueatur,
757 3588 983 3654 reliquas
1028 3589 1291 3639 deserant.
1326 3624 1339 3639 .
1365 3623 1381 3639 .
1406 3625 1419 3640 .
1444 3593 1548 3643 Qui

482 3673 655 3716 autem
696 3667 834 3730 parti
872 3667 1061 3716 civium
1097 3669 1394 3731 consulunt,
1431 3684 1548 3732 pai·-

482 3751 590 3795 tem
612 3744 901 3808 negligunt,
935 3757 1041 3793 rem
1061 3744 1550 3807 perniciosissimam

480 3821 535 3870 in
559 3820 822 3872 civitatem
850 3819 1123 3885 inducunt,
1138 3819 1444 3869 seditionem
1469 3828 1547 3870 at-

483 3912 586 3962 que
627 3897 972 3957 discordiam3
1008 3911 1075 3946 ex
1112 3911 1215 3960 quo
1258 3898 1453 3954 evenit,
1474 3906 1546 3964 ‘nt

483 3975 569 4024 alii
593 3974 892 4038 populares,
914 3973 999 4021 alii
1022 3973 1240 4023 studiosi
1265 3974 1446 4037 optimi
1461 3990 1549 4024 cu·

477 4052 692 4114 jusque,
735 4049 1028 4108 videantur,
1083 4050 1241 4113 pauci
1282 4051 1546 4102 universo·

484 4125 634 4179 rum.'
667 4127 819 4177 Idem.
1531 4161 1538 4170 .

486 4209 491 4216 '
547 4193 802 4264 Desectam
823 4201 1041 4267 corpore]
1066 4202 1301 4253 Martial-
1319 4217 1447 4255 xm.
1464 4210 1549 4258 77.

466 4288 493 4326 r
514 4281 706 4332 Dulcia
739 4280 946 4331 defecta
982 4277 1281 4330 modulatur
1315 4282 1549 4332 carmina

1594 3072 1606 3079 ⁵
1625 3056 1681 3105 in
1737 3070 1883 3120 spem
1941 3055 2326 3104 alimentorum.
2343 3052 2358 3075 ’

1196 369 1414 421 No‘rAE
1462 372 1563 421 vA
1578 369 1873 423 molum
1922 373 2005 424 m

1634 516 1811 581 lingna
1833 520 2083 571 Cantator
2117 533 2311 585 cygnus
2348 520 2544 573 funeris
2578 521 2697 588 ipse

1634 595 1747 645 sui-⁹
1780 596 1934 648 Ber-n.

1627 693 1636 698 ·
1699 672 1864 722 Facile
1898 678 1969 722 est
1997 672 2285 740 conjectare]
2318 676 2497 727 Codex
2528 677 2696 727 Guel-

1631 747 1987 813 plierbytanus
2021 758 2077 799 et
2098 759 2318 816 uterque
2343 753 2475 803 liber
2496 753 2697 804 Gudia-

1631 839 1750 886 nus,
1800 841 1897 891 pro
1938 827 2198 888 coniectare
2230 830 2425 881 habent
2463 831 2694 892 cogitare.

1633 901 1738 952 Sed
1780 904 1920 954 salva
1942 904 2102 956 debet
2139 921 2259 957 esse
2279 907 2490 971 vulgata
2514 907 2694 958 lectio.

1632 981 1858 1031 Verbum
1878 981 1933 1030 id
1955 990 2038 1032 est
2061 982 2387 1034 Plinianumz
2414 983 2586 1047 Epist.
2604 997 2693 1033 ur.

1631 1061 1681 1107 9.
1700 1060 1815 1109 26.*
1838 1058 2210 1121 Conjeetabis:
2234 1060 2420 1125 inquit,
2441 1062 2458 1088 ‘
2474 1075 2539 1111 ex
2564 1059 2696 1110 hoc-³

1632 1131 1804 1197 Epist.
1830 1148 1934 1184 vu.
1956 1139 2035 1184 27.
2074 1139 2157 1185 14.
2193 1137 2306 1185 ‘Ex
2342 1150 2445 1199 quo
2485 1137 2695 1200 conjec-

1633 1210 1732 1259 tari
1769 1210 1978 1274 potest!
2039 1212 2226 1276 Supra,
2264 1213 2461 1274 Paneg.
2501 1225 2601 1262 xx.
2640 1219 2695 1261 et

1631 1286 1800 1348 Epist.
1824 1302 1912 1338 m.
1934 1280 2085 1339 2706.
2122 1287 2253 1338 dicit
2294 1295 2308 1317 ⁸
2333 1289 2692 1350 conjecturam

1630 1360 1858 1420 facere).
1909 1364 1997 1414 Sic
2031 1371 2086 1414 et
2113 1365 2511 1421 Quinctiliauus,
2537 1364 2694 1414 Plinii

1631 1449 1947 1507 praeceptor,
1979 1443 2163 1493 Iustit.
2190 1441 2345 1493 Orat.
2370 1456 2476 1492 vn.
2495 1446 2546 1493 3.
2582 1442 2598 1469 ‘
2620 1442 2693 1491 U-

1633 1526 1769 1568 trum
1805 1520 1873 1568 sit
1908 1520 1960 1568 in
1995 1533 2071 1578 re,
2107 1516 2407 1582 conjectat.’
2471 1517 2615 1570 Quin
2639 1523 2695 1568 et

1629 1603 1749 1645 ante
1772 1596 1862 1648 bos
1884 1598 2104 1647 Terent.
2125 1598 2260 1646 Eun.
2286 1608 2374 1645 m.
2394 1598 2445 1648 4.
2463 1600 2515 1644 5.
2545 1602 2562 1625 ‘
2584 1596 2693 1645 Ne-

1631 1686 1730 1737 que
1744 1673 1870 1731 scio,
1887 1673 2007 1735 quid
2024 1673 2215 1736 dicam,
2237 1681 2328 1723 aut
2346 1672 2466 1737 quid
2483 1672 2694 1736 conjec-

1630 1749 1777 1799 tem.’
1826 1750 2072 1802 Selium.

1692 1827 1852 1877 Aures
1888 1833 1996 1878 tuas
2029 1827 2222 1891 imbuit]
2268 1825 2447 1877 Codex
2481 1825 2694 1876 Vatica-

1628 1916 1723 1953 nus
1752 1907 1899 1955 8461.
1943 1918 2040 1969 pro
2080 1904 2251 1953 imbuit
2288 1902 2523 1953 ostendit
2558 1903 2693 1952 inca·

1628 1979 1750 2030 buit.
1818 1982 1949 2032 Qnae
1975 1979 2197 2031 varietas
2230 1980 2435 2030 inanem
2464 1978 2694 2042 quidem,

1629 2056 2055 2120 qualemcumque
2098 2063 2293 2112 tamen,
2333 2068 2442 2119 prae
2485 2068 2545 2103 se
2586 2053 2692 2105 fert

1625 2131 1871 2195 speciem.
1939 2131 2016 2182 At
2059 2132 2202 2180 nullo
2245 2129 2398 2179 modo
2436 2137 2692 2192 exputare

1627 2221 1852 2272 possum,
1884 2207 2141 2273 quomodo
2176 2206 2370 2255 librarii
2407 2208 2616 2263 inertes,
2639 2206 2691 2255 in

1627 2282 2209 2334 codicibus.Vaticanis
2256 2287 2400 2333 1475.
2445 2288 2503 2333 et
2544 2285 2693 2335 1476.

1627 2361 1755 2411 item
1794 2362 1845 2410 in
1884 2360 2184 2415 Parisiensi,
2208 2360 2428 2416 Veneto,
2464 2364 2519 2408 et
2555 2373 2694 2416 meo,

1626 2438 1679 2488 in
1700 2451 2022 2490 communem
2055 2437 2331 2487 inciderint
2360 2437 2693 2497 error-emim

1626 2531 1722 2581 pro
1758 2517 1930 2566 imbuit
1973 2516 2239 2580 pinxerint
2284 2513 2530 2572 imbutas,-
2574 2526 2690 2578 quae

1628 2609 1728 2645 vox
1752 2595 1910 2644 etiam
1943 2591 2260 2658 conspicitur
2281 2590 2334 2639 in
2359 2590 2491 2642 libro
2515 2590 2693 2639 Vossi-

1626 2684 1748 2719 ano.
1797 2669 1951 2719 Idem.

1623 2765 1633 2782 ⁴
1695 2744 1919 2795 Balarus
1938 2744 2190 2810 alimenta]
2229 2742 2388 2808 Atqui
2421 2742 2490 2793 de
2513 2742 2693 2807 congi-

1629 2823 1735 2873 ario
1751 2823 1885 2873 dixit
1900 2830 2121 2883 tantum,
2138 2821 2273 2886 quod
2291 2836 2413 2871 saue
2430 2819 2692 2870 diversum

1630 2898 1697 2949 ab
1722 2900 1833 2949 istis
1854 2916 1868 2949 ε
1893 2908 1949 2950 et
1974 2897 2106 2949 infra
2128 2912 2316 2949 xxvii.
2346 2902 2391 2948 l.
2411 2899 2486 2946 bis
2506 2903 2692 2963 terque

1628 2976 1919 3041 disjungit:
1957 2977 2055 3027 ‘Iu
2102 2990 2245 3040 spem
2289 2975 2693 3039 congiariornm,

2470 3052 2691 3117 lterum,

1629 3138 1643 3160 ‘
1669 3131 2002 3194 Congiarium
2028 3131 2117 3179 das
2139 3128 2205 3178 de
2232 3135 2340 3184 tuo,
2353 3127 2598 3177 alimenta
2623 3128 2692 3179 de

1629 3207 1758 3259 tuo.’
1826 3208 2052 3258 Diversa
2081 3206 2193 3256 haec
2232 3205 2418 3267 igitnrz
2456 3205 2548 3254 sed
2580 3205 2690 3269 opi·

1627 3286 1739 3335 uari
1763 3285 1910 3342 licet,
1933 3283 2068 3349 quod
2091 3282 2178 3347 qui
2212 3282 2274 3330 ad
2313 3277 2577 3345 congiaria
2602 3282 2693 3330 ad-

1628 3362 1787 3419 missi,
1826 3362 1982 3411 iidem
2020 3361 2084 3410 ad
2107 3358 2388 3411 frumenta.
2455 3359 2594 3409 Nam
2619 3359 2692 3408 sic

1627 3441 1856 3490 alimenta
1896 3437 2230 3502 interpretari
2268 3435 2593 3499 Capitolinus
2620 3436 2693 3484 vi·

1627 3517 1783 3567 detur
1805 3517 1856 3566 iu
1895 3513 2468 3565 Antonino:.‘Pueros
2506 3520 2563 3562 et
2599 3528 2690 3577 pu-

1627 3594 1755 3643 ellas
1778 3607 2030 3643 novorum
2055 3590 2315 3640 hominum
2340 3588 2692 3640 frumentariae

1626 3669 1953 3735 perceptioni
1978 3664 2310 3730 adscripsit?
2344 3673 2403 3716 ut
2434 3674 2578 3729 puto,
2602 3682 2692 3716 ex·

1625 3748 1797 3811 emplo
1822 3746 1920 3796 isto
1940 3743 2168 3808 Trajani,
2198 3740 2291 3792 sed
2333 3747 2387 3791 et
2411 3742 2691 3804 Hadriani,

1624 3823 1689 3872 de
1720 3837 1822 3889 quo
1856 3820 2233 3885 Spartianusss
2253 3818 2438 3868 Pueris
2459 3832 2522 3868 ac
2547 3820 2691 3883 puel·

1622 3901 1706 3965 lis,
1730 3899 1915 3964 quibus
1954 3897 2113 3948 etiam
2152 3896 2404 3959 Trajauus
2442 3897 2691 3946 alimenta

1624 3977 1904 4036 detulerat,
1944 3975 2321 4024 incrementum
2361 3971 2690 4021 liberalitatis

1624 4051 1859 4119 adjecit!
1928 4052 2042 4103 Etsi
2066 4050 2205 4100 haud
2231 4063 2436 4110 negem,
2455 4050 2692 4112 potuisse

1624 4139 1681 4181 et
1705 4132 1755 4180 in
1781 4129 2016 4195 pecnniae
2046 4125 2202 4177 modo
2226 4126 2336 4175 haec
2359 4126 2609 4181 alimenta
2632 4126 2690 4174 fi-

1624 4207 1740 4258 niri.
1801 4206 1910 4257 Sed
1935 4207 2048 4256 hoee
2086 4217 2225 4253 nuuc
2257 4219 2287 4252 a
2316 4202 2545 4266 Trajauo
2588 4204 2687 4252 Ro·

1623 4297 1756 4334 maez
1796 4290 1985 4349 postea⁴
1999 4294 2094 4346 per
2117 4279 2322 4331 Italiam
2348 4278 2480 4348 lianc
2506 4281 2686 4329 libera·
